Datum,<15_1_m,<15_1_w,15-24_1_m,15-24_1_w,25-34_1_m,25-34_1_w,35-44_1_m,35-44_1_w,45-54_1_m,45-54_1_w,55-64_1_m,55-64_1_w,65-74_1_m,65-74_1_w,75-84_1_m,75-84_1_w,>84_1_m,>84_1_w,<15_2_m,<15_2_w,15-24_2_m,15-24_2_w,25-34_2_m,25-34_2_w,35-44_2_m,35-44_2_w,45-54_2_m,45-54_2_w,55-64_2_m,55-64_2_w,65-74_2_m,65-74_2_w,75-84_2_m,75-84_2_w,>84_2_m,>84_2_w,bp_1,bp_2,mo_1,mo_2,az_1,az_2,ja,unb_1,unb_2
2021-10-26T23:59:59+02:00,48248,45472,305971,292830,409732,377752,419812,411592,479860,487652,527149,526590,356016,397328,248155,318426,73189,134412,40341,37961,279452,268788,384387,351769,397763,387568,458015,463550,507619,507041,346417,386226,241746,309512,70518,128775,4199909,3970341,529620,509118,808588,765216,323481,588,545
2021-10-25T23:59:59+02:00,48114,45351,305518,292438,409223,377394,419372,411307,479487,487404,526980,526458,355982,397276,248143,318406,73184,134408,40282,37906,279242,268615,384156,351607,397603,387444,457875,463438,507523,506975,346396,386199,241738,309494,70516,128766,4196739,3969221,529558,509076,808586,765212,322974,588,545
2021-10-24T23:59:59+02:00,47904,45174,304973,291971,408559,376893,418870,410897,479077,487095,526760,526269,355920,397193,248110,318372,73176,134395,40095,37746,278795,268164,383705,351214,397265,387132,457614,463187,507357,506803,346308,386109,241704,309435,70505,128754,4192630,3966053,529405,508945,808582,765200,322402,588,545
2021-10-23T23:59:59+02:00,47870,45141,304812,291839,408347,376749,418715,410759,478964,487007,526685,526221,355901,397169,248106,318366,73176,134392,40057,37704,278706,268061,383588,351142,397186,387057,457542,463126,507321,506770,346289,386095,241703,309429,70504,128753,4191458,3965413,529344,508883,808580,765197,322248,588,545
2021-10-22T23:59:59+02:00,47617,44909,304041,291276,407471,376061,417986,410215,478397,486537,526332,525972,355844,397100,248086,318331,73170,134380,39810,37467,278154,267542,383098,350711,396778,386700,457246,462860,507102,506603,346223,386031,241681,309387,70498,128743,4185878,3961838,529073,508720,808578,765179,321605,588,545
2021-10-21T23:59:59+02:00,47150,44466,302955,290417,406284,375119,417018,409432,477574,485903,525799,525599,355719,396959,248019,318226,73149,134331,39245,36917,277113,266514,382208,349857,396071,385942,456623,462299,506690,506252,346071,385833,241599,309239,70474,128702,4177481,3954174,528804,508347,808572,765167,320669,588,545
2021-10-20T23:59:59+02:00,46931,44216,302358,289877,405615,374510,416478,408989,477146,485537,525515,525365,355624,396837,247950,318133,73123,134278,38832,36545,276380,265772,381602,349205,395557,385346,456204,461851,506343,505938,345897,385632,241505,309100,70437,128630,4172337,3947836,528663,508173,808568,765156,320319,587,545
2021-10-19T23:59:59+02:00,46649,43942,301819,289405,405118,374060,416110,408659,476871,485265,525285,525156,355505,396706,247887,318035,73090,134222,38382,36094,275494,264948,380899,348504,395082,384807,455801,461391,506009,505614,345711,385400,241401,308947,70401,128549,4168108,3941027,528544,508003,808565,765141,319972,587,544
2021-10-18T23:59:59+02:00,46458,43755,301297,288946,404628,373631,415760,408320,476605,485026,525065,524957,355410,396586,247823,317926,73065,134172,38103,35843,274859,264270,380354,347869,394665,384319,455465,461008,505721,505343,345560,385254,241315,308821,70370,128500,4164307,3935787,528350,507822,808562,765123,319614,587,544
2021-10-17T23:59:59+02:00,46349,43637,300981,288691,404373,373382,415553,408157,476456,484873,524964,524837,355346,396530,247798,317878,73049,134136,37857,35587,274352,263770,379990,347493,394387,383989,455224,460780,505560,505176,345472,385145,241278,308753,70348,128449,4162152,3932157,528274,507667,808561,765088,319404,587,544
2021-10-16T23:59:59+02:00,46320,43605,300905,288629,404300,373325,415511,408111,476412,484838,524940,524822,355340,396522,247794,317872,73047,134134,37817,35543,274246,263661,379910,347423,394329,383918,455184,460735,505533,505152,345464,385136,241275,308748,70347,128444,4161676,3931547,528261,507608,808561,765086,319330,587,544
2021-10-15T23:59:59+02:00,46171,43443,300473,288289,403933,373005,415221,407852,476171,484615,524785,524688,355288,396482,247776,317840,73038,134118,37589,35298,273689,263082,379506,347035,393994,383578,454908,460459,505337,504983,345402,385061,241234,308702,70342,128423,4158864,3927827,528139,507396,808557,765076,319028,587,544
2021-10-14T23:59:59+02:00,45841,43118,299692,287592,403307,372355,414716,407397,475752,484211,524467,524409,355167,396349,247708,317737,73001,134049,37037,34733,272450,261823,378704,346086,393312,382747,454265,459816,504914,504567,345172,384837,241123,308543,70311,128373,4153380,3919162,527893,506895,808552,765021,318440,587,544
2021-10-13T23:59:59+02:00,45534,42842,299127,287049,402831,371851,414325,407002,475423,483883,524206,524165,355040,396204,247634,317627,72969,133985,36706,34453,271685,261026,378110,345343,392795,382117,453847,459357,504554,504208,344998,384638,241025,308352,70275,128294,4148812,3912872,527718,506624,808548,764975,318017,586,544
2021-10-12T23:59:59+02:00,45212,42571,298478,286506,402315,371315,413924,406616,475117,483575,523957,523930,354931,396064,247585,317541,72942,133934,36412,34164,270854,260172,377424,344629,392261,381556,453433,458930,504197,503865,344780,384420,240918,308200,70234,128186,4144157,3906319,527545,506403,808540,764951,317669,585,542
2021-10-11T23:59:59+02:00,44968,42348,297900,286030,401836,370860,413523,406265,474816,483280,523721,523732,354821,395947,247512,317447,72907,133867,36126,33909,270103,259443,376757,343954,391779,381012,453055,458490,503868,503564,344588,384225,240820,308051,70191,128099,4140058,3900474,527370,506121,808529,764926,317220,585,542
2021-10-10T23:59:59+02:00,44811,42218,297545,285750,401499,370556,413293,406017,474639,483094,523583,523605,354771,395893,247486,317406,72888,133834,35959,33782,269627,259026,376302,343491,391448,380673,452766,458207,503645,503388,344495,384124,240764,307982,70174,128065,4137670,3896873,527233,505999,808522,764893,316859,585,542
2021-10-09T23:59:59+02:00,44781,42193,297447,285675,401415,370498,413232,405965,474591,483046,523558,523588,354763,395879,247484,317402,72887,133833,35909,33728,269511,258921,376204,343393,391365,380598,452708,458153,503611,503358,344485,384110,240758,307974,70173,128063,4137166,3896170,527198,505926,808519,764882,316750,585,542
2021-10-08T23:59:59+02:00,44544,41986,296952,285277,400971,370124,412934,405671,474311,482827,523350,523422,354701,395818,247448,317351,72869,133819,35701,33451,268949,258363,375783,342963,390990,380225,452435,457832,503433,503200,344419,384027,240724,307929,70162,128051,4133830,3892366,527074,505762,808515,764863,316351,585,542
2021-10-07T23:59:59+02:00,44164,41564,295983,284427,400206,369367,412301,405062,473803,482345,522949,523104,354571,395644,247354,317238,72836,133757,35049,32793,267573,256973,374798,341783,390188,379228,451729,457087,502884,502698,344165,383749,240585,307751,70103,127960,4127034,3882722,526843,504572,808506,764821,315686,585,541
2021-10-06T23:59:59+02:00,43908,41308,295290,283851,399698,368871,411912,404645,473454,482041,522676,522855,354432,395494,247273,317117,72811,133680,34725,32480,266834,256165,374259,341125,389713,378692,451311,456641,502535,502344,343994,383538,240474,307607,70073,127881,4122269,3876652,526712,504463,808502,764790,315191,585,541
2021-10-05T23:59:59+02:00,43592,41014,294590,283183,399077,368254,411400,404164,473074,481648,522392,522553,354287,395336,247190,316961,72778,133569,34426,32166,266024,255331,373575,340391,389176,378081,450810,456176,502185,501988,343805,383323,240363,307434,70026,127807,4116888,3870240,526574,504322,808495,764768,314461,585,541
2021-10-04T23:59:59+02:00,43318,40776,293777,282493,398379,367684,410926,403709,472678,481264,522099,522287,354157,395166,247116,316837,72746,133477,34123,31850,265131,254398,372865,339620,388589,377490,450339,455644,501804,501622,343614,383094,240208,307267,69986,127720,4111781,3863577,526428,504213,808488,764729,313548,584,541
2021-10-03T23:59:59+02:00,43155,40629,293383,282087,397974,367333,410626,403465,472468,481035,521926,522125,354075,395072,247064,316747,72736,133439,33943,31716,264644,253977,372412,339215,388235,377097,450069,455336,501557,501390,343489,382950,240146,307174,69968,127689,4108987,3860019,526329,504102,808463,764674,312915,584,541
2021-10-02T23:59:59+02:00,43122,40592,293260,281963,397857,367246,410546,403387,472407,480977,521894,522094,354061,395049,247063,316744,72734,133437,33896,31678,264506,253847,372312,339126,388158,377019,450012,455285,501527,501351,343477,382928,240144,307167,69966,127689,4108307,3859326,526251,504045,808461,764651,312769,584,541
2021-10-01T23:59:59+02:00,42913,40338,292649,281412,397308,366758,410100,403010,472074,480715,521632,521914,353978,394973,247034,316695,72722,133419,33597,31390,263848,253201,371824,338695,387779,376645,449687,454967,501303,501156,343401,382862,240119,307123,69957,127672,4104457,3855462,526107,503889,808453,764597,311981,584,541
2021-09-30T23:59:59+02:00,42519,39944,291533,280335,396313,365802,409310,402225,471417,480051,521131,521519,353814,394766,246935,316565,72696,133350,33059,30846,262654,252032,370964,337775,387079,375824,449084,454324,500833,500760,343232,382639,240041,306965,69928,127620,4096849,3848436,525767,502882,808432,764516,310526,583,541
2021-09-29T23:59:59+02:00,42181,39640,290773,279594,395588,365102,408767,401646,470923,479569,520769,521212,353634,394564,246857,316431,72666,133283,32762,30538,261908,251274,370331,337127,386623,375249,448665,453873,500482,500418,343062,382458,239949,306802,69906,127562,4091004,3843000,525610,502732,808424,764448,309508,583,541
2021-09-28T23:59:59+02:00,41848,39329,289903,278767,394797,364390,408164,401082,470405,479063,520390,520854,353427,394344,246761,316276,72625,133181,32450,30267,261044,250488,369626,336488,386114,374723,448222,453418,500129,500072,342881,382255,239854,306657,69879,127506,4084746,3837490,525485,502584,808416,764394,308303,583,541
2021-09-27T23:59:59+02:00,41432,38947,289025,277932,394006,363675,407609,400493,469931,478542,519990,520525,353267,394147,246675,316156,72593,133088,32129,29908,260027,249565,368771,335685,385455,374050,447682,452877,499727,499711,342698,382023,239763,306523,69854,127442,4079094,3831327,525325,502432,808409,764287,306542,583,541
2021-09-26T23:59:59+02:00,41056,38643,288458,277403,393513,363233,407268,400145,469637,478256,519780,520338,353159,394049,246630,316084,72572,133045,31971,29774,259525,249106,368330,335288,385116,373683,447395,452583,499521,499524,342607,381931,239705,306450,69838,127405,4075424,3828382,525183,502283,808385,764171,305614,583,541
2021-09-25T23:59:59+02:00,41002,38582,288289,277236,393358,363111,407151,400056,469546,478172,519719,520295,353147,394029,246621,316075,72570,133042,31928,29719,259361,248953,368184,335162,384996,373583,447326,452482,499459,499490,342587,381908,239695,306437,69838,127403,4074669,3827670,525109,502223,808383,764140,305176,583,541
2021-09-24T23:59:59+02:00,40804,38369,287654,276582,392713,362544,406629,399572,469097,477767,519420,520053,353042,393944,246580,316022,72564,133017,31668,29462,258701,248268,367576,334624,384547,373141,446908,452125,499137,499244,342471,381802,239651,306383,69826,127379,4070911,3823959,524960,502121,808373,764070,303461,583,540
2021-09-23T23:59:59+02:00,40171,37702,285947,274916,391233,361186,405437,398363,468048,476800,518667,519368,352741,393665,246445,315804,72520,132901,31275,29047,257402,247185,366423,333640,383611,372312,446100,451395,498542,498734,342238,381561,239537,306230,69798,127301,4061017,3817901,524552,501849,808362,763971,299307,583,540
2021-09-22T23:59:59+02:00,39836,37384,284946,273936,390382,360335,404684,397594,467383,476196,518129,518928,352512,393395,246333,315606,72471,132816,30987,28783,256624,246436,365674,332957,382985,371716,445588,450876,498078,498386,342035,381352,239434,306093,69764,127238,4054162,3812816,524336,501679,808339,763855,297350,583,540
2021-09-21T23:59:59+02:00,39419,36901,283866,272853,389416,359427,403924,396838,466756,475605,517679,518496,352286,393131,246229,315427,72417,132708,30669,28506,255767,245585,364914,332241,382348,371113,445091,450390,497663,497984,341839,381146,239326,305929,69730,127152,4046562,3807201,524176,501480,808329,763776,295628,583,540
2021-09-20T23:59:59+02:00,39066,36623,282729,271779,388366,358490,403096,396032,466054,474990,517184,518041,352040,392904,246118,315244,72373,132611,30285,28135,254646,244603,363926,331400,381555,370344,444368,449813,497203,497541,341614,380930,239218,305742,69694,127076,4039518,3800719,524031,501305,808314,763572,293188,583,538
2021-09-19T23:59:59+02:00,38905,36488,282135,271368,387790,358001,402688,395635,465711,474676,516917,517809,351955,392778,246079,315164,72362,132572,30168,28015,254132,244167,363422,330976,381130,370007,443998,449468,496920,497321,341506,380802,239161,305656,69683,127045,4036177,3797891,523889,501122,808293,763273,291982,583,538
2021-09-18T23:59:59+02:00,38851,36417,281974,271209,387591,357839,402505,395493,465600,474562,516850,517750,351939,392765,246071,315155,72360,132568,30039,27886,253819,243821,363169,330724,380892,369816,443836,449334,496827,497232,341476,380776,239142,305636,69680,127037,4035228,3796016,523774,501041,808290,763260,291513,583,538
2021-09-17T23:59:59+02:00,38519,36051,281073,270378,386796,357082,401779,394836,464989,474036,516470,517387,351789,392620,246008,315086,72336,132537,29772,27619,253076,243141,362482,330127,380298,369316,443371,448923,496490,496943,341356,380640,239092,305557,69667,127016,4029890,3792241,523438,500638,808281,763229,289464,582,538
2021-09-16T23:59:59+02:00,37949,35454,279488,268815,385441,355625,400573,393516,463974,473054,515698,516690,351471,392293,245878,314899,72288,132445,29337,27198,251931,242127,361522,329192,379472,368457,442703,448231,495976,496496,341129,380418,238993,305429,69636,126954,4018998,3785638,522686,500238,808236,763082,286929,582,536
2021-09-15T23:59:59+02:00,37570,35142,278358,267714,384543,354646,399717,392656,463299,472367,515163,516176,351247,392004,245705,314717,72249,132325,29038,26909,251072,241317,360737,328397,378788,367783,442137,447713,495470,496058,340919,380183,238856,305281,69613,126881,4011441,3779996,522400,500005,808223,763009,284826,582,536
2021-09-14T23:59:59+02:00,37257,34836,277387,266756,383601,353786,398982,391889,462692,471715,514633,515723,351005,391762,245575,314546,72204,132255,28764,26670,250290,240524,360007,327729,378178,367184,441591,447203,495049,495674,340721,379968,238745,305134,69590,126826,4004619,3774877,522071,499782,808194,762860,283010,581,535
2021-09-13T23:59:59+02:00,36869,34442,276149,265490,382651,352740,398207,391010,461995,470994,514109,515219,350781,391512,245454,314392,72165,132181,28305,26248,249163,239471,359188,326947,377576,366529,441033,446678,494588,495294,340527,379743,238644,304986,69560,126772,3996407,3767945,521353,499496,808160,762763,281726,581,535
2021-09-12T23:59:59+02:00,36726,34313,275578,265052,382178,352294,397819,390585,461669,470691,513897,515004,350675,391400,245408,314316,72154,132146,28147,26130,248636,239059,358684,326504,377208,366176,440729,446388,494338,495071,340402,379612,238585,304899,69545,126727,3993223,3764922,521188,499304,808124,762637,280655,581,534
2021-09-11T23:59:59+02:00,36647,34264,275385,264842,381952,352106,397658,390429,461536,470568,513826,514943,350645,391370,245399,314300,72152,132143,28000,26031,248356,238876,358460,326346,377058,366035,440581,446271,494271,495016,340378,379585,238577,304886,69545,126723,3992186,3763841,521099,499171,808116,762616,280045,581,533
2021-09-10T23:59:59+02:00,36320,33930,274307,263849,380997,351205,396778,389621,460734,469887,513267,514494,350438,391170,245311,314188,72134,132113,27791,25831,247449,238172,357634,325610,376274,365409,439889,445749,493783,494635,340217,379429,238496,304782,69523,126692,3986851,3760390,520958,498955,808107,762594,276103,581,533
2021-09-09T23:59:59+02:00,35882,33482,273001,262692,379946,350025,395840,388586,459934,469012,512684,513984,350199,390884,245180,314032,72098,132052,27409,25440,246381,237211,356722,324744,375463,364600,439199,445140,493198,494192,340002,379201,238375,304640,69492,126640,3978649,3754304,520655,498556,808062,762443,273423,576,531
2021-09-08T23:59:59+02:00,35482,33082,272043,261706,379150,349178,395145,387806,459306,468414,512246,513522,349994,390641,245075,313857,72069,131994,27115,25152,245456,236353,355913,324011,374778,363879,438598,444578,492749,493738,339803,378955,238260,304477,69458,126552,3972200,3748623,520433,498236,808010,762309,271335,576,529
2021-09-07T23:59:59+02:00,35106,32745,271019,260778,378320,348398,394500,387132,458776,467891,511803,513126,349804,390432,244975,313690,72036,131924,26838,24941,244581,235569,355107,323326,374131,363320,438092,444070,492304,493348,339594,378739,238172,304339,69432,126499,3966103,3743630,520194,497894,807998,762132,269424,576,529
2021-09-06T23:59:59+02:00,34707,32337,269903,259675,377379,347449,393818,386356,458178,467258,511362,512692,349582,390185,244886,313570,72006,131854,26604,24730,243809,234811,354364,322672,373518,362730,437630,443565,491891,492964,339381,378532,238092,304204,69403,126444,3958895,3738810,520057,497653,807950,762003,267556,576,529
2021-09-05T23:59:59+02:00,34551,32188,269497,259265,377072,347104,393521,386039,457946,467021,511186,512513,349511,390092,244844,313508,71990,131827,26468,24575,243380,234417,353966,322285,373162,362419,437370,443316,491693,492757,339282,378413,238050,304140,69386,126412,3956307,3736176,519955,497378,807924,761867,266748,576,529
2021-09-04T23:59:59+02:00,34492,32150,269331,259134,376953,346977,393393,385934,457870,466936,511135,512468,349499,390074,244838,313496,71990,131826,26430,24522,243213,234273,353807,322121,373015,362303,437278,443214,491627,492708,339260,378393,238042,304128,69386,126411,3955600,3735391,519901,497240,807919,761844,266334,576,529
2021-09-03T23:59:59+02:00,34173,31834,268438,258328,376214,346316,392806,385344,457293,466453,510674,512129,349328,389895,244772,313390,71967,131793,26107,24182,242197,233414,353012,321403,372345,361650,436626,442625,491139,492292,339063,378194,237956,304022,69366,126384,3951234,3731100,519197,495703,807891,761771,264080,576,529
2021-09-02T23:59:59+02:00,33811,31496,267388,257447,375352,345479,392072,384596,456607,465827,510143,511701,349064,389644,244649,313212,71942,131714,25810,23918,241174,232617,352120,320625,371609,360944,435913,442000,490576,491835,338816,377929,237848,303871,69340,126306,3945288,3725923,518912,495220,807856,761448,261337,576,528
2021-09-01T23:59:59+02:00,33484,31130,266540,256607,374591,344807,391540,384049,456137,465344,509757,511356,348887,389451,244560,313095,71918,131654,25421,23516,240085,231555,351254,319771,370920,360249,435297,441393,490051,491350,338583,377663,237716,303716,69312,126251,3939843,3719115,518727,494676,807822,761231,259760,576,524
2021-08-31T23:59:59+02:00,33086,30787,265673,255702,373853,344090,390967,383466,455626,464860,509307,510989,348696,389259,244465,312947,71887,131611,25137,23220,239131,230668,350448,319023,370258,359613,434739,440883,489529,490949,338380,377449,237628,303567,69278,126196,3934313,3713803,518537,494289,807796,760814,257866,574,524
2021-08-30T23:59:59+02:00,32539,30300,264367,254520,372856,343178,390153,382650,454872,464147,508745,510489,348467,389041,244372,312792,71850,131542,24818,22903,237974,229682,349447,318127,369469,358870,434042,440299,488969,490433,338125,377207,237503,303386,69237,126119,3926819,3707758,518421,493846,807752,760559,255123,573,522
2021-08-29T23:59:59+02:00,32349,30109,263800,254011,372374,342763,389773,382313,454578,463858,508515,510267,348370,388933,244322,312728,71840,131518,24593,22688,237256,229046,348838,317584,368973,358399,433614,439923,488659,490172,337983,377053,237443,303312,69219,126094,3923731,3703878,518300,493447,807724,760300,253897,573,522
2021-08-28T23:59:59+02:00,32260,30012,263572,253832,372195,342610,389617,382190,454453,463738,508440,510215,348346,388910,244311,312716,71839,131515,24528,22584,236937,228787,348587,317388,368752,358234,433432,439758,488530,490080,337941,377011,237423,303286,69217,126090,3922691,3702300,518260,493330,807718,760274,253333,573,522
2021-08-27T23:59:59+02:00,32029,29762,262926,253267,371680,342089,389146,381737,453997,463340,508069,509931,348217,388776,244253,312630,71820,131495,24382,22433,236333,228288,347973,316886,368280,357806,432982,439404,488226,489832,337809,376893,237368,303222,69206,126083,3918885,3699089,518191,493116,807660,760213,251657,573,522
2021-08-26T23:59:59+02:00,31648,29375,261919,252290,370827,341271,388388,380992,453310,462663,507518,509450,347984,388516,244132,312513,71792,131435,24034,22069,234856,226926,346743,315699,367166,356812,432109,438599,487556,489256,337523,376573,237205,303053,69176,126038,3912690,3690746,517946,492470,807620,759854,248985,573,520
2021-08-25T23:59:59+02:00,31285,29041,260993,251430,370077,340496,387729,380298,452673,462074,506960,508989,347747,388260,244006,312351,71757,131368,23428,21495,232806,225061,345262,314295,365976,355616,431109,437638,486751,488528,337141,376182,237050,302818,69131,125949,3906968,3678754,517815,492063,807593,759703,246374,571,518
2021-08-24T23:59:59+02:00,30968,28773,260260,250648,369468,339863,387189,379723,452191,461561,506547,508616,347537,388035,243888,312186,71731,131295,23111,21179,231595,223996,344298,313371,365191,354867,430435,436988,486192,487981,336861,375868,236915,302657,69106,125884,3902018,3671564,517527,491616,807572,759398,244573,571,514
2021-08-23T23:59:59+02:00,30447,28244,258869,249331,368438,338949,386356,378931,451410,460876,505897,508047,347255,387753,243748,311998,71704,131236,22801,20881,230112,222678,342985,312300,364239,354014,429570,436227,485486,487410,336556,375533,236779,302466,69080,125824,3894573,3664144,517380,491133,807537,759112,241202,571,513
2021-08-22T23:59:59+02:00,30301,28130,258463,248961,368083,338620,386083,378664,451172,460631,505708,507897,347158,387659,243707,311940,71687,131210,22619,20699,229392,221998,342294,311641,363704,353508,429129,435822,485164,487144,336392,375349,236715,302361,69062,125788,3892345,3659752,517231,490668,807498,758812,240198,571,509
2021-08-21T23:59:59+02:00,30050,27925,257965,248499,367764,338299,385825,378406,450967,460453,505560,507758,347103,387603,243685,311902,71684,131201,22344,20446,228649,221346,341808,311242,363301,353097,428764,435516,484935,486947,336307,375281,236688,302318,69056,125776,3889793,3656776,517087,489462,807490,758756,239474,571,509
2021-08-20T23:59:59+02:00,29858,27726,257305,247838,367023,337672,385146,377877,450373,459956,505086,507435,346958,387443,243630,311805,71668,131166,21939,20106,226842,219726,340395,310046,362183,352140,427807,434717,484215,486397,336063,375032,236586,302198,69031,125746,3886315,3648517,516763,488301,807477,758389,236603,571,509
2021-08-19T23:59:59+02:00,29526,27412,256318,246984,366018,336881,384354,377184,449658,459316,504522,506949,346716,387179,243522,311658,71634,131093,21444,19613,224076,217289,338085,308208,360476,350667,426402,433445,483055,485438,335643,374606,236393,301951,68997,125677,3880773,3634143,516397,486534,807435,757917,233506,571,508
2021-08-18T23:59:59+02:00,29239,27151,255521,246277,365313,336263,383774,376616,449060,458816,504047,506533,346443,386939,243404,311510,71602,131027,21066,19240,221601,214765,336025,306445,358829,349012,424876,432113,481909,484397,335124,374052,236160,301653,68945,125583,3875653,3620859,516217,482588,807405,757536,231445,570,508
2021-08-17T23:59:59+02:00,28921,26875,254737,245559,364694,335580,383211,376059,448568,458331,503615,506111,346242,386729,243287,311379,71575,130975,20595,18805,218852,212010,333946,304614,357139,347547,423437,430835,480783,483406,334630,373510,235924,301360,68891,125507,3870606,3605775,515916,479806,807379,757106,229731,569,507
2021-08-16T23:59:59+02:00,28632,26611,254041,244906,364121,335022,382748,375596,448127,457890,503194,505746,346056,386520,243187,311215,71544,130935,20041,18325,215679,208935,331654,302495,355617,346093,422227,429697,479833,482562,334238,373063,235738,301087,68851,125418,3866177,3588358,515760,479083,807353,756756,227983,569,505
2021-08-15T23:59:59+02:00,28435,26448,253547,244459,363691,334631,382387,375257,447829,457632,502951,505550,345941,386402,243138,311135,71533,130914,19256,17596,211667,204873,329754,300874,354350,344868,421198,428757,479049,481901,333904,372729,235613,300910,68827,125368,3863318,3570709,515617,478168,807315,756429,226812,569,503
2021-08-14T23:59:59+02:00,28367,26390,253300,244261,363456,334454,382212,375107,447672,457503,502833,505443,345892,386370,243121,311112,71530,130909,18930,17298,210593,203768,328929,300110,353629,344189,420703,428297,478661,481579,333764,372600,235576,300853,68818,125351,3862144,3564008,515546,477797,807310,756352,226114,569,503
2021-08-13T23:59:59+02:00,28110,26147,252592,243671,362957,334027,381773,374675,447236,457138,502495,505185,345764,386218,243056,311035,71518,130880,18326,16741,208705,201979,327502,298792,352359,342996,419650,427357,477911,480937,333520,372310,235463,300710,68800,125297,3858314,3552049,515475,477194,807300,756160,224571,565,503
2021-08-12T23:59:59+02:00,27911,25921,251868,243033,362335,333435,381240,374187,446701,456691,502073,504829,345580,386018,242954,310928,71505,130832,17744,16244,206107,199704,324617,296250,350342,341194,418141,426104,476681,479868,333068,371773,235215,300433,68760,125213,3854346,3534608,515283,476001,807262,755133,222330,563,501
2021-08-11T23:59:59+02:00,27676,25674,251134,242341,361709,332851,380712,373705,446236,456262,501664,504399,345353,385776,242838,310793,71477,130777,16925,15556,203060,196717,321429,293306,348166,339125,416638,424695,475396,478577,332524,371129,234965,300025,68709,125084,3849483,3512722,515063,474927,807222,754194,220790,560,500
2021-08-10T23:59:59+02:00,27430,25416,250299,241602,360992,332298,380169,373155,445735,455787,501208,503997,345157,385580,242752,310654,71454,130733,16128,14771,198856,192578,316755,289078,345174,336341,414515,422747,473796,477114,331834,370456,234666,299615,68652,124965,3844383,3482537,514777,473812,807186,753043,219252,558,500
2021-08-09T23:59:59+02:00,27232,25215,249671,241027,360410,331813,379722,372773,445323,455441,500862,503712,344997,385431,242686,310542,71434,130697,15134,13827,194308,187977,311036,284323,342412,333841,412597,420971,472175,475647,331186,369765,234390,299244,68593,124830,3840657,3452116,514597,471033,807156,751949,217756,557,496
2021-08-08T23:59:59+02:00,27060,25056,249187,240613,360014,331458,379373,372481,445018,455181,500620,503520,344889,385323,242623,310463,71417,130664,14912,13632,192958,186604,309408,282982,341094,332677,411718,420212,471602,475127,330923,369494,234261,299076,68567,124779,3838068,3442972,514440,469665,807103,751460,216522,557,495
2021-08-07T23:59:59+02:00,26911,24880,248657,240163,359615,331118,379038,372198,444725,454945,500393,503345,344817,385228,242589,310413,71409,130653,13740,12588,189279,183010,307359,281127,339370,331151,410381,418942,470675,474331,330567,369120,234130,298887,68533,124742,3835206,3423313,514333,468329,807092,751245,215639,557,492
2021-08-06T23:59:59+02:00,26685,24645,247787,239493,358828,330506,378360,371621,444068,454417,499854,502953,344583,385023,242490,310297,71398,130631,12832,11761,185533,179452,303882,278312,337244,329313,408776,417598,469374,473363,330187,368734,233970,298732,68509,124695,3832614,3403965,512966,466600,807080,750144,212151,557,491
2021-08-05T23:59:59+02:00,26361,24321,246607,238553,357928,329630,377535,370888,443324,453732,499184,502409,344298,384721,242375,310122,71357,130568,11826,10828,181049,175500,298485,273890,333121,325738,405964,415105,467114,471576,329519,368029,233706,298359,68448,124584,3826226,3375980,512701,461883,807014,746427,209135,557,490
2021-08-04T23:59:59+02:00,25987,23978,245459,237562,356926,328718,376754,370174,442693,453131,498609,501876,344023,384452,242252,309949,71329,130497,11012,10116,177566,172192,294708,270756,328706,321825,403707,413009,465403,470021,328823,367328,233431,298007,68389,124482,3819700,3348777,512356,460112,806979,744676,206489,553,489
2021-08-03T23:59:59+02:00,25523,23556,244091,236375,356015,327879,376041,369477,442037,452468,498008,501340,343730,384151,242121,309772,71285,130429,10451,9615,174073,168739,290597,267107,323587,317208,400953,410447,463058,467916,327976,366458,233080,297532,68321,124343,3811736,3316613,512194,458230,806935,742600,204586,553,489
2021-08-02T23:59:59+02:00,25205,23249,243036,235412,355164,327119,375337,368875,441465,451918,497482,500890,343467,383875,242003,309615,71259,130370,9896,9074,170429,165140,285890,263129,317704,312247,398192,407885,460821,465919,327203,365621,232784,297132,68259,124225,3805361,3283087,511945,456247,806877,740066,202709,552,487
2021-08-01T23:59:59+02:00,25049,23059,242404,234804,354563,326605,374893,368480,441031,451596,497136,500612,343325,383708,241927,309499,71245,130344,9629,8865,168877,163683,283399,261124,313064,308528,396331,406305,459340,464669,326769,365134,232612,296914,68230,124166,3801667,3265142,511640,454099,806783,737616,201339,549,484
2021-07-31T23:59:59+02:00,24939,22954,242061,234481,354280,326377,374652,368309,440841,451443,497027,500511,343292,383668,241907,309486,71244,130338,8394,7768,165097,159832,280569,258571,310971,306524,394930,405022,458191,463678,326449,364758,232478,296740,68204,124120,3800043,3242174,511450,453159,806777,736822,200688,549,484
2021-07-30T23:59:59+02:00,24649,22694,241260,233762,353702,325846,374159,367842,440378,451039,496665,500219,343154,383527,241862,309406,71231,130322,7456,6898,161344,156061,277167,255451,307937,303698,392696,402904,456341,462090,325938,364224,232268,296448,68171,124062,3795947,3217047,511079,451953,806759,733621,199078,548,482
2021-07-29T23:59:59+02:00,24302,22353,239722,232487,352532,324765,373188,366928,439518,450244,495850,499593,342820,383214,241724,309221,71194,130255,6472,6025,156479,151565,271768,251256,302014,298907,388327,399403,453283,459675,325103,363374,231955,296037,68111,123962,3788343,3183033,510397,447077,806675,728507,195635,547,482
2021-07-28T23:59:59+02:00,24002,22065,238568,231445,351645,323922,372433,366234,438876,449574,495282,499100,342565,382914,241589,309035,71159,130183,5981,5582,152712,147908,267260,247583,297566,294945,385057,396540,451189,457820,324442,362612,231686,295651,68047,123836,3781570,3152232,509857,445149,806597,725858,193708,546,479
2021-07-27T23:59:59+02:00,23728,21838,237557,230469,350799,323179,371726,365640,438288,448958,494755,498641,342320,382609,241455,308839,71123,130084,5412,5055,147678,142771,261323,242437,292257,290171,381033,392835,448000,455001,323450,361506,231319,295144,67955,123677,3775252,3110562,509300,442817,806539,722108,192059,545,477
2021-07-26T23:59:59+02:00,23495,21598,236580,229484,350006,322474,371115,365083,437731,448466,494302,498270,342088,382367,241327,308680,71099,130026,4990,4697,143322,138365,255758,237639,287077,285685,376557,388867,444475,451973,322494,360541,230989,294664,67880,123539,3769548,3071060,508668,440557,806457,717746,190657,542,477
2021-07-25T23:59:59+02:00,23136,21297,235239,228327,349059,321702,370432,364418,437150,447924,493840,497864,341889,382153,241237,308550,71078,129962,4737,4464,141472,136601,253063,235414,284566,283581,374416,387082,442379,450173,321979,360025,230784,294434,67855,123462,3762456,3055993,508289,438367,806390,713375,189255,541,477
2021-07-24T23:59:59+02:00,22887,21100,234309,227466,348334,321049,369857,363896,436620,447485,493478,497586,341773,382054,241193,308488,71075,129951,4415,4179,138572,133795,250325,233088,281998,281358,372152,385223,441137,449185,321629,359687,230639,294255,67836,123428,3758428,3037613,507523,435348,806375,713032,187405,541,477
2021-07-23T23:59:59+02:00,22469,20713,232803,226118,347005,320103,368805,363027,435739,446697,492778,497053,341537,381782,241104,308375,71054,129915,3993,3788,133080,128944,244943,228772,277512,277565,368457,382015,438478,446979,320928,358963,230384,293942,67782,123347,3750935,3002006,507051,433572,806320,710891,183890,541,477
2021-07-22T23:59:59+02:00,21963,20237,230695,224133,345248,318558,367296,361733,434418,445548,491797,496150,341101,381330,240926,308126,71010,129834,3571,3444,128725,124877,238930,224252,271117,272488,361551,376504,433013,442462,319741,357700,229942,293413,67688,123193,3738460,2959848,505462,427579,806188,704564,181099,540,475
2021-07-21T23:59:59+02:00,21454,19717,228804,222307,343545,317023,365675,360155,432839,444158,490567,494977,340548,380805,240678,307840,70956,129739,3369,3247,124957,121298,233465,220006,265576,267954,353407,369558,428398,438715,318621,356551,229479,292846,67607,123013,3727419,2924274,501700,416677,805962,699775,177805,540,473
2021-07-20T23:59:59+02:00,21151,19438,227333,220822,342305,315847,364708,359277,431973,443365,489841,494326,340205,380432,240530,307617,70927,129649,3108,2957,120617,117054,227110,214825,259742,262767,346283,363444,423693,434397,317526,355294,229065,292258,67509,122831,3718054,2880443,501292,409445,805831,695379,175662,540,472
2021-07-19T23:59:59+02:00,20837,19141,225597,219125,340986,314591,363666,358298,431157,442586,489171,493708,339909,380067,240378,307384,70882,129552,2915,2750,117855,114446,222713,211229,255116,258810,342563,360263,421068,432211,316799,354566,228765,291866,67434,122707,3707448,2855340,500867,404056,805737,691047,174072,540,472
2021-07-18T23:59:59+02:00,20683,19008,224300,217850,339364,313151,362593,357368,430334,441861,488630,493164,339676,379781,240250,307207,70860,129490,2824,2657,116350,113052,220046,209041,252758,256701,340309,358409,419028,430515,316307,354078,228605,291647,67413,122639,3697971,2843012,500328,399773,805661,687340,172693,539,469
2021-07-17T23:59:59+02:00,20284,18586,223146,216789,338781,312608,362000,356854,429813,441411,488214,492875,339571,379664,240208,307151,70857,129479,2560,2400,114278,110949,217584,206734,250286,254501,337877,356267,417578,429251,315971,353686,228470,291479,67390,122599,3692391,2825473,500125,397047,805636,686553,171222,536,469
2021-07-16T23:59:59+02:00,19740,18072,220604,214642,337041,311306,360488,355563,428346,440202,487115,492014,339165,379296,240037,306992,70832,129443,2292,2159,111158,108141,212808,202800,245744,250857,333572,352561,414230,426524,315048,352756,228119,291061,67336,122518,3682188,2797737,499364,394683,805477,682736,164946,535,468
2021-07-15T23:59:59+02:00,19098,17444,217819,212215,335133,309601,358896,354121,427001,439014,486168,491159,338762,378868,239834,306736,70790,129338,2115,2018,107244,104910,204421,196541,238236,245243,326958,347312,407148,420061,313302,350938,227569,290390,67264,122319,3667112,2751051,498763,386227,805359,675301,161809,534,468
2021-07-14T23:59:59+02:00,18252,16718,215370,209887,333422,308061,357486,352771,425776,437812,485140,490199,338303,378406,239592,306424,70736,129251,1963,1873,103625,101564,197930,191359,232511,240565,322656,343826,402964,416427,311989,349624,227160,289830,67180,122165,3652147,2717350,498177,380677,805232,668484,159091,533,465
2021-07-13T23:59:59+02:00,17598,16060,213181,207860,331816,306684,356147,351538,424598,436716,484176,489336,337862,377933,239390,306176,70701,129158,1851,1765,99858,98015,191434,185939,225358,234492,315966,337757,394559,408552,310188,347695,226555,289037,67068,121964,3638278,2674460,497618,367983,805072,658994,156998,532,461
2021-07-12T23:59:59+02:00,16578,15125,209896,204671,329753,304946,354567,350064,423353,435508,483190,488431,337445,377460,239211,305947,70662,129080,1772,1694,96754,95290,186139,181625,218369,228806,309118,331713,389453,404271,308453,345824,225960,288304,66969,121793,3619768,2636084,497060,360830,804891,650567,155196,531,460
2021-07-11T23:59:59+02:00,16069,14649,208534,203392,329002,304223,353902,349436,422785,435000,482738,488086,337254,377256,239151,305841,70640,129040,1739,1668,95331,93999,183348,179313,215364,226506,306422,329552,386617,401879,305978,343196,225580,287833,66915,121695,3613489,2621052,496420,358834,804759,640058,153359,526,456
2021-07-10T23:59:59+02:00,15594,14189,206684,201602,327532,302954,352763,348457,422052,434401,482260,487688,337084,377091,239085,305755,70630,129020,1698,1621,94023,92721,180803,177191,212322,224019,303894,327386,385450,400841,305331,342527,225400,287644,66899,121668,3604883,2604215,495776,358602,804523,638303,150679,525,456
2021-07-09T23:59:59+02:00,15269,13908,204776,199758,325922,301493,351690,347490,421146,433685,481687,487210,336876,376867,238989,305634,70615,128986,1024,965,91229,89994,177268,173959,207972,219859,298869,322778,382001,397854,304233,341296,225094,287277,66861,121604,3595706,2575177,494907,356535,804329,630700,148074,523,456
2021-07-08T23:59:59+02:00,14801,13480,201280,196768,322604,298818,349309,345497,419435,432225,480251,486139,336438,376427,238811,305385,70570,128908,906,854,86923,86221,170014,168287,199827,213450,291486,316654,375042,391634,301502,338365,224315,286337,66744,121344,3580329,2528906,490856,347862,803808,620320,143142,522,455
2021-07-07T23:59:59+02:00,14300,13026,197535,192895,319427,295953,346992,343445,417876,430750,479048,485036,335960,375862,238621,305112,70531,128802,772,758,83237,82767,162702,162560,190761,206263,283488,310082,367992,384809,298187,334744,223404,285234,66602,121097,3559004,2480856,489488,334407,803422,610310,140198,519,452
2021-07-06T23:59:59+02:00,13841,12652,194099,189514,316164,293212,344517,341154,416157,429186,477777,483901,335458,375302,238423,304822,70478,128717,650,640,79665,79183,156017,157040,183341,200048,274539,302121,361496,378712,294985,331492,222518,284142,66494,120868,3539124,2428274,486411,327421,803004,600785,137769,516,452
2021-07-05T23:59:59+02:00,13443,12315,189701,185266,312099,289873,342001,338816,414479,427637,476632,482829,334986,374784,238243,304577,70445,128631,574,545,76595,76348,150890,152942,178568,195919,267618,295843,355382,373169,291707,328045,221629,283020,66384,120697,3516248,2389152,485247,322919,802509,590417,133675,513,449
2021-07-04T23:59:59+02:00,13265,12156,185855,181391,309456,287840,340684,337741,413593,426859,476051,482334,334762,374530,238156,304452,70419,128577,542,516,74405,74476,147780,150367,176231,193873,265167,293780,352266,370958,288400,324648,221048,282353,66328,120577,3503981,2375337,483952,320620,801945,578879,129161,513,447
2021-07-03T23:59:59+02:00,12069,11099,179423,175386,305183,284378,338348,335568,411774,425049,474835,481277,334362,374084,237982,304206,70395,128534,511,497,72623,72895,145349,148484,173789,191786,262097,291050,349982,369101,286645,322662,220779,281991,66296,120528,3477586,2359579,482543,320419,801762,574385,122962,513,447
2021-07-02T23:59:59+02:00,10969,10007,175710,171923,302763,282178,336599,333863,410523,423858,474060,480586,334103,373768,237868,304024,70367,128486,472,446,69924,70209,141419,145192,169346,187737,256039,285600,344753,364390,283389,318931,220138,281218,66247,120443,3459477,2326329,481063,317629,801580,561796,120430,511,430
2021-07-01T23:59:59+02:00,9872,9078,172036,168476,298720,278880,334103,331588,408728,422275,472963,479626,333682,373304,237667,303754,70321,128407,400,373,65037,65486,135087,139848,162053,181224,245774,276731,333944,354589,278601,313654,218284,278960,66068,120130,3436898,2269918,478965,305262,801233,544059,117273,511,426
2021-06-30T23:59:59+02:00,9382,8684,168762,165388,293091,274250,330428,328248,406959,420732,471939,478655,333259,372820,237475,303454,70287,128318,318,312,61905,62636,129441,135167,155404,175222,235714,267572,320531,341302,273384,308102,216393,276636,65900,119808,3411767,2214839,476792,292440,800939,525209,113511,510,424
2021-06-29T23:59:59+02:00,8846,8162,164959,161604,288547,269981,326858,324953,404853,418652,470392,477243,332670,372182,237221,303099,70232,128209,260,241,59113,59635,124488,130750,149375,169687,223857,256863,311967,332928,266920,300908,214419,274173,65697,119462,3384233,2155527,474792,287771,800613,507793,109892,508,421
2021-06-28T23:59:59+02:00,8441,7783,161628,158144,283506,265655,323552,322109,402710,416726,468904,475931,332151,371570,236988,302790,70188,128116,200,191,56834,57282,120579,127235,145021,165601,214630,248442,306170,327513,261971,295612,212654,271938,65550,119196,3360286,2119763,470823,279145,799954,491260,106681,508,418
2021-06-27T23:59:59+02:00,8293,7660,160121,156615,281401,263846,321750,320570,401010,415366,468006,475214,331859,371278,236885,302627,70169,128067,174,171,55633,56170,118453,125524,142449,163467,210516,245052,302798,324650,258158,291603,210195,269025,65439,119001,3350260,2104274,468747,275643,798905,475112,103676,507,416
2021-06-26T23:59:59+02:00,7139,6560,156850,153277,279296,261963,319335,318328,399819,414210,467308,474516,331590,370998,236778,302469,70145,128037,163,159,55086,55578,117110,124366,141021,162227,208271,243043,300265,322234,256619,289941,209861,268615,65412,118931,3331117,2087440,465923,275553,798899,472612,103541,485,395
2021-06-25T23:59:59+02:00,5917,5444,152540,148990,275902,259006,317284,316367,398509,412963,466307,473692,331301,370662,236650,302313,70118,127988,134,138,53796,53952,114626,121665,136932,157655,199503,234589,294570,316357,254894,287820,209270,267813,65341,118814,3306157,2044909,464493,273855,798846,466023,103314,485,394
2021-06-24T23:59:59+02:00,5053,4656,148089,144857,271066,255052,313007,312584,396314,411087,464931,472555,330876,370200,236481,302075,70084,127901,115,108,51142,51355,109490,116940,129592,151003,187447,224129,283151,306120,249510,281974,207434,265465,65138,118414,3274928,1982790,462484,262065,798679,452262,101623,484,393
2021-06-23T23:59:59+02:00,4831,4450,144921,141739,267364,251897,307765,307778,393821,408740,463523,471237,330347,369581,236250,301763,70036,127794,83,78,49199,49267,105691,113025,123917,145320,177540,215457,271164,294123,244896,277156,206100,263765,64977,118055,3247353,1926409,458960,252197,798518,441563,99846,482,392
2021-06-22T23:59:59+02:00,4580,4220,141846,138610,263644,248515,301634,302343,391188,406181,461979,469752,329798,368973,236029,301410,69989,127687,53,57,47506,47520,102075,109714,119111,140737,164934,204307,260244,283815,240828,272681,204179,261354,64725,117583,3215286,1867977,457024,244467,798324,430605,98569,480,383
2021-06-21T23:59:59+02:00,4321,3975,138581,135665,258934,244608,296386,297475,388140,403306,460507,468398,329280,368413,235808,301097,69949,127575,45,49,46271,46291,99686,107491,116372,138029,158711,198529,253353,277176,235472,266841,200239,256826,64540,117206,3183525,1836948,454978,238949,798119,410810,96607,477,382
2021-06-20T23:59:59+02:00,4177,3857,137072,134154,254679,241112,293805,295233,386749,401989,459718,467652,329054,368127,235696,300965,69929,127513,39,46,45144,45365,97424,105692,114094,136039,155676,195985,249037,273098,232467,263309,199251,255571,64459,117080,3166031,1816548,453213,235395,797961,402939,95078,475,375
2021-06-19T23:59:59+02:00,3761,3506,134920,132057,251927,238788,292020,293580,384904,400422,458879,466924,328833,367875,235593,300827,69909,127481,38,44,44599,44717,96149,104425,112617,134573,154167,194544,245811,270069,231742,262458,199080,255308,64437,117027,3149688,1800550,450389,233812,797952,402652,94969,475,374
2021-06-18T23:59:59+02:00,2809,2593,131638,128917,248403,235735,288007,290167,382505,398295,457540,465765,328457,367474,235438,300592,69882,127432,38,43,43812,43801,94571,102643,110315,131902,150615,190505,238948,262775,230014,260451,198594,254668,64362,116893,3123872,1771209,445951,233282,797927,395939,94687,475,373
2021-06-17T23:59:59+02:00,2575,2370,127925,125627,242370,231289,282777,285778,377715,394305,455209,463925,327861,366751,235193,300238,69817,127319,37,43,41570,41973,90516,99163,105405,127146,142747,182830,227541,251378,224809,254510,196942,252508,64103,116473,3089034,1715478,442965,229132,797663,385030,90214,419,366
2021-06-16T23:59:59+02:00,2304,2134,124687,122219,237469,226938,278082,281517,372544,389806,452614,461782,327116,365953,234903,299824,69751,127204,37,41,39734,40371,86974,96131,101050,123316,134505,175479,215432,239459,218573,247393,195015,250180,63851,115985,3055474,1655631,437425,223523,797167,376921,87603,417,365
2021-06-15T23:59:59+02:00,1915,1802,119768,117348,231485,221790,272729,276529,367477,385176,449765,459364,326247,364977,234551,299311,69669,127020,36,39,38116,38757,83646,93082,97077,119262,127443,169098,203068,227421,212535,240597,193051,247747,63541,115413,3010736,1598286,435497,217670,796607,369235,84886,417,362
2021-06-14T23:59:59+02:00,1652,1527,115716,113191,226256,216882,267370,271557,362184,380421,446645,456770,325461,364120,234241,298923,69607,126899,32,38,37136,37868,81366,90983,94363,116740,123323,165346,196462,220915,209423,237089,191914,246273,63322,115020,2968583,1568659,433142,215392,796350,361569,82137,415,358
2021-06-13T23:59:59+02:00,1579,1442,114223,111814,223806,214778,264826,269298,359931,378461,445474,455744,325185,363816,234105,298751,69575,126825,29,38,36267,37131,79506,89306,92349,114916,120498,162734,192583,217203,206329,233644,190880,244904,63090,114607,2953593,1554632,430702,208110,796047,353336,80074,415,357
2021-06-12T23:59:59+02:00,1430,1304,111570,109065,221909,213046,263440,268018,358492,377062,444580,454977,324897,363507,234013,298648,69557,126797,29,38,35897,36725,78516,88211,91095,113616,118916,161170,189016,213898,205294,232515,189481,243247,63080,114575,2937403,1541451,429724,208101,796025,345956,79940,414,356
2021-06-11T23:59:59+02:00,1283,1168,109020,106548,219012,210424,259771,264823,355357,374328,442866,453506,324461,363055,233876,298440,69530,126742,29,37,35221,35610,76506,84831,88860,110079,114803,156027,182303,206436,203197,230142,188876,242476,63017,114476,2912974,1513901,426922,207404,795845,332505,79240,413,355
2021-06-10T23:59:59+02:00,1121,1011,104266,102135,212936,205658,252709,258994,349262,369032,438370,449729,323600,362084,233556,297993,69446,126589,27,36,33639,34120,72500,80652,83934,104567,108123,147797,169938,192782,197109,223242,187147,240332,62763,114072,2869311,1466668,419819,205659,795010,305473,75096,409,349
2021-06-09T23:59:59+02:00,972,882,100344,98420,206964,200927,245895,253279,342601,363079,434687,446706,322919,361337,233283,297610,69381,126457,26,35,32102,32860,69259,77999,80236,101397,103393,143509,158781,182003,186471,211226,185282,238086,62491,113577,2830268,1412538,411289,201676,794494,294189,70435,390,346
2021-06-08T23:59:59+02:00,790,701,95813,93875,200324,195365,238937,247263,334342,355798,429578,442033,322083,360334,232908,297123,69301,126321,25,33,31026,32000,66667,75699,76953,98667,98806,139590,151159,174493,177743,201495,183473,235831,62259,113209,2778274,1373252,405519,196757,793907,283311,65910,390,338
2021-06-07T23:59:59+02:00,631,560,92591,90770,194254,190657,232375,242015,326510,349623,426530,439584,321536,359698,232691,296796,69247,126225,24,31,30154,31151,64198,73738,73996,96504,95038,136650,143066,166689,173687,196862,182040,234019,62035,112824,2739235,1346090,399346,193453,793340,272180,61076,390,338
2021-06-06T23:59:59+02:00,593,525,91011,89453,190959,188097,229019,239239,322226,346217,425093,438504,321263,359399,232583,296638,69224,126178,24,31,29551,30594,62422,72051,71915,94486,91840,133579,137367,160882,171147,194222,180928,232618,61807,112444,2723791,1334205,391944,183743,792853,261725,58326,389,332
2021-06-05T23:59:59+02:00,511,445,89065,87435,186080,183876,226550,237106,320407,344596,424097,437591,320976,359081,232434,296471,69210,126146,24,30,29091,29833,61218,70093,70513,92332,90159,131301,132595,155535,168138,190547,180443,231959,61773,112378,2700277,1310537,391813,183276,792739,256294,57935,388,331
2021-06-04T23:59:59+02:00,411,360,86707,84903,182411,180257,222539,233156,316813,340955,421736,435396,320520,358545,232239,296242,69171,126084,24,28,28622,29156,60093,68434,69223,90243,88368,128673,129217,151872,163897,185769,179451,230692,61725,112291,2671015,1291647,387987,182501,792620,246214,57495,387,328
2021-06-03T23:59:59+02:00,319,285,83416,81827,176673,175587,215269,227046,309095,334250,413975,428531,319483,357362,231868,295789,69115,125951,22,28,27729,28142,58194,66234,66823,87484,84721,124551,122437,145189,157546,178146,177876,228659,61611,112054,2622032,1262377,377734,177155,792197,233459,54529,385,320
2021-06-02T23:59:59+02:00,269,226,81331,79657,172571,171851,211615,223881,305505,330890,411925,426696,319072,356906,231714,295582,69087,125900,21,26,27258,27660,57061,65106,65213,86201,82653,122600,117453,140298,149654,169164,177153,227703,61526,111884,2593203,1230093,376347,175181,792171,229837,53598,382,311
2021-06-01T23:59:59+02:00,170,159,77064,75825,164288,165274,202245,216145,296401,323000,403713,418856,317564,355291,231173,294842,68975,125673,21,23,25705,26243,52743,62145,60364,82905,77219,118087,110012,133072,138535,155728,175042,224961,61318,111458,2534468,1179835,364695,171066,791413,218048,46699,377,301
2021-05-31T23:59:59+02:00,148,142,74317,73336,158625,160943,194931,210162,289009,316610,397971,413884,316567,354176,230785,294320,68885,125502,21,22,24793,25182,50111,59918,57188,80365,73602,114800,105505,128617,134367,150800,173669,223234,61149,111125,2494000,1157345,355293,168697,790771,207638,40846,376,299
2021-05-30T23:59:59+02:00,137,134,73264,72267,156140,158907,192304,207806,286222,314095,396083,412138,316203,353765,230624,294080,68847,125421,21,22,24187,24394,48518,58181,55446,78505,71363,112230,102851,125747,132210,148268,172876,222298,61056,110914,2478168,1147541,352769,167386,790138,196262,37953,375,294
2021-05-29T23:59:59+02:00,134,132,72656,71674,154625,157506,190002,205776,284384,312507,395246,411368,315980,353521,230543,294001,68836,125402,20,22,23862,23866,47597,56682,54101,76625,69435,109384,100527,122946,129398,144839,172222,221390,61029,110862,2464275,1133894,352608,167319,790073,185720,37928,373,293
2021-05-28T23:59:59+02:00,130,129,71569,70559,152223,155248,186334,202232,281108,309374,393385,409599,315572,353015,230396,293787,68817,125345,20,21,23328,22862,45989,54555,52270,74059,67390,105434,96194,117053,125004,139776,171243,220078,60982,110748,2440435,1111201,351555,167105,789864,171203,37551,371,286
2021-05-27T23:59:59+02:00,119,120,68252,67543,145732,150303,178143,195973,274705,304208,387077,403913,314303,351564,229935,293256,68745,125162,18,20,22003,21178,42731,51502,48384,70242,62827,99418,89834,109533,121068,135147,168435,216371,60809,110433,2395823,1082713,343926,164367,788053,151104,31817,369,280
2021-05-26T23:59:59+02:00,115,117,66097,65360,140781,146220,172036,190906,267951,298537,380333,397218,312779,349949,229440,292557,68641,124949,18,19,21259,20258,40904,49362,46026,67507,59785,95621,85243,104408,116077,129417,164625,211022,60599,110005,2358495,1050706,330718,162784,786230,139622,29090,368,276
2021-05-25T23:59:59+02:00,114,110,64068,63364,136576,142732,166984,186608,260885,292249,374903,391824,311491,348532,229026,291908,68558,124770,18,19,20683,19593,39504,47842,44189,65487,57309,92613,81156,100021,111119,123706,159063,203743,60429,109697,2320892,1019040,323207,159359,783687,130386,27455,364,270
2021-05-24T23:59:59+02:00,112,108,62825,62152,133814,140623,163706,184191,253934,286251,369957,387140,310663,347613,228739,291521,68487,124639,18,19,20341,19183,38483,46766,42846,64001,55624,90604,78921,97506,109690,122051,158454,202950,60317,109494,2297137,1009662,312083,158055,781876,123696,25908,363,265
2021-05-23T23:59:59+02:00,107,107,62327,61634,132712,139727,162509,183155,252692,285228,368368,385712,310041,346954,228566,291293,68467,124603,18,16,20107,18995,37931,46206,42090,63300,54456,89606,77426,96139,108509,120649,157473,201728,60246,109352,2285623,1001456,311494,154974,781833,122095,25778,363,262
2021-05-22T23:59:59+02:00,104,105,61630,61009,131215,138643,160134,181530,249720,282934,365887,383481,309511,346358,228389,291026,68441,124552,17,16,19787,18570,37314,45601,41454,62770,53802,88877,76656,94989,106958,118842,156699,200757,60219,109298,2267614,994747,311478,154970,781794,118658,24303,363,262
2021-05-21T23:59:59+02:00,100,102,60293,59567,128304,136047,156839,178205,244479,278167,359789,377795,308575,345263,228094,290628,68380,124444,17,15,19425,18203,36700,44832,40798,61718,52845,87483,74928,92691,103713,114888,155559,199306,60127,109122,2231511,981705,309834,154642,780217,112062,24017,359,258
2021-05-20T23:59:59+02:00,91,100,57244,56778,122561,131167,149899,171883,234162,269408,350752,369508,306035,342517,227325,289615,68248,124224,16,15,18129,17267,34525,42589,38342,58816,50017,83704,70999,88188,99582,110232,153087,196281,59945,108767,2173460,962349,303162,152685,774262,94392,21121,354,257
2021-05-19T23:59:59+02:00,89,98,55033,54587,117549,126486,142731,165264,223617,260050,340199,358600,303387,339645,226574,288561,68097,123948,16,15,17547,16479,33299,41005,36936,56754,48005,80923,67756,84610,95695,105759,149450,191536,59683,108275,2107499,938913,296905,150704,771279,84881,19297,352,242
2021-05-18T23:59:59+02:00,85,93,52934,52623,112759,122226,136349,159690,212044,249682,330313,348795,300715,336675,225694,287362,67946,123693,16,15,17029,15872,32081,39541,35577,54956,46188,78510,64866,81384,91682,101219,146252,187459,59471,107841,2047603,918627,287530,147840,767683,76223,17315,348,241
2021-05-17T23:59:59+02:00,82,89,51900,51628,110419,120165,133533,157038,205518,243665,322741,341699,298919,334702,225105,286538,67838,123480,16,15,16570,15423,31030,38496,34403,53661,44707,76708,62600,78984,86837,95348,144787,185570,59323,107527,2020777,906904,275218,140364,764255,69526,15253,346,237
2021-05-16T23:59:59+02:00,81,86,51112,50973,108973,118842,131789,155373,202544,240982,315308,334742,297897,333569,224794,286053,67785,123382,16,15,16287,15050,30279,37713,33530,52744,43644,75395,61268,77512,83422,91270,143995,184489,59235,107385,2005423,900804,264788,133593,761011,65389,13500,342,234
2021-05-15T23:59:59+02:00,80,86,50574,50340,107971,117851,130773,154257,200607,239045,311738,331529,297275,332884,224598,285782,67765,123318,16,15,16148,14886,30026,37405,33245,52312,43159,74747,60419,76524,82825,90454,143478,183821,59199,107338,1989205,895558,264767,133446,760143,64260,12791,340,233
2021-05-14T23:59:59+02:00,79,85,49312,48913,105717,115756,127181,150805,192394,231974,305425,325639,296293,331746,224312,285334,67717,123223,16,15,15649,14456,29238,36582,32474,51119,42083,72960,58849,74572,80915,87961,142866,182830,59158,107252,1951915,885884,263065,132569,755599,58832,11745,337,231
2021-05-13T23:59:59+02:00,75,84,47396,46961,101873,112523,122466,146690,182368,223385,294815,315818,293328,328324,223502,284197,67617,123016,14,14,14789,14009,28381,35883,31714,50217,41138,71866,57343,73006,77137,83607,140097,179218,59048,107035,1900303,873327,254438,125513,749371,54982,10731,333,226
2021-05-12T23:59:59+02:00,73,82,46484,46248,99956,111092,120397,145024,179813,221275,290081,310490,292168,327055,223262,283878,67579,122931,14,13,14623,13858,28060,35664,31309,49928,40690,71491,56801,72437,75787,81974,139317,178083,58962,106875,1877203,867565,252275,123716,748880,54712,9931,330,224
2021-05-11T23:59:59+02:00,69,76,44240,44772,95915,108009,114580,140292,166442,210001,278429,299726,288767,323141,222307,282479,67429,122632,14,12,14193,13291,27047,34238,30175,48120,39383,69217,55092,70171,72696,78386,137955,176247,58803,106516,1818322,855261,242547,121026,740369,46850,8451,326,223
2021-05-10T23:59:59+02:00,68,72,42986,43793,93312,106001,111324,137658,158058,202972,270550,292617,286593,320689,221736,281619,67305,122391,14,11,13847,12847,26286,33253,29379,46860,38386,67362,53862,68443,70606,75831,136809,174732,58684,106228,1782741,846381,236504,119971,733395,39649,7478,323,214
2021-05-09T23:59:59+02:00,67,72,41863,43021,90630,104244,108656,135890,153044,199550,265025,287669,285350,319300,221359,281091,67239,122245,14,11,13530,12627,25591,32584,28650,46058,37591,66400,52933,67501,69375,74429,136212,173894,58629,106097,1763392,841802,229404,118992,727395,34872,6495,318,212
2021-05-08T23:59:59+02:00,66,72,41571,42717,89783,103511,107557,135033,151591,198330,262463,285604,284849,318760,221240,280913,67223,122213,14,11,13428,12565,25461,32493,28505,45929,37402,66206,52592,67181,68410,73506,135142,172527,58582,106004,1751324,837184,228894,118244,727169,34094,6481,311,200
2021-05-07T23:59:59+02:00,64,71,40648,42000,87844,102171,104724,132814,146969,194523,256206,280090,283508,317160,220894,280460,67171,122091,14,11,12683,12084,24633,31756,27739,44868,36538,64943,51408,65668,66160,70817,132913,169702,58493,105827,1725515,827491,225683,115972,723046,27305,5533,304,196
2021-05-06T23:59:59+02:00,60,70,38006,40276,83093,98711,98727,128059,136782,186008,239771,265682,278390,311363,219605,278772,66997,121777,14,11,11997,11566,23693,30652,26740,43517,35182,62944,49673,63689,63670,67687,130802,166936,58379,105609,1659963,816384,215778,112861,712140,18938,4622,290,194
2021-05-05T23:59:59+02:00,58,67,36118,39077,79434,96124,94125,124414,128957,179474,225018,251639,272207,304228,218033,276784,66752,121254,14,10,11763,11290,23147,29927,26137,42596,34258,61543,48521,62274,61055,64572,127856,163235,58281,105357,1593750,804065,210696,109289,706099,14965,3565,289,189
2021-05-04T23:59:59+02:00,58,65,35012,37968,76708,93799,90615,121369,123385,174742,214389,241368,266723,297782,216592,274942,66543,120787,14,10,11600,11086,22738,29385,25675,41824,33536,60451,47412,61001,58335,61387,125491,160297,58132,105121,1544687,792161,205572,106651,700017,11818,2915,285,186
2021-05-03T23:59:59+02:00,57,63,34141,36917,74416,91976,87739,119018,118947,171097,207730,235368,263444,293918,215793,273853,66421,120492,14,10,11352,10814,22344,28806,25193,41123,32847,59485,46386,59860,55537,58039,121713,155399,57875,104683,1512927,776276,202460,104935,695080,9060,1261,281,182
2021-05-02T23:59:59+02:00,57,63,33786,36601,73239,91069,86266,117924,116519,169228,204635,232851,262482,292830,215508,273445,66354,120384,14,9,11280,10741,22154,28591,24962,40838,32505,59075,45931,59385,54346,56577,118640,151715,57791,104551,1502314,771236,199663,99370,691204,8158,397,275,175
2021-05-01T23:59:59+02:00,56,63,33467,36222,72477,90275,85192,116881,115047,167863,201548,229821,261790,292005,215298,273165,66343,120345,14,9,11266,10725,22100,28561,24899,40800,32443,59018,45849,59308,54104,56285,118482,151519,57782,104534,1487207,769925,199654,99330,690937,8110,390,274,174
2021-04-30T23:59:59+02:00,53,61,32926,35621,71270,89052,83728,115150,111264,164294,194153,222707,259800,289639,214849,272556,66283,120237,14,9,10945,10529,21741,28283,24623,40376,32115,58456,45387,58676,53207,55121,117530,150333,57727,104415,1454312,766246,199327,97340,690138,5772,189,272,171
2021-04-29T23:59:59+02:00,51,60,31426,34668,68347,87023,80092,112541,106151,160178,181334,211161,251864,280534,213652,270924,66148,119894,14,9,10637,10314,21264,27835,24194,39879,31528,57715,44582,57745,51373,52924,115681,148094,57627,104220,1399390,757405,192042,94669,684766,3453,167,262,169
2021-04-28T23:59:59+02:00,50,59,30191,34058,66477,85709,77611,110719,102726,157320,171643,201979,241010,267936,212374,269239,65952,119568,14,9,10450,10153,20963,27479,23828,39410,31103,57054,43856,56917,49243,50298,113099,144852,57502,104008,1346725,747823,188678,90110,679396,2232,136,256,161
2021-04-27T23:59:59+02:00,47,58,29433,33373,64900,84241,75596,108909,99960,154922,166913,197248,232502,258125,211227,267624,65832,119345,14,9,10325,10042,20681,27187,23591,39080,30743,56552,43167,56228,47233,47754,110458,141416,57383,103808,1312657,738001,186370,86097,671403,1511,134,251,151
2021-04-26T23:59:59+02:00,46,58,29003,32988,63799,83355,74095,107744,97669,153208,158301,189248,228310,253282,210520,266627,65739,119145,14,9,10231,9952,20462,26997,23354,38866,30444,56210,42548,55656,45426,45605,108560,138934,57287,103654,1283714,730031,184927,82995,664673,1130,128,247,147
2021-04-25T23:59:59+02:00,46,57,28751,32748,63023,82828,73031,107007,95937,151978,152914,184377,223977,248400,209930,265846,65673,119022,14,9,10175,9918,20384,26917,23266,38782,30336,56083,42388,55496,45014,45108,107879,138027,57259,103583,1270935,728361,178789,81230,655998,998,125,244,146
2021-04-24T23:59:59+02:00,46,56,28407,32320,62081,81603,71847,105558,94386,150315,148005,179226,221191,245066,209460,265172,65639,118972,14,9,10161,9899,20343,26875,23213,38715,30255,55997,42237,55360,44770,44799,107627,137730,57238,103555,1246049,727266,178759,80529,654712,955,124,243,144
2021-04-23T23:59:59+02:00,44,56,27659,31698,60514,80090,70053,103536,91796,147669,143215,174828,216635,239513,208805,264184,65576,118857,14,9,10108,9836,20233,26788,23082,38565,30022,55788,41874,55029,44154,44038,106564,136442,57082,103280,1221138,723911,177574,78049,646179,903,123,239,141
2021-04-22T23:59:59+02:00,42,55,27043,31097,58978,78654,67585,101319,87666,144177,135176,167340,207610,228520,206765,261554,65377,118461,13,9,9983,9740,19982,26490,22728,38131,29510,55276,41123,54394,42997,42723,104570,133990,56853,102882,1179616,716424,170119,74147,637842,782,123,234,137
2021-04-21T23:59:59+02:00,42,51,26547,30575,57645,77549,65702,99686,84620,141536,127993,160522,194531,213186,204615,258668,65151,118035,13,9,9851,9654,19749,26239,22440,37806,29154,54823,40569,53859,42148,41705,102376,131199,56598,102468,1128110,709861,167229,70054,631470,710,123,230,130
2021-04-20T23:59:59+02:00,41,50,26121,30104,56479,76402,64025,98100,82066,138964,122905,155451,183060,199731,202188,255532,64915,117605,13,9,9746,9564,19529,26051,22148,37534,28742,54405,40030,53327,41331,40771,100153,128207,56260,101932,1085462,702293,163741,66805,624689,630,121,228,121
2021-04-19T23:59:59+02:00,41,49,25754,29745,55505,75581,62737,96921,79934,137040,119377,152064,177298,192891,200478,253295,64731,117275,13,9,9638,9471,19298,25830,21904,37260,28427,54012,39516,52796,40534,39863,97042,124221,55855,101217,1060883,691903,161909,64387,618084,592,120,218,121
2021-04-18T23:59:59+02:00,40,44,25445,29482,54736,75035,61613,95974,78072,135610,116011,149669,172186,187334,199465,252066,64619,117082,13,9,9564,9396,19108,25653,21726,37095,28212,53736,39257,52546,40205,39480,95829,122672,55672,100916,1046879,688032,160240,62456,607519,577,120,214,120
2021-04-17T23:59:59+02:00,39,43,25336,29389,54366,74837,61097,95621,77419,135011,115162,148928,167932,182453,198932,251340,64585,117019,13,9,9519,9337,18969,25464,21539,36866,27984,53462,38993,52279,39904,39155,95062,121747,55607,100832,1036002,684010,160211,62142,603451,565,120,213,120
2021-04-16T23:59:59+02:00,39,43,24961,29139,53375,74228,59807,94742,75791,133681,111009,144786,160287,173688,197274,249139,64477,116811,13,9,9313,9162,18577,25030,20953,36292,26873,52557,36968,50676,36582,36201,91866,118218,55205,100177,1010085,668891,159419,55221,593927,536,119,211,119
2021-04-15T23:59:59+02:00,36,39,24485,28690,52121,73061,57843,93017,72513,130841,105547,139510,152427,164716,192622,243270,64181,116194,13,9,9139,8998,18207,24607,20459,35629,26196,51758,35577,49444,34471,34149,88743,114477,54697,99320,977896,655754,157364,49632,576002,486,118,209,115
2021-04-14T23:59:59+02:00,34,36,24146,28363,51187,72123,56499,91629,70126,128678,101546,135741,143232,154336,184883,233391,63839,115528,13,9,8731,8726,17730,24100,19924,34981,25285,50880,34288,48325,32422,31995,85763,110826,54205,98459,940015,640841,154694,45408,560759,393,117,202,114
2021-04-13T23:59:59+02:00,34,36,23906,28145,50489,71589,55552,90798,68491,127263,97822,132300,131406,141215,178492,225066,63501,114938,13,9,8494,8551,17384,23689,19497,34443,24620,50087,33218,47306,31037,30631,83600,108427,53845,97914,906758,631460,150177,41014,544259,271,117,198,113
2021-04-12T23:59:59+02:00,34,35,23697,27955,49934,71076,54685,90063,67020,125973,95191,129978,124293,133184,175265,221116,63230,114447,13,9,8257,8361,17019,23390,19124,34006,24148,49553,32551,46678,29507,29093,81936,106489,53518,97394,890334,623015,148633,37755,528364,257,115,192,110
2021-04-11T23:59:59+02:00,33,35,23522,27792,49405,70655,53951,89607,65875,125167,93333,128498,118805,127165,171351,216513,63060,114150,13,9,8122,8227,16721,23111,18806,33693,23790,49172,32106,46293,28871,28427,80919,105240,53309,97076,882849,617719,144231,35931,512000,243,109,186,107
2021-04-10T23:59:59+02:00,33,35,23461,27735,49238,70518,53751,89447,65544,124897,92807,128060,116721,124634,169910,214662,63018,114050,13,9,7534,7621,15828,22323,17848,32852,22671,48140,30993,45298,28209,27716,78825,102633,53042,96640,875846,602390,143375,35552,509467,239,103,185,107
2021-04-09T23:59:59+02:00,32,35,23212,27485,48736,70028,53111,88758,64547,123771,90983,126153,107886,113686,166530,210254,62819,113692,12,9,6574,6719,14296,21000,16128,31295,20527,46171,28781,43290,26431,25892,75317,98447,52497,95800,856410,574911,136319,34037,499162,227,92,180,104
2021-04-08T23:59:59+02:00,32,35,22915,27239,48156,69539,52355,88058,63238,122685,88565,123988,97571,101678,160985,203404,62490,113123,12,9,5930,6130,13105,19980,14869,29958,18889,44455,26291,40956,23409,22924,70654,92653,51343,94033,837710,543292,127422,32102,481104,200,83,178,101
2021-04-07T23:59:59+02:00,30,34,22603,27012,47347,69077,51424,87442,61849,121699,85418,121541,88376,91383,153980,194616,62196,112566,12,9,5550,5807,12446,19304,14053,29133,17850,43405,24386,39065,20872,20400,66688,87878,50345,92414,817284,519812,121821,29630,459673,174,76,171,96
2021-04-06T23:59:59+02:00,29,34,22392,26852,46817,68693,50833,86918,60817,120922,83308,119799,80615,82571,147611,186652,61851,111940,12,9,5355,5648,12093,18945,13700,28701,17314,42842,23529,38256,19744,19369,63529,83777,49423,91026,798000,506436,118609,26680,442236,163,70,164,94
2021-04-05T23:59:59+02:00,29,33,22293,26727,46504,68344,50442,86518,60270,120229,82127,118648,76135,77474,142631,180569,61650,111624,12,9,5215,5509,11832,18693,13406,28388,16991,42466,23082,37795,19283,18900,60641,80217,48723,89959,788556,497087,116856,23885,427029,158,66,159,94
2021-04-04T23:59:59+02:00,29,33,22244,26666,46382,68071,50271,86203,59989,119728,81617,118016,74691,75766,141927,179598,61613,111543,12,9,5210,5501,11813,18679,13394,28371,16972,42449,22984,37723,18877,18579,59203,78367,48516,89648,786014,492291,116748,23882,421829,151,60,155,91
2021-04-03T23:59:59+02:00,29,33,22182,26585,46259,67962,50107,86027,59674,119416,81049,117438,73345,74132,140812,178062,61530,111395,12,9,5201,5492,11800,18660,13371,28351,16939,42402,22878,37648,18741,18429,58852,77802,48427,89501,779655,490502,116706,23882,419880,149,59,154,91
2021-04-02T23:59:59+02:00,29,33,22104,26500,46097,67795,49889,85779,59204,118963,80169,116626,71788,72247,138533,175079,61335,111035,12,9,5181,5455,11752,18617,13316,28269,16851,42253,22606,37173,18385,18066,56513,74918,47614,88400,770531,482024,114929,23239,417952,149,55,152,89
2021-04-01T23:59:59+02:00,26,31,21909,26296,45681,67275,49243,85038,58329,118024,78286,114957,68527,68820,134446,169903,61017,110464,12,9,5034,5311,11478,18352,13092,28033,16530,41944,22101,36732,17557,17318,51653,68870,45927,85927,758880,463906,108840,21865,410762,136,50,149,87
2021-03-31T23:59:59+02:00,26,31,21580,26077,45280,66747,48745,84388,57597,117084,77125,113715,66480,66501,129686,163783,60613,109739,11,9,4956,5258,11379,18230,12929,27880,16291,41675,21511,36220,16429,16418,46423,62442,44540,83933,749110,445501,101666,20939,404637,133,43,147,82
2021-03-30T23:59:59+02:00,26,30,21403,25855,44879,66129,48239,83589,56886,116032,75987,112336,64635,64482,125303,158035,60147,108842,11,9,4889,5173,11274,18104,12736,27690,15962,41352,20937,35673,15597,15616,43660,59027,43427,82135,738928,433639,97442,19572,396693,106,36,140,80
2021-03-29T23:59:59+02:00,25,30,21205,25617,44416,65578,47763,82899,56152,114952,74752,110900,62140,61733,118566,149413,59378,107449,11,9,4791,5100,11168,17988,12582,27525,15717,41029,20477,35205,14948,15074,41059,56035,42319,80306,718393,422413,94023,18889,390782,89,34,138,78
2021-03-28T23:59:59+02:00,25,30,20999,25326,43918,64886,47246,82156,55474,113945,73807,109791,60881,60298,113858,143443,58934,106690,11,9,4735,5040,11022,17838,12324,27225,15525,40784,20310,34972,14709,14829,39986,54627,41969,79765,711852,418100,86713,17565,383371,68,34,134,73
2021-03-27T23:59:59+01:00,25,30,20878,25168,43624,64522,46882,81628,54970,113257,73132,109054,59727,59214,112370,141732,58867,106608,11,9,4721,5028,10995,17819,12306,27195,15163,40354,19909,34535,14418,14619,39500,53939,41496,78948,706574,414044,86009,16912,379331,64,34,133,71
2021-03-26T23:59:59+01:00,25,29,20627,24657,42817,62820,45912,79602,53633,110234,71118,105436,57714,57325,109619,138501,58539,106092,9,9,4702,4995,10972,17767,12236,27104,15085,40244,19568,33938,13948,13966,36420,50087,39438,75693,695177,399493,82690,16693,367055,52,31,133,71
2021-03-25T23:59:59+01:00,25,26,20195,23984,41942,61056,44817,77050,52121,106704,68731,101673,55118,54690,106306,134537,57969,105099,9,9,4656,4940,10880,17664,12115,26959,14903,40025,19292,33631,13476,13475,32571,45033,36436,71142,683750,381118,78494,16107,350023,47,28,130,71
2021-03-24T23:59:59+01:00,25,26,19791,23537,41157,59783,43798,75512,50739,104778,66629,99342,52334,51772,102055,129443,57329,104023,9,9,4601,4874,10787,17522,11948,26755,14673,39739,18925,33212,13021,13029,30001,41823,33321,66304,670947,365559,73618,15016,337736,40,23,127,70
2021-03-23T23:59:59+01:00,25,26,19543,23235,40596,58865,43073,74417,49699,103263,64962,97483,50038,49427,99304,126232,56772,103184,9,9,4541,4803,10688,17396,11802,26571,14428,39426,18514,32823,12523,12524,27565,38713,29622,60381,662795,347924,70274,14438,327304,37,22,125,70
2021-03-22T23:59:59+01:00,25,26,19321,22820,39953,57981,42405,73376,48754,101877,63488,95850,48210,47542,96910,123494,56301,102419,6,8,4484,4757,10600,17280,11671,26393,14269,39185,18272,32520,12208,12150,25725,36354,25631,53913,656493,331573,67471,13882,317016,32,22,122,68
2021-03-21T23:59:59+01:00,25,26,19182,22561,39460,57224,41853,72530,48101,100721,62544,94615,47164,46516,95267,121642,55931,101842,6,8,4468,4748,10564,17232,11624,26306,14209,39098,18191,32419,12088,12015,25295,35905,25277,53353,653910,329371,65441,13469,308079,32,20,120,64
2021-03-20T23:59:59+01:00,24,26,19123,22417,39247,56730,41613,71969,47790,100086,62102,94013,46509,45752,92672,118415,55643,101356,6,8,4459,4739,10555,17219,11596,26289,14166,39063,18110,32344,11934,11855,24654,35132,24513,52269,647448,325664,64992,13281,303269,32,20,120,64
2021-03-19T23:59:59+01:00,23,25,18767,21853,38114,54608,40331,69977,46055,98001,59221,91257,42072,41882,87453,112656,54942,100279,6,8,4437,4724,10522,17169,11531,26177,14074,38891,17875,32045,11583,11573,22974,33071,22827,49706,629700,316313,57783,12918,290255,28,19,116,64
2021-03-18T23:59:59+01:00,23,24,18373,21203,36936,52453,38793,67189,43900,93529,55376,85464,38041,38083,82726,107182,53853,98626,6,8,4417,4695,10456,17066,11453,26022,13929,38704,17662,31844,11349,11390,21729,31550,21110,47106,612777,308231,52044,12305,267168,26,18,115,62
2021-03-17T23:59:59+01:00,23,23,17947,20851,36208,51535,38025,66232,42817,92171,53586,83638,35366,35291,78713,102363,52914,97155,5,8,4394,4667,10394,16971,11379,25889,13816,38516,17466,31651,11113,11164,20477,30130,19518,44698,596112,300705,47640,11594,261315,23,18,112,60
2021-03-16T23:59:59+01:00,23,23,17587,20431,35459,50465,37211,65037,41720,90500,51747,81651,33162,33275,74680,97407,52032,95841,5,6,4344,4616,10321,16841,11288,25736,13716,38278,17333,31407,10938,10983,19196,28603,18036,42369,582845,292904,42952,11159,252660,23,14,111,59
2021-03-15T23:59:59+01:00,23,23,17307,20066,34747,49484,36419,63848,40814,89021,50485,80048,31438,31439,71388,93313,51336,94709,5,6,4322,4581,10254,16718,11222,25536,13599,37990,17185,31136,10773,10825,18465,27637,16774,40505,571714,287077,39622,10512,244786,23,3,106,59
2021-03-14T23:59:59+01:00,23,22,17038,19639,33892,48273,35519,62531,39755,87193,49229,78320,30272,30200,69393,90749,50894,94033,5,6,4298,4562,10209,16640,11166,25394,13539,37768,17095,30974,10701,10739,18285,27357,16511,39943,564598,285879,37741,9381,234853,14,0,101,59
2021-03-13T23:59:59+01:00,23,22,16222,18578,32391,46233,33945,60395,37717,84114,47092,75762,28921,28845,67374,88122,50626,93642,5,6,4298,4561,10207,16634,11162,25385,13530,37761,17087,30965,10666,10708,17537,26471,15464,38491,548246,281625,37458,9380,224517,14,0,101,58
2021-03-12T23:59:59+01:00,22,21,15123,17201,29948,43579,31279,57253,34852,79259,43879,71296,26080,25653,63069,82821,49642,92241,5,5,4285,4528,10188,16572,11144,25333,13486,37642,16997,30835,10389,10480,16646,25224,14394,36964,520199,275816,36145,9369,207060,11,0,99,57
2021-03-11T23:59:59+01:00,21,21,14080,15739,27691,40882,28956,54069,32259,74868,40125,66406,22673,22176,57060,75512,47716,89416,5,5,4244,4487,10108,16453,11031,25108,13368,37332,16831,30530,10087,10268,16013,24380,13725,35687,488153,271808,34553,7929,187134,8,0,93,53
2021-03-10T23:59:59+01:00,21,21,13486,15039,26282,39268,27302,52247,30695,72548,37606,63283,19922,19623,51142,68379,46164,87085,5,5,4209,4443,10009,16286,10911,24857,13220,36913,16632,30157,9845,10084,15270,23607,13065,34662,461726,267071,32509,7185,176046,6,0,91,51
2021-03-09T23:59:59+01:00,20,20,13204,14573,25155,38229,25885,51061,29630,70894,36225,61448,18739,18499,47632,63934,45044,85296,5,5,4184,4417,9924,16119,10807,24598,13067,36596,16455,29920,9720,9981,14605,22767,12565,33888,448122,263350,29975,6351,167546,6,0,91,48
2021-03-08T23:59:59+01:00,19,20,12873,13964,24075,37117,24616,49924,28695,69412,34987,59829,17666,17618,43512,58949,43816,83309,5,5,4169,4381,9862,15920,10704,24334,12934,36238,16325,29655,9636,9897,14109,22162,12250,33445,432658,260154,27976,5958,159919,2,0,89,47
2021-03-07T23:59:59+01:00,19,20,12640,13669,23481,36264,23918,49048,28093,68543,34376,59067,17401,17365,42444,57498,43451,82746,5,5,4157,4368,9840,15878,10677,24260,12904,36068,16268,29541,9614,9868,13911,21907,12115,33242,427885,259095,26161,5615,156148,0,0,85,47
2021-03-06T23:59:59+01:00,19,20,12526,13377,23079,35529,23383,48257,27044,67010,33275,57302,17013,17035,41798,56607,43151,82277,5,5,4154,4354,9829,15851,10659,24226,12894,36027,16250,29510,9596,9828,13865,21869,12012,33031,423813,258718,26097,5331,148942,0,0,83,45
2021-03-05T23:59:59+01:00,19,20,12113,12773,22395,34325,22698,47028,26288,65381,32040,54882,16364,16202,38342,52306,41000,78842,5,5,4127,4307,9759,15751,10609,24078,12826,35832,16163,29305,9501,9758,13680,21658,11640,32418,408640,257024,24644,4483,139877,0,0,83,43
2021-03-04T23:59:59+01:00,17,20,11354,11762,21206,32597,21486,44979,24931,62731,30345,52527,15635,15483,34343,47141,37926,74160,5,5,4078,4216,9645,15459,10506,23719,12693,35298,16020,28904,9323,9603,13522,21448,11555,32272,390214,253966,22567,4390,126002,0,0,83,40
2021-03-03T23:59:59+01:00,15,20,11044,11266,20519,31377,20711,43616,24022,60979,29299,50886,15156,14982,31728,43817,34841,69393,5,5,4037,4153,9564,15288,10426,23467,12587,34876,15840,28557,9138,9477,13396,21230,11410,32002,374767,251320,21771,4224,117273,0,0,79,37
2021-03-02T23:59:59+01:00,15,20,10783,10838,19874,30405,19998,42598,23235,59592,28325,49608,14530,14335,29051,40449,30947,63177,5,5,3989,4081,9502,15122,10357,23201,12482,34443,15739,28248,9012,9374,13256,21040,11333,31856,356570,248907,20261,4222,111083,0,0,78,37
2021-03-01T23:59:59+01:00,13,19,10611,10578,19361,29601,19435,41714,22645,58521,27611,48484,14113,13881,26982,37872,26680,56282,5,5,3973,4031,9447,14967,10293,22902,12401,34068,15632,27926,8928,9312,13074,20770,11217,31673,339343,246484,19146,4222,106045,0,0,76,37
2021-02-28T23:59:59+01:00,12,19,10441,10376,18893,28951,18898,40974,22163,57666,27119,47688,13905,13637,26376,37214,26275,55679,5,5,3957,4017,9421,14934,10274,22851,12384,33998,15605,27879,8901,9288,12943,20591,11154,31524,336878,245629,18284,4185,101252,0,0,76,36
2021-02-27T23:59:59+01:00,12,18,10262,9861,18565,28086,18640,40187,21880,56683,26793,46899,13633,13336,25710,36417,25355,54262,5,5,3944,4005,9399,14913,10242,22804,12345,33916,15559,27805,8880,9272,12923,20568,11132,31504,332984,245268,17562,4036,96177,0,0,76,36
2021-02-26T23:59:59+01:00,11,17,9467,9079,17667,26649,17858,37982,20949,53837,25334,44080,13167,12935,24120,34429,23827,51958,5,5,3863,3936,9321,14752,10168,22548,12265,33550,15444,27512,8801,9192,12857,20501,11093,31434,323860,243369,17307,3962,82316,0,0,76,34
2021-02-25T23:59:59+01:00,11,17,8310,8226,16350,25041,16593,35726,19715,50952,23627,41301,12691,12534,22844,32842,22329,49679,5,5,3739,3791,9155,14435,9948,21943,12009,32696,15118,26858,8606,9041,12594,20176,10953,31165,316255,239219,16534,3103,66110,0,0,73,32
2021-02-24T23:59:59+01:00,10,16,7945,7701,15697,24009,15968,34492,19001,49442,22838,40102,12298,12198,21539,31349,20651,47051,4,5,3667,3723,9014,14146,9770,21488,11805,32067,14856,26323,8464,8903,12451,20003,10888,30953,308029,236445,15567,2169,58819,0,0,73,31
2021-02-23T23:59:59+01:00,10,16,7461,7222,14882,22833,15282,33273,18281,48034,22121,39032,11987,11875,20200,29776,19038,44497,4,5,3626,3647,8894,13943,9629,21090,11617,31487,14557,25821,8294,8759,12323,19792,10816,30715,299914,233599,14768,1504,51242,0,0,72,30
2021-02-22T23:59:59+01:00,9,14,7354,7016,14500,22217,14931,32548,17814,47026,21625,38299,11785,11625,19451,28766,17721,42543,4,5,3596,3545,8757,13652,9467,20588,11362,30742,14188,25222,8046,8565,12124,19538,10710,30407,294036,230283,14161,317,47147,0,0,70,30
2021-02-21T23:59:59+01:00,9,14,7264,6890,14176,21771,14512,31966,17398,46375,21187,37805,11679,11523,19289,28552,17473,42209,4,5,3557,3505,8673,13528,9388,20372,11290,30450,14067,24953,7987,8503,12067,19428,10639,30243,292888,228438,13791,301,43511,0,0,68,30
2021-02-20T23:59:59+01:00,9,14,7147,6840,14050,21691,14395,31830,17279,46224,21027,37621,11580,11439,18506,27634,16415,40740,4,5,3554,3499,8663,13520,9378,20351,11276,30425,14053,24942,7982,8494,12003,19364,10585,30174,288626,228054,13594,300,42317,0,0,67,28
2021-02-19T23:59:59+01:00,7,13,6845,6588,13696,21253,14024,31161,16806,45428,20321,36751,10978,11037,17459,26305,15259,39133,4,5,3474,3475,8588,13492,9334,20293,11238,30332,13994,24848,7940,8434,11783,19092,10393,29845,282247,226349,13217,298,37693,0,0,65,27
2021-02-18T23:59:59+01:00,7,13,6448,6115,13069,20109,13383,29790,15991,43560,19449,35174,10750,10835,16873,25563,14682,38250,4,5,3289,3338,8254,12953,9039,19543,10887,29289,13624,24019,7735,8126,11196,18140,9896,28690,278658,217812,12682,298,28811,0,0,64,26
2021-02-17T23:59:59+01:00,7,12,6282,5772,12624,19231,12893,28601,15288,41839,18802,33850,10520,10583,16117,24748,13905,37065,3,5,3039,3178,7914,12436,8739,18752,10520,28242,13237,23167,7501,7889,10640,17288,9460,27875,273995,209670,11952,294,22280,0,0,60,26
2021-02-16T23:59:59+01:00,7,12,5956,5470,12088,18399,12392,27531,14744,40463,18208,32816,10365,10480,15449,23920,13397,36281,3,5,2857,3058,7611,11983,8433,18028,10122,27151,12776,22267,7230,7596,9926,16115,8732,26323,270471,200156,11455,138,16141,0,0,57,26
2021-02-15T23:59:59+01:00,7,12,5851,5288,11791,17753,12125,26748,14397,39469,17862,32047,10237,10369,14891,23268,13037,35744,3,5,2768,2978,7418,11661,8215,17521,9819,26304,12425,21585,6961,7310,9229,15057,8221,25043,267374,192509,10853,92,12761,0,0,54,25
2021-02-14T23:59:59+01:00,7,12,5582,5173,11542,17483,11902,26315,14165,39022,17671,31769,10191,10318,14657,22928,12873,35351,3,5,2717,2940,7304,11494,8087,17314,9642,25972,12246,21282,6864,7185,9005,14674,8034,24507,266372,189264,9918,90,10763,0,0,53,23
2021-02-13T23:59:59+01:00,7,12,5522,5135,11492,17446,11871,26283,14137,38990,17651,31750,10177,10290,14630,22895,12859,35333,3,5,2713,2937,7299,11487,8075,17292,9625,25937,12219,21238,6833,7150,8849,14462,7681,23876,266127,187753,9914,8,10532,0,0,52,21
2021-02-12T23:59:59+01:00,7,11,5005,4818,10924,17084,11554,25733,13819,38350,17320,31110,10067,10183,14449,22683,12778,35224,3,5,2662,2904,7203,11329,7975,17061,9478,25545,12005,20791,6650,6915,8486,13901,7088,22533,264441,182609,9903,6,6867,0,0,51,20
2021-02-11T23:59:59+01:00,7,11,4543,4517,10339,16403,11141,24925,13341,37089,16831,30251,9752,9920,14167,22235,12497,34537,3,5,2493,2630,6604,10136,7285,15325,8614,22925,10948,18707,5996,6202,7439,12285,6271,20217,261207,164160,8260,3,3131,0,0,49,14
2021-02-10T23:59:59+01:00,7,11,4295,4349,10005,15955,10832,24387,13030,36205,16416,29502,9534,9783,13985,22030,12405,34331,3,5,2130,2338,5666,8670,6476,13282,7629,20014,9819,16663,5452,5615,6451,10622,5496,18164,258554,144571,7760,2,839,0,0,46,2
2021-02-09T23:59:59+01:00,7,10,4231,4251,9880,15688,10723,23985,12856,35587,16204,29030,9355,9642,13789,21817,12262,34107,3,5,1734,1984,4883,7401,5701,11487,6711,17496,8735,14666,4879,4987,5401,9063,4761,16047,256100,126011,6981,1,434,0,0,45,2
2021-02-08T23:59:59+01:00,7,10,4196,4197,9786,15478,10614,23624,12736,35129,16059,28671,9261,9575,13586,21534,12155,33910,3,5,1569,1788,4322,6406,5036,9911,5894,14967,7719,12808,4326,4457,4427,7470,3998,13959,253723,109126,6466,1,428,0,0,43,2
2021-02-07T23:59:59+01:00,7,10,4031,4130,9629,15343,10512,23459,12656,34867,15946,28477,9220,9529,13442,21353,12081,33766,3,5,1354,1542,3903,5732,4620,9032,5467,13806,7232,11847,4072,4198,4195,7074,3837,13359,252628,101337,5921,1,0,0,0,39,1
2021-02-06T23:59:59+01:00,7,10,4022,4121,9618,15327,10499,23424,12634,34817,15928,28421,9201,9516,13424,21318,11975,33570,3,5,1202,1347,3671,5427,4435,8607,5249,13223,6952,11290,3938,4066,4069,6925,3559,12903,252286,96928,5637,1,0,0,0,39,0
2021-02-05T23:59:59+01:00,7,9,3949,4052,9546,15184,10433,23174,12549,34449,15814,28138,9117,9443,13352,21246,11626,32975,3,4,1061,1117,3391,4981,4176,8023,4934,12445,6569,10562,3683,3822,3910,6693,3050,12012,250407,90490,4745,0,0,0,0,39,0
2021-02-04T23:59:59+01:00,7,9,3891,3927,9425,14868,10256,22625,12361,33653,15599,27576,8996,9333,13127,20951,11512,32768,3,2,798,784,2566,3730,3242,6280,3983,9898,5247,8345,3008,3108,3294,5708,2661,10520,246453,73219,4520,0,0,0,0,38,0
2021-02-03T23:59:59+01:00,7,9,3822,3855,9323,14646,10152,22286,12228,33142,15451,27158,8886,9218,12987,20776,11435,32601,3,2,663,616,1936,2814,2507,4851,3012,7604,4019,6293,2194,2236,2400,4220,1929,7874,243722,55204,4350,0,0,0,0,37,0
2021-02-02T23:59:59+01:00,7,9,3755,3759,9224,14451,10053,21908,12087,32578,15249,26707,8759,9102,12864,20568,11353,32335,2,2,526,486,1467,2080,1915,3649,2267,5785,3001,4707,1555,1538,1639,2780,1343,5234,240510,39997,4348,0,0,0,0,35,0
2021-02-01T23:59:59+01:00,6,9,3715,3668,9146,14220,9946,21523,11950,31942,15064,26203,8640,8955,12755,20424,11304,32157,1,0,391,352,1023,1435,1263,2433,1477,3791,1868,2981,987,980,971,1695,770,3026,237369,25456,4348,0,0,0,0,33,0
2021-01-31T23:59:59+01:00,6,9,3696,3632,9092,14111,9876,21318,11882,31645,14961,26007,8584,8896,12703,20312,11259,32028,1,0,361,331,899,1245,1073,2060,1275,3237,1634,2611,889,889,869,1511,699,2719,235874,22313,4232,0,0,0,0,32,0
2021-01-30T23:59:59+01:00,6,9,3695,3629,9082,14098,9863,21295,11869,31625,14949,25993,8580,8891,12634,20243,11193,31950,1,0,345,307,838,1161,1016,1936,1211,3047,1559,2473,861,863,850,1471,684,2666,235554,21298,4139,0,0,0,0,32,0
2021-01-29T23:59:59+01:00,6,9,3635,3614,9022,14069,9834,21243,11836,31549,14900,25926,8556,8868,12448,20020,11012,31707,1,0,278,224,717,987,872,1575,1056,2658,1348,2149,771,772,802,1417,666,2613,234333,18913,4010,0,0,0,0,31,0
2021-01-28T23:59:59+01:00,6,8,3517,3527,8818,13682,9615,20730,11604,30967,14574,25430,8419,8766,12016,19403,10656,31129,1,0,131,57,299,363,380,616,464,1155,615,963,405,425,469,816,381,1582,229550,9125,3408,0,0,0,0,29,0
2021-01-27T23:59:59+01:00,6,8,3285,3391,8526,13264,9315,20106,11220,30133,14187,24692,8202,8553,11465,18599,10233,30365,1,0,80,33,206,225,247,419,308,806,436,661,308,309,347,607,286,1160,222838,6441,2797,0,0,0,0,29,0
2021-01-26T23:59:59+01:00,5,8,3121,3293,8244,12925,9052,19537,10916,29377,13791,24058,7964,8333,10889,17684,9587,29215,1,0,75,29,191,215,231,385,292,753,405,601,293,283,320,543,259,1030,216128,5908,1955,0,0,0,0,29,0
2021-01-25T23:59:59+01:00,5,8,3032,3199,7961,12444,8762,18833,10530,28376,13312,23293,7683,8132,10274,16866,9131,28314,1,0,67,21,170,193,197,326,253,632,354,497,256,238,266,465,210,843,209828,4991,412,0,0,0,0,26,0
2021-01-24T23:59:59+01:00,5,8,2988,3178,7876,12364,8689,18707,10421,28216,13182,23110,7640,8095,10207,16753,9083,28218,1,0,66,20,166,189,195,312,250,610,345,483,247,234,264,458,206,828,208517,4876,308,0,0,0,0,25,0
2021-01-23T23:59:59+01:00,5,8,2987,3177,7875,12361,8684,18697,10419,28202,13176,23105,7633,8092,10083,16587,8754,27632,1,0,65,20,166,188,195,311,248,609,343,483,247,234,264,458,206,826,207259,4866,305,0,0,0,0,23,0
2021-01-22T23:59:59+01:00,5,8,2924,3131,7751,12247,8601,18555,10309,28029,13094,22992,7602,8057,9884,16284,8236,26609,1,0,65,20,165,188,195,311,248,609,342,483,247,234,264,458,206,826,204105,4864,304,0,0,0,0,19,0
2021-01-21T23:59:59+01:00,5,8,2841,2961,7252,11334,8118,17409,9772,26403,12488,21778,7318,7731,9251,15344,7721,25562,1,0,59,18,148,174,178,279,222,534,305,443,222,208,233,380,175,693,193080,4274,304,0,0,0,0,16,0
2021-01-20T23:59:59+01:00,5,8,2480,2615,6369,9922,7369,15453,8821,23573,11379,19705,6716,7083,8156,13578,6909,23339,1,0,57,18,147,169,175,277,213,520,292,421,210,201,227,355,161,655,173257,4101,300,0,0,0,0,15,0
2021-01-19T23:59:59+01:00,5,8,2042,2260,5468,8533,6506,13563,7801,20791,10111,17468,5965,6201,6778,11398,5887,20302,0,0,41,12,98,124,119,170,150,357,192,293,133,114,141,238,113,489,150934,2785,218,0,0,0,0,15,0
2021-01-18T23:59:59+01:00,4,8,1770,1972,4710,7149,5552,11330,6604,17195,8688,14753,5083,5323,5399,9151,4820,16834,0,0,22,7,39,46,54,78,66,163,76,147,59,53,66,131,61,221,126311,1290,94,0,0,0,0,15,0
2021-01-17T23:59:59+01:00,3,8,1496,1684,4197,6356,5044,10199,6066,15632,8047,13494,4746,4977,5024,8477,4493,15834,0,0,8,2,9,15,16,28,20,50,29,57,24,23,20,31,13,47,115741,392,89,0,0,0,0,14,0
2021-01-16T23:59:59+01:00,3,7,1331,1481,3980,6035,4864,9762,5807,14968,7718,12798,4555,4749,4809,8201,4142,15230,0,0,0,0,0,1,1,2,1,1,1,2,0,1,1,0,0,1,110482,12,9,0,0,0,0,13,0
2021-01-15T23:59:59+01:00,3,7,1181,1255,3725,5613,4609,9194,5517,14129,7312,11998,4264,4453,4620,7893,3605,14185,0,0,0,0,0,0,0,0,0,0,0,0,0,0,0,0,0,0,103606,0,4,0,0,0,0,13,0
2021-01-14T23:59:59+01:00,3,4,907,944,2980,4427,3743,7378,4573,11385,5918,9653,3466,3582,3880,6662,3123,12382,0,0,0,0,0,0,0,0,0,0,0,0,0,0,0,0,0,0,85045,0,0,0,0,0,0,13,0
2021-01-13T23:59:59+01:00,3,3,772,791,2506,3694,3159,6153,3802,9441,4824,7777,2596,2667,2923,5077,2392,9466,0,0,0,0,0,0,0,0,0,0,0,0,0,0,0,0,0,0,68075,0,0,0,0,0,0,12,0
2021-01-12T23:59:59+01:00,2,3,639,659,2097,3029,2602,5003,3046,7600,3803,6110,1864,1846,2000,3440,1694,6465,0,0,0,0,0,0,0,0,0,0,0,0,0,0,0,0,0,0,51937,0,0,0,0,0,0,0,0
2021-01-11T23:59:59+01:00,1,1,495,524,1747,2452,2087,4001,2360,5777,2828,4433,1201,1141,1201,2029,936,3683,0,0,0,0,0,0,0,0,0,0,0,0,0,0,0,0,0,0,36922,0,0,0,0,0,0,0,0
2021-01-10T23:59:59+01:00,1,1,438,455,1485,2026,1747,3277,1950,4792,2350,3714,1060,1015,1058,1781,835,3230,0,0,0,0,0,0,0,0,0,0,0,0,0,0,0,0,0,0,31231,0,0,0,0,0,0,0,0
2021-01-09T23:59:59+01:00,1,1,407,410,1360,1849,1601,2986,1797,4344,2165,3383,988,946,1003,1728,817,3187,0,0,0,0,0,0,0,0,0,0,0,0,0,0,0,0,0,0,28987,0,0,0,0,0,0,0,0
2021-01-08T23:59:59+01:00,1,1,310,281,1110,1503,1322,2314,1477,3562,1795,2766,853,838,915,1604,769,3031,0,0,0,0,0,0,0,0,0,0,0,0,0,0,0,0,0,0,24463,0,0,0,0,0,0,0,0
2021-01-07T23:59:59+01:00,1,0,145,76,401,507,485,797,595,1375,785,1203,467,483,563,966,466,1911,0,0,0,0,0,0,0,0,0,0,0,0,0,0,0,0,0,0,11229,0,0,0,0,0,0,0,0
2021-01-06T23:59:59+01:00,1,0,111,44,272,287,311,520,399,932,535,825,360,361,425,748,359,1445,0,0,0,0,0,0,0,0,0,0,0,0,0,0,0,0,0,0,7938,0,0,0,0,0,0,0,0
2021-01-05T23:59:59+01:00,1,0,87,31,193,232,245,432,320,822,451,703,344,347,408,716,352,1391,0,0,0,0,0,0,0,0,0,0,0,0,0,0,0,0,0,0,7078,0,0,0,0,0,0,0,0
2021-01-04T23:59:59+01:00,1,0,69,25,176,194,203,338,257,639,357,513,269,254,289,519,235,935,0,0,0,0,0,0,0,0,0,0,0,0,0,0,0,0,0,0,5275,0,0,0,0,0,0,0,0
2021-01-03T23:59:59+01:00,1,0,67,21,169,189,198,322,255,622,348,496,261,252,285,506,233,918,0,0,0,0,0,0,0,0,0,0,0,0,0,0,0,0,0,0,5145,0,0,0,0,0,0,0,0
2021-01-02T23:59:59+01:00,1,0,67,21,169,189,198,322,252,622,345,496,261,252,285,506,233,917,0,0,0,0,0,0,0,0,0,0,0,0,0,0,0,0,0,0,5138,0,0,0,0,0,0,0,0
2021-01-01T23:59:59+01:00,1,0,66,21,168,189,198,320,251,622,342,494,261,252,285,504,233,917,0,0,0,0,0,0,0,0,0,0,0,0,0,0,0,0,0,0,5126,0,0,0,0,0,0,0,0
2020-12-31T23:59:59+01:00,1,0,66,21,167,187,198,319,250,621,341,493,261,252,285,504,233,917,0,0,0,0,0,0,0,0,0,0,0,0,0,0,0,0,0,0,5118,0,0,0,0,0,0,0,0
2020-12-30T23:59:59+01:00,1,0,65,21,167,186,196,316,249,619,340,491,261,252,285,504,232,917,0,0,0,0,0,0,0,0,0,0,0,0,0,0,0,0,0,0,5104,0,0,0,0,0,0,0,0
2020-12-29T23:59:59+01:00,1,0,46,13,119,140,147,212,182,445,239,377,179,164,197,375,171,715,0,0,0,0,0,0,0,0,0,0,0,0,0,0,0,0,0,0,3723,0,0,0,0,0,0,0,0
2020-12-28T23:59:59+01:00,1,0,25,9,66,77,82,122,101,253,118,234,98,93,104,200,102,388,0,0,0,0,0,0,0,0,0,0,0,0,0,0,0,0,0,0,2074,0,0,0,0,0,0,0,0
2020-12-27T23:59:59+01:00,0,0,12,3,18,26,37,47,36,89,37,96,33,29,41,73,31,145,0,0,0,0,0,0,0,0,0,0,0,0,0,0,0,0,0,0,753,0,0,0,0,0,0,0,0
