Datum,<15_1_m,<15_1_w,15-24_1_m,15-24_1_w,25-34_1_m,25-34_1_w,35-44_1_m,35-44_1_w,45-54_1_m,45-54_1_w,55-64_1_m,55-64_1_w,65-74_1_m,65-74_1_w,75-84_1_m,75-84_1_w,>84_1_m,>84_1_w,<15_2_m,<15_2_w,15-24_2_m,15-24_2_w,25-34_2_m,25-34_2_w,35-44_2_m,35-44_2_w,45-54_2_m,45-54_2_w,55-64_2_m,55-64_2_w,65-74_2_m,65-74_2_w,75-84_2_m,75-84_2_w,>84_2_m,>84_2_w,bp_1,bp_2,mo_1,mo_2,az_1,az_2,ja,unb_1,unb_2
2021-11-19T23:59:59+01:00,62640,59349,347256,326121,452585,413811,453578,439885,506861,510966,544434,541610,361328,403488,250390,321755,73781,135864,46288,43719,296485,283511,401306,367078,411581,400161,469614,474679,516714,515051,350357,390682,243836,312511,71128,130180,4521478,4107150,538906,514660,809475,766387,337469,771,767
2021-11-18T23:59:59+01:00,61320,58048,345584,324641,451000,412022,452212,438470,505726,509827,543652,540757,360962,403065,250250,321494,73752,135750,45865,43303,295296,282511,400137,366102,410574,399278,468787,473885,516028,514546,350132,390412,243718,312338,71088,130116,4505023,4097000,538464,514323,809469,766378,337200,771,767
2021-11-17T23:59:59+01:00,60341,57068,343986,323272,449410,410357,450897,437159,504603,508796,542844,539873,360599,402625,250099,321231,73697,135616,45587,43032,294489,281805,399215,365304,409836,398595,468108,473272,515487,514078,349916,390124,243616,312158,71063,130037,4489606,4089071,538051,514087,809455,766368,336981,771,767
2021-11-16T23:59:59+01:00,59426,56240,342103,321756,447488,408571,449377,435711,503387,507636,541959,538985,360228,402164,249919,320927,73635,135485,45319,42782,293681,281133,398341,364514,409116,397974,467513,472680,514982,513637,349701,389867,243466,311986,71033,129958,4472914,4081566,537561,513851,809451,766363,336690,771,765
2021-11-15T23:59:59+01:00,58597,55470,339978,320027,445340,406646,447764,434235,502118,506419,541064,538110,359878,401777,249762,320694,73597,135386,45111,42608,292921,280558,397556,363876,408469,397423,467007,472187,514590,513276,349513,389649,243368,311828,70998,129865,4455458,4075225,537222,513645,809434,766355,336365,771,764
2021-11-14T23:59:59+01:00,57698,54589,338155,318660,443563,405024,446417,433065,501052,505414,540318,537441,359625,401480,249656,320543,73569,135316,44906,42402,292271,280036,396868,363274,407938,396936,466544,471767,514262,512941,349318,389499,243293,311725,70978,129834,4440844,4069661,536876,513504,809412,766345,336069,771,764
2021-11-13T23:59:59+01:00,57184,54117,336665,317419,442162,403832,445305,432132,500184,504702,539795,537020,359514,401343,249605,320477,73552,135300,44820,42333,291962,279759,396576,363014,407691,396724,466316,471570,514110,512805,349267,389444,243268,311688,70973,129824,4429923,4067260,536701,513430,809399,766341,335900,771,764
2021-11-12T23:59:59+01:00,56355,53292,334057,315310,439964,402005,443570,430570,498851,503418,538900,536272,359325,401090,249508,320333,73527,135269,44625,42118,291196,279153,395863,362433,407073,396230,465793,471129,513743,512520,349158,389311,243228,311625,70957,129801,4411929,4061566,536305,513248,809393,766328,335601,771,764
2021-11-11T23:59:59+01:00,55180,52092,330583,312562,436904,399205,441038,428327,496917,501615,537639,535133,358925,400601,249350,320078,73479,135173,44170,41671,290134,278245,394941,361479,406237,395418,465107,470410,513189,512027,348939,389074,243113,311461,70923,129723,4386492,4052840,535541,512896,809375,766310,335001,771,764
2021-11-10T23:59:59+01:00,54403,51437,327860,310389,434123,396807,438941,426500,495261,500081,536522,534068,358558,400157,249188,319824,73435,135072,43910,41390,289321,277492,394102,360689,405563,394749,464508,469812,512712,511580,348693,388810,242972,311291,70890,129654,4365411,4045566,535062,512668,809347,766281,334409,771,764
2021-11-09T23:59:59+01:00,53771,50796,325589,308561,431835,394956,437295,424999,493855,498806,535547,533182,358239,399814,249046,319619,73402,134978,43629,41133,288634,276920,393455,360065,405044,394210,464062,469283,512275,511143,348489,388565,242861,311131,70853,129572,4348125,4039734,534558,512249,809321,766242,333885,771,763
2021-11-08T23:59:59+01:00,53074,50129,322530,306193,428891,392561,435075,423184,492115,497304,534419,532145,357829,399421,248896,319400,73371,134894,43426,40945,287956,276289,392752,359424,404560,393685,463608,468792,511907,510755,348287,388334,242784,310999,70825,129510,4326651,4034317,533997,511990,809289,766225,333092,771,763
2021-11-07T23:59:59+01:00,52679,49753,320955,305018,427219,391132,433714,422123,491098,496483,533796,531576,357633,399191,248801,319304,73352,134847,43268,40781,287473,275870,392236,358920,404144,393303,463295,468434,511651,510509,348176,388199,242706,310911,70813,129471,4314787,4030373,533601,511769,809273,766195,332609,771,763
2021-11-06T23:59:59+01:00,52373,49464,320115,304217,426258,390368,433001,421553,490489,495996,533463,531290,357574,399121,248765,319271,73346,134838,43216,40740,287289,275704,392017,358753,404011,393178,463188,468323,511575,510444,348147,388169,242693,310895,70809,129465,4307903,4029035,533485,511735,809269,766193,332439,771,763
2021-11-05T23:59:59+01:00,51763,48846,318420,302779,424598,388819,431548,420342,489365,494991,532797,530752,357463,398964,248726,319199,73339,134819,42989,40519,286738,275280,391579,358330,403638,392833,462865,468007,511366,510256,348076,388085,242658,310846,70802,129449,4294990,4025471,532966,511546,809260,766182,331903,771,763
2021-11-04T23:59:59+01:00,51048,48162,316181,300816,422135,386763,429621,418724,487735,493638,531871,530049,357254,398718,248640,319064,73311,134757,42584,40075,285775,274405,390685,357400,402862,392077,462229,467373,510841,509796,347900,387889,242556,310676,70759,129382,4277865,4018083,532416,511270,809246,766152,330544,770,763
2021-11-03T23:59:59+01:00,50666,47779,314814,299687,420438,385490,428365,417745,486737,492809,531225,529538,357099,398547,248571,318961,73288,134708,42284,39788,284988,273737,389932,356681,402293,391538,461730,466928,510461,509465,347737,387678,242449,310524,70725,129295,4266666,4011762,532145,511118,809242,766141,329997,769,763
2021-11-02T23:59:59+01:00,50342,47458,313484,298726,418773,384295,427098,416877,485679,492089,530615,529047,356955,398361,248500,318862,73269,134642,41911,39446,284151,273042,389158,355974,401675,390982,461233,466443,510083,509075,347553,387473,242360,310378,70695,129206,4256239,4005246,531843,510926,809238,766125,329325,769,763
2021-11-01T23:59:59+01:00,49944,47084,311998,297615,417130,383188,425780,415997,484656,491367,530080,528670,356831,398232,248453,318801,73255,134607,41660,39165,283479,272431,388479,355424,401116,390531,460778,466074,509770,508811,347438,387353,242302,310264,70674,129144,4246105,4000499,531589,510706,809205,766111,328361,768,763
2021-10-31T23:59:59+01:00,49887,47050,311813,297506,416922,383075,425578,415872,484538,491288,530022,528626,356817,398224,248451,318796,73255,134605,41603,39121,283362,272366,388375,355346,401028,390473,460727,466041,509738,508788,347428,387344,242299,310259,70670,129139,4244978,3999927,531526,510666,809202,766107,328191,768,763
2021-10-30T23:59:59+02:00,49833,47010,311614,297378,416604,382915,425358,415715,484328,491127,529901,528568,356796,398200,248446,318786,73252,134599,41567,39111,283259,272294,388266,355275,400937,390407,460667,465979,509696,508769,347421,387336,242296,310253,70666,129135,4243295,3999381,531479,510606,809201,766104,328026,768,763
2021-10-29T23:59:59+02:00,49614,46779,310585,296670,415294,382041,424238,415018,483431,490502,529394,528283,356724,398128,248408,318742,73242,134578,41436,39006,282766,271927,387781,354885,400512,390111,460317,465695,509490,508617,347364,387283,242276,310214,70659,129121,4235700,3996546,531194,510448,809197,766099,327149,768,763
2021-10-28T23:59:59+02:00,49165,46350,308796,295342,413238,380635,422626,413867,482131,489525,528660,527754,356569,397959,248343,318659,73231,134536,41126,38715,281808,271081,386827,354072,399746,389453,459703,465168,509024,508300,347217,387096,242206,310116,70637,129065,4223476,3990398,530765,510145,809182,766069,325524,768,763
2021-10-27T23:59:59+02:00,48839,46030,307899,294565,412149,379768,421763,413159,481409,488987,528246,527449,356471,397788,248284,318562,73214,134499,40832,38424,281062,270398,386181,353462,399255,388965,459276,464736,508721,508014,347059,386918,242127,309992,70610,129002,4216069,3984886,530466,509953,809176,766039,324928,768,763
2021-10-26T23:59:59+02:00,48430,45617,306827,293606,410996,378831,420867,412479,480711,488386,527829,527123,356350,397657,248216,318471,73188,134448,40472,38055,280187,269466,385419,352733,398695,388403,458835,464278,508359,507710,346912,386756,242026,309835,70584,128933,4207920,3978361,530247,509789,809163,766023,324255,768,763
2021-10-25T23:59:59+02:00,48275,45481,306317,293161,410427,378411,420387,412141,480302,488105,527640,526963,356307,397600,248203,318446,73182,134441,40406,37994,279959,269278,385172,352557,398522,388268,458686,464160,508257,507634,346891,386723,242015,309816,70581,128922,4204270,3977122,530183,509745,809161,766016,323727,768,763
2021-10-24T23:59:59+02:00,48063,45298,305762,292680,409739,377900,419875,411726,479885,487786,527422,526773,356244,397517,248171,318420,73174,134428,40215,37833,279495,268809,384706,352158,398170,387949,458416,463902,508087,507455,346798,386624,241976,309751,70568,128902,4200093,3973840,530026,509609,809159,766000,323134,768,763
2021-10-23T23:59:59+02:00,48028,45265,305602,292549,409529,377755,419722,411586,479773,487696,527348,526725,356225,397493,248167,318414,73174,134425,40175,37791,279404,268701,384586,352086,398090,387873,458345,463838,508051,507423,346778,386610,241975,309745,70567,128901,4198918,3973183,529966,509544,809157,765997,322984,768,763
2021-10-22T23:59:59+02:00,47774,45032,304826,291986,408643,377065,418981,411034,479201,487219,526991,526477,356168,397424,248148,318380,73168,134413,39924,37549,278845,268178,384087,351649,397670,387508,458040,463565,507824,507252,346710,386545,241953,309703,70561,128891,4193286,3969525,529695,509377,809155,765981,322339,768,763
2021-10-21T23:59:59+02:00,47296,44579,303713,291109,407414,376094,417984,410232,478370,486575,526449,526100,356044,397286,248081,318276,73147,134357,39342,36987,277776,267121,383182,350774,396946,386735,457404,462995,507405,506888,346552,386344,241860,309546,70535,128839,4184709,3961659,529420,509001,809150,765968,321370,768,763
2021-10-20T23:59:59+02:00,47070,44325,303106,290565,406735,375474,417432,409780,477937,486200,526160,525862,355951,397164,248009,318183,73122,134297,38922,36611,277024,266362,382561,350106,396423,386130,456973,462543,507050,506566,346377,386141,241761,309405,70496,128762,4179491,3955192,529271,508825,809142,765955,321008,767,763
2021-10-19T23:59:59+02:00,46784,44050,302552,290089,406221,375006,417057,409442,477653,485925,525926,525657,355834,397035,247946,318090,73089,134243,38469,36157,276133,265528,381844,349394,395941,385589,456565,462083,506713,506242,346192,385911,241656,309256,70459,128679,4175203,3948334,529147,508651,809134,765936,320654,767,762
2021-10-18T23:59:59+02:00,46586,43859,301998,289615,405703,374558,416686,409087,477371,485681,525691,525450,355738,396930,247894,317995,73068,134201,38181,35898,275487,264839,381294,348746,395521,385098,456226,461692,506425,505965,346037,385760,241572,309129,70426,128630,4171231,3943017,529001,508466,809129,765916,320287,767,762
2021-10-17T23:59:59+02:00,46475,43741,301667,289354,405431,374300,416459,408919,477214,485520,525588,525321,355678,396876,247873,317947,73054,134165,37933,35642,274974,264334,380921,348367,395234,384760,455981,461460,506260,505794,345946,385650,241534,309061,70403,128578,4168998,3939324,528923,508309,809119,765880,320077,767,762
2021-10-16T23:59:59+02:00,46446,43708,301588,289290,405351,374239,416414,408873,477170,485482,525562,525305,355672,396868,247869,317941,73052,134163,37892,35598,274867,264224,380841,348297,395177,384687,455940,461415,506232,505770,345937,385641,241531,309056,70402,128573,4168497,3938706,528906,508248,809119,765878,320006,767,762
2021-10-15T23:59:59+02:00,46296,43548,301153,288944,404980,373918,416120,408613,476926,485257,525403,525171,355620,396828,247852,317909,73043,134148,37660,35351,274305,263640,380432,347902,394835,384343,455663,461133,506034,505600,345875,385566,241491,309009,70397,128552,4165665,3934946,528784,508034,809115,765868,319696,767,762
2021-10-14T23:59:59+02:00,45964,43211,300359,288240,404316,373252,415599,408149,476493,484839,525085,524889,355504,396697,247793,317814,73012,134085,37104,34787,273057,262371,379622,346936,394147,383508,455017,460488,505608,505181,345641,385341,241379,308849,70366,128501,4160118,3926225,528519,507529,809097,765810,319095,767,760
2021-10-13T23:59:59+02:00,45651,42931,299778,287682,403825,372734,415192,407744,476156,484503,524819,524638,355381,396551,247725,317715,72985,134025,36773,34504,272287,261563,379016,346186,393624,382872,454594,460024,505240,504814,345464,385141,241282,308658,70330,128422,4155467,3919859,528335,507256,809090,765764,318671,767,760
2021-10-12T23:59:59+02:00,45323,42652,299120,287134,403298,372194,414782,407354,475846,484193,524566,524403,355275,396414,247677,317625,72958,133975,36477,34215,271452,260700,378322,345462,393084,382306,454174,459595,504878,504466,345241,384920,241175,308505,70290,128313,4150762,3913248,528157,507030,809081,765740,318316,766,757
2021-10-11T23:59:59+02:00,45079,42427,298533,286649,402807,371732,414371,406994,475540,483884,524324,524204,355165,396293,247605,317530,72922,133909,36191,33959,270698,259967,377648,344784,392596,381751,453790,459146,504544,504164,345048,384725,241080,308355,70247,128226,4146591,3907358,527975,506748,809070,765714,317858,766,757
2021-10-10T23:59:59+02:00,44918,42293,298173,286365,402464,371421,414139,406741,475360,483691,524180,524073,355115,396238,247581,317492,72904,133880,36023,33832,270219,259547,377188,344317,392266,381408,453501,458860,504322,503987,344952,384624,241024,308286,70230,128193,4144168,3903739,527832,506625,809060,765679,317494,766,757
2021-10-09T23:59:59+02:00,44888,42267,298072,286287,402376,371363,414076,406688,475310,483643,524154,524055,355106,396223,247579,317488,72903,133879,35973,33778,270102,259442,377088,344219,392183,381332,453443,458806,504286,503957,344942,384610,241018,308278,70229,128191,4143649,3903034,527796,506552,809057,765667,317381,766,757
2021-10-08T23:59:59+02:00,44647,42059,297565,285878,401921,370986,413773,406391,475028,483411,523940,523887,355044,396162,247544,317437,72885,133864,35765,33500,269537,258877,376662,343786,391804,380952,453166,458482,504105,503798,344877,384527,240984,308233,70218,128179,4140247,3899197,527670,506388,809053,765648,316976,766,756
2021-10-07T23:59:59+02:00,44264,41633,296585,285003,401133,370212,413129,405775,474513,482917,523534,523567,354916,395989,247452,317326,72853,133798,35113,32840,268153,257482,375669,342601,390997,379953,452455,457733,503557,503297,344621,384247,240846,308054,70159,128088,4133336,3889519,527438,505195,809045,765606,316302,766,755
2021-10-06T23:59:59+02:00,44002,41372,295878,284411,400611,369705,412725,405343,474152,482601,523261,523315,354783,395838,247377,317206,72829,133721,34785,32527,267412,256670,375126,341938,390522,379409,452032,457284,503208,502940,344448,384037,240734,307908,70130,128009,4128465,3883413,527304,505081,809039,765572,315808,766,755
2021-10-05T23:59:59+02:00,43685,41075,295169,283727,399978,369081,412206,404854,473767,482197,522976,523011,354637,395681,247294,317050,72798,133611,34484,32212,266595,255827,374438,341199,389982,378796,451528,456817,502857,502583,344256,383818,240623,307735,70082,127935,4123009,3876960,527167,504936,809032,765550,315073,766,755
2021-10-04T23:59:59+02:00,43407,40835,294325,283018,399244,368479,411694,404375,473348,481799,522673,522736,354504,395506,247220,316928,72768,133519,34180,31894,265678,254891,373713,340420,389381,378198,451052,456280,502467,502213,344064,383587,240467,307570,70042,127848,4117719,3870257,527013,504823,809023,765510,314105,765,755
2021-10-03T23:59:59+02:00,43246,40685,293919,282599,398823,368111,411374,404118,473131,481562,522495,522571,354422,395409,247173,316846,72761,133482,33999,31760,265186,254465,373257,340009,389026,377805,450779,455970,502219,501981,343939,383442,240406,307475,70024,127819,4114833,3866678,526910,504710,808997,765455,313468,765,755
2021-10-02T23:59:59+02:00,43210,40648,293795,282472,398703,368021,411290,404036,473069,481505,522460,522540,354408,395385,247172,316843,72759,133480,33952,31722,265047,254333,373157,339919,388948,377726,450723,455917,502188,501942,343927,383419,240404,307468,70022,127819,4114132,3865980,526832,504653,808995,765432,313318,765,755
2021-10-01T23:59:59+02:00,42999,40392,293172,281912,398136,367518,410831,403646,472733,481236,522194,522357,354324,395308,247143,316794,72747,133462,33653,31430,264385,253683,372664,339483,388562,377349,450397,455601,501963,501746,343851,383353,240378,307423,70013,127802,4110189,3862092,526687,504496,808986,765376,312522,765,755
2021-09-30T23:59:59+02:00,42594,39989,292034,280808,397113,366532,410016,402843,472062,480554,521679,521937,354153,395099,247049,316664,72722,133393,33115,30884,263184,252514,371794,338555,387852,376520,449791,454947,501488,501345,343682,383129,240298,307264,69984,127749,4102350,3855001,526343,503490,808965,765292,311058,763,755
2021-09-29T23:59:59+02:00,42251,39684,291256,280058,396367,365817,409461,402259,471560,480062,521315,521624,353972,394894,246974,316532,72692,133327,32813,30575,262426,251751,371150,337895,387390,375940,449365,454490,501136,501000,343509,382949,240205,307100,69962,127691,4096404,3849499,526185,503338,808957,765224,310027,763,754
2021-09-28T23:59:59+02:00,41915,39369,290381,279226,395558,365093,408849,401690,471034,479551,520930,521264,353762,394675,246878,316377,72652,133224,32502,30305,261561,250963,370438,337251,386878,375406,448920,454034,500782,500650,343329,382746,240109,306955,69935,127635,4090072,3843966,526057,503190,808949,765169,308812,763,754
2021-09-27T23:59:59+02:00,41498,38987,289484,278382,394755,364375,408283,401100,470553,479025,520528,520933,353602,394477,246792,316257,72623,133136,32181,29945,260530,250036,369565,336445,386210,374724,448375,453490,500374,500288,343146,382513,240019,306821,69910,127571,4084393,3837762,525890,503038,808942,765060,307019,763,754
2021-09-26T23:59:59+02:00,41123,38681,288907,277848,394248,363926,407939,400748,470250,478734,520316,520743,353493,394377,246748,316187,72604,133095,32023,29811,260018,249574,369116,336047,385866,374350,448082,453197,500167,500100,343055,382421,239961,306748,69894,127535,4080673,3834785,525746,502887,808917,764944,306083,763,754
2021-09-25T23:59:59+02:00,41068,38621,288737,277680,394091,363803,407820,400658,470156,478649,520255,520700,353481,394357,246739,316178,72602,133092,31980,29756,259851,249420,368968,335920,385744,374251,448011,453095,500105,500066,343035,382398,239951,306735,69894,127533,4079913,3834067,525671,502827,808914,764913,305640,763,754
2021-09-24T23:59:59+02:00,40869,38407,288096,277023,393438,363235,407290,400172,469705,478241,519955,520458,353375,394272,246698,316126,72596,133067,31720,29497,259183,248730,368353,335375,385293,373809,447592,452735,499781,499820,342918,382292,239908,306681,69882,127509,4076131,3830335,525521,502723,808904,764843,303911,763,753
2021-09-23T23:59:59+02:00,40232,37737,286381,275350,391952,361870,406098,398959,468655,477272,519199,519774,353075,393996,246566,315910,72553,132951,31325,29079,257881,247639,367195,334382,384352,372982,446779,451999,499183,499306,342683,382049,239796,306532,69856,127433,4066207,3824236,525112,502451,808892,764743,299752,763,753
2021-09-22T23:59:59+02:00,39896,37418,285379,274360,391088,361015,405344,398185,467987,476665,518656,519332,352844,393727,246456,315711,72503,132864,31037,28815,257098,246886,366444,333689,383722,372385,446264,451476,498716,498956,342480,381840,239691,306394,69823,127369,4059308,3819111,524889,502279,808869,764627,297794,762,753
2021-09-21T23:59:59+02:00,39478,36936,284295,273271,390119,360104,404580,397423,467357,476073,518204,518900,352620,393461,246354,315533,72449,132751,30719,28536,256236,246026,365678,332971,383081,371777,445763,450990,498299,498557,342286,381631,239585,306230,69789,127282,4051676,3813460,524727,502080,808858,764548,296071,762,753
2021-09-20T23:59:59+02:00,39123,36658,283149,272189,389059,359161,403750,396610,466651,475455,517706,518444,352374,393233,246244,315350,72405,132654,30334,28165,255111,245038,364685,332121,382284,371002,445038,450405,497834,498112,342057,381415,239478,306042,69753,127203,4044594,3806933,524578,501904,808843,764343,293617,762,752
2021-09-19T23:59:59+02:00,38962,36523,282553,271775,388481,358668,403341,396212,466308,475140,517437,518209,352286,393108,246204,315271,72394,132616,30217,28045,254597,244599,364179,331692,381859,370661,444668,450060,497550,497888,341948,381286,239421,305956,69743,127172,4041240,3804086,524433,501721,808819,764044,292408,762,752
2021-09-18T23:59:59+02:00,38907,36452,282392,271614,388281,358506,403157,396068,466197,475026,517369,518150,352270,393095,246196,315262,72392,132612,30086,27914,254282,244251,363925,331439,381620,370470,444505,449926,497455,497799,341918,381260,239402,305937,69740,127164,4040286,3802200,524318,501640,808816,764031,291936,762,751
2021-09-17T23:59:59+02:00,38574,36085,281486,270781,387486,357746,402429,395410,465581,474499,516987,517787,352121,392949,246133,315192,72368,132580,29818,27647,253537,243567,363234,330842,381028,369965,444036,449512,497117,497511,341797,381125,239352,305858,69727,127142,4034929,3798411,523983,501237,808807,764000,289878,761,751
2021-09-16T23:59:59+02:00,38002,35488,279896,269204,386125,356287,401218,394086,464562,473518,516212,517088,351803,392620,246002,315004,72322,132488,29381,27224,252388,242548,362268,329902,380198,369101,443368,448816,496600,497062,341570,380903,239254,305730,69696,127082,4023991,3791772,523228,500835,808764,763853,287342,761,749
2021-09-15T23:59:59+02:00,37623,35177,278764,268105,385222,355307,400358,393222,463886,472828,515677,516572,351580,392330,245833,314832,72288,132375,29079,26935,251528,241734,361480,329102,379509,368424,442797,448298,496093,496622,341360,380665,239118,305585,69673,127005,4016442,3786096,522937,500600,808751,763779,285240,761,749
2021-09-14T23:59:59+02:00,37310,34870,277791,267138,384275,354443,399622,392450,463276,472173,515144,516117,351335,392087,245703,314661,72245,132306,28803,26696,250744,240940,360744,328432,378899,367823,442252,447786,495672,496237,341164,380450,239007,305439,69649,126950,4009582,3780958,522605,500377,808720,763630,283428,760,748
2021-09-13T23:59:59+02:00,36922,34474,276545,265868,383319,353397,398842,391567,462580,471452,514617,515612,351112,391834,245581,314506,72206,132233,28343,26273,249615,239885,359918,327645,378296,367169,441693,447259,495214,495857,340969,380221,238907,305292,69620,126896,4001347,3774011,521880,500092,808687,763533,282138,760,747
2021-09-12T23:59:59+02:00,36778,34345,275962,265427,382842,352949,398452,391141,462252,471150,514403,515395,351005,391722,245535,314431,72195,132198,28185,26154,249082,239471,359411,327199,377926,366814,441388,446966,494965,495633,340844,380088,238849,305204,69605,126852,3998139,3770971,521713,499899,808651,763406,281063,760,745
2021-09-11T23:59:59+02:00,36699,34296,275771,265216,382616,352760,398291,390984,462117,471026,514332,515334,350975,391691,245526,314415,72193,132195,28038,26055,248800,239287,359188,327041,377776,366672,441239,446848,494897,495578,340820,380060,238841,305191,69605,126848,3997102,3769887,521624,499766,808642,763385,280449,760,743
2021-09-10T23:59:59+02:00,36368,33957,274689,264221,381656,351860,397408,390174,461316,470341,513772,514887,350767,391491,245438,314303,72175,132165,27829,25855,247889,238577,358356,326304,376988,366042,440547,446323,494404,495198,340659,379904,238760,305086,69583,126818,3991741,3766410,521481,499547,808632,763362,276506,760,741
2021-09-09T23:59:59+02:00,35930,33507,273375,263061,380603,350678,396462,389137,460511,469463,513190,514373,350527,391208,245311,314149,72140,132105,27446,25465,246811,237614,357438,325432,376168,365230,439854,445713,493817,494755,340443,379674,238639,304944,69552,126766,3983516,3760289,521177,499148,808587,763210,273818,758,737
2021-09-08T23:59:59+02:00,35527,33106,272409,262067,379793,349823,395762,388352,459875,468856,512750,513909,350324,390965,245206,313973,72111,132047,27151,25176,245884,236753,356621,324693,375482,364506,439247,445143,493368,494298,340242,379429,238525,304783,69518,126678,3977013,3754580,520952,498827,808531,763075,271719,757,735
2021-09-07T23:59:59+02:00,35152,32769,271386,261138,378956,349038,395116,387676,459343,468332,512307,513512,350132,390755,245105,313809,72078,131976,26875,24965,245005,235969,355814,324008,374829,363948,438740,444636,492923,493907,340034,379212,238437,304646,69491,126623,3970898,3749574,520708,498486,808518,762894,269811,757,734
2021-09-06T23:59:59+02:00,34753,32361,270265,260032,378004,348086,394424,386897,458741,467692,511867,513078,349911,390509,245016,313687,72048,131906,26639,24753,244232,235208,355066,323350,374211,363357,438275,444128,492511,493521,339823,379007,238359,304512,69462,126568,3963650,3744739,520569,498244,808469,762764,267937,757,734
2021-09-05T23:59:59+02:00,34597,32213,269853,259617,377689,347739,394126,386578,458505,467453,511690,512899,349840,390415,244974,313625,72032,131879,26503,24598,243801,234813,354666,322964,373856,363044,438013,443878,492314,493313,339724,378889,238316,304448,69445,126536,3961034,3742098,520466,497969,808441,762626,267130,756,734
2021-09-04T23:59:59+02:00,34538,32175,269684,259485,377567,347611,393998,386472,458428,467368,511639,512853,349828,390397,244967,313613,72032,131878,26465,24545,243633,234669,354504,322797,373709,362928,437921,443776,492247,493264,339703,378869,238308,304436,69445,126535,3960319,3741309,520412,497831,808436,762603,266712,756,734
2021-09-03T23:59:59+02:00,34220,31859,268784,258677,376823,346942,393404,385879,457850,466884,511177,512516,349657,390218,244901,313507,72009,131844,26141,24203,242613,233809,353706,322082,373037,362274,437267,443188,491757,492850,339506,378670,238222,304330,69425,126508,3955922,3737011,519708,496290,808408,762530,264456,756,734
2021-09-02T23:59:59+02:00,33853,31518,267723,257792,375954,346100,392664,385122,457160,466248,510642,512085,349391,389966,244778,313328,71984,131765,25842,23938,241585,233004,352810,321300,372293,361560,436549,442559,491190,492392,339259,378406,238114,304178,69399,126430,3949925,3731805,519419,495805,808372,762203,261694,756,733
2021-09-01T23:59:59+02:00,33525,31150,266868,256949,375190,345429,392131,384569,456687,465765,510255,511735,349213,389775,244689,313210,71960,131704,25454,23536,240492,231943,351939,320441,371601,360863,435932,441954,490662,491907,339029,378140,237983,304025,69373,126376,3944452,3724991,519233,495259,808337,761988,260113,756,728
2021-08-31T23:59:59+02:00,33127,30806,265995,256030,374445,344704,391548,383979,456170,465276,509798,511368,349020,389580,244593,313062,71928,131661,25169,23240,239537,231046,351125,319687,370935,360223,435372,441442,490138,491504,338827,377925,237895,303875,69339,126321,3938856,3719655,519043,494872,808311,761565,258205,754,728
2021-08-30T23:59:59+02:00,32580,30318,264688,254845,373440,343781,390731,383159,455414,464564,509234,510868,348790,389359,244500,312908,71892,131592,24849,22923,238375,230055,350117,318787,370144,359477,434668,440859,489581,490989,338571,377680,237770,303696,69298,126244,3931338,3713590,518926,494429,808266,761311,255449,753,725
2021-08-29T23:59:59+02:00,32390,30127,264117,254334,372955,343363,390348,382817,455116,464275,509004,510644,348692,389250,244450,312844,71882,131568,24623,22708,237657,229414,349502,318240,369646,359005,434236,440480,489269,490729,338430,377525,237709,303622,69280,126219,3928228,3709687,518805,494029,808236,761051,254219,753,725
2021-08-28T23:59:59+02:00,32300,30031,263888,254155,372777,343209,390192,382694,454991,464156,508928,510591,348667,389227,244439,312832,71881,131565,24558,22604,237338,229155,349251,318043,369425,358839,434053,440316,489140,490637,338388,377483,237689,303596,69278,126215,3927183,3708106,518764,493912,808230,761025,253655,753,725
2021-08-27T23:59:59+02:00,32069,29780,263243,253588,372261,342687,389720,382240,454534,463758,508554,510305,348538,389093,244381,312746,71862,131545,24412,22453,236733,228655,348635,317538,368952,358404,433600,439960,488836,490387,338258,377365,237634,303532,69267,126208,3923369,3704877,518695,493697,808171,760966,251975,753,724
2021-08-26T23:59:59+02:00,31686,29393,262239,252605,371405,341869,388961,381495,453846,463081,508000,509824,348305,388833,244260,312628,71834,131484,24063,22088,235250,227287,347398,316343,367830,357406,432723,439150,488164,489811,337970,377045,237471,303362,69237,126163,3917161,3696486,518450,493049,808132,760607,249297,753,722
2021-08-25T23:59:59+02:00,31321,29059,261313,251740,370646,341088,388297,380796,453207,462488,507441,509367,348066,388575,244136,312464,71799,131416,23457,21513,233195,225420,345904,314934,366636,356207,431719,438188,487361,489081,337588,376654,237317,303129,69193,126075,3911406,3684469,518318,492641,808102,760455,246680,751,719
2021-08-24T23:59:59+02:00,31002,28791,260580,250957,370038,340454,387756,380218,452723,461973,507027,508992,347857,388349,244019,312300,71773,131344,23140,21197,231981,224350,344937,314011,365846,355454,431045,437535,486801,488533,337308,376339,237185,302970,69168,126011,3906444,3677265,518030,492191,808082,760148,244881,751,713
2021-08-23T23:59:59+02:00,30480,28261,259190,249639,369003,339536,386919,379423,451943,461289,506373,508421,347573,388064,243879,312110,71746,131283,22830,20898,230494,223027,343619,312936,364894,354600,430183,436772,486094,487964,337002,376005,237049,302779,69142,125952,3898965,3669822,517881,491710,808047,759861,241513,750,712
2021-08-22T23:59:59+02:00,30334,28147,258779,249267,368646,339202,386647,379156,451705,461044,506183,508269,347475,387968,243838,312053,71729,131257,22648,20716,229769,222344,342924,312272,364354,354091,429742,436365,485772,487695,336835,375820,236985,302674,69124,125916,3896723,3665404,517732,491242,808007,759560,240506,749,708
2021-08-21T23:59:59+02:00,30083,27942,258281,248804,368328,338882,386390,378898,451500,460866,506034,508130,347420,387912,243816,312015,71726,131248,22372,20462,229025,221690,342437,311873,363949,353679,429377,436057,485542,487498,336750,375752,236958,302631,69118,125904,3894168,3662414,517588,490036,807999,759504,239784,749,708
2021-08-20T23:59:59+02:00,29891,27743,257621,248138,367586,338249,385709,378367,450903,460366,505557,507807,347274,387752,243761,311918,71709,131213,21967,20122,227215,220066,341021,310672,362829,352719,428419,435254,484821,486945,336506,375503,236856,302511,69093,125874,3890669,3654133,517264,488872,807986,759137,236909,747,708
2021-08-19T23:59:59+02:00,29558,27429,256632,247285,366579,337457,384919,377672,450191,459727,504991,507320,347033,387488,243652,311770,71675,131140,21472,19629,224444,217629,338702,308828,361119,351235,427013,433981,483660,485988,336086,375077,236662,302264,69059,125805,3885122,3639724,516896,487102,807943,758661,233814,747,707
2021-08-18T23:59:59+02:00,29271,27168,255835,246578,365872,336835,384335,377096,449589,459226,504517,506904,346761,387248,243534,311622,71643,131074,21094,19256,221964,215102,336640,307064,359464,349579,425481,432648,482514,484948,335569,374524,236430,301968,69009,125711,3879985,3626427,516716,483159,807913,758275,231747,746,707
2021-08-17T23:59:59+02:00,28952,26892,255050,245857,365248,336149,383772,376538,449095,458738,504083,506483,346555,387037,243417,311491,71616,131020,20622,18821,219212,212345,334558,305231,357768,348111,424041,431370,481387,483955,335074,373981,236195,301675,68955,125635,3874910,3611321,516415,480375,807887,757845,230033,745,703
2021-08-16T23:59:59+02:00,28659,26629,254353,245205,364673,335592,383309,376073,448656,458295,503663,506119,346370,386829,243318,311326,71585,130980,20068,18337,216034,209267,332262,303105,356240,346654,422833,430223,480436,483111,334685,373532,236009,301404,68916,125545,3870480,3593852,516259,479667,807860,757494,228284,745,701
2021-08-15T23:59:59+02:00,28462,26466,253857,244758,364237,335200,382947,375733,448357,458034,503420,505920,346256,386710,243268,311246,71574,130959,19283,17607,212015,205200,330357,301480,354973,345424,421800,429280,479648,482448,334351,373197,235883,301227,68892,125495,3867605,3576160,516114,478751,807822,757165,227112,745,699
2021-08-14T23:59:59+02:00,28393,26407,253609,244559,364000,335022,382771,375582,448199,457904,503302,505812,346206,386677,243250,311223,71571,130954,18957,17309,210938,204094,329530,300716,354249,344741,421302,428818,479259,482126,334212,373069,235845,301170,68883,125478,3866422,3569442,516039,478380,807816,757087,226413,745,699
2021-08-13T23:59:59+02:00,28135,26164,252901,243970,363497,334593,382332,375145,447760,457538,502963,505553,346078,386527,243185,311146,71559,130925,18353,16752,209044,202303,328095,299392,352977,343548,420248,427875,478509,481481,333967,372777,235732,301027,68865,125424,3862580,3557455,515966,477776,807806,756894,224867,742,697
2021-08-12T23:59:59+02:00,27936,25937,252174,243332,362876,333999,381793,374654,447223,457088,502539,505197,345895,386326,243083,311039,71546,130877,17769,16254,206441,200025,325208,296841,350954,341740,418735,426617,477281,480410,333514,372243,235487,300750,68825,125341,3858595,3539973,515774,476595,807768,755863,222622,740,695
2021-08-11T23:59:59+02:00,27700,25690,251442,242639,362250,333415,381265,374170,446756,456656,502127,504766,345667,386085,242966,310905,71519,130822,16949,15566,203385,197032,322015,293892,348775,339669,417229,425206,475997,479119,332970,371597,235237,300343,68775,125212,3853720,3518046,515554,475524,807728,754920,221083,737,694
2021-08-10T23:59:59+02:00,27454,25431,250606,241900,361530,332853,380719,373617,446257,456173,501670,504361,345469,385888,242879,310766,71496,130778,16152,14781,199175,192884,317330,289655,345777,336880,415101,423256,474390,477657,332280,370923,234938,299934,68718,125093,3848603,3487813,515263,474409,807690,753764,219535,735,694
2021-08-09T23:59:59+02:00,27256,25230,249976,241323,360943,332363,380268,373233,445843,455823,501323,504074,345307,385740,242813,310654,71476,130742,15158,13837,194622,188278,311604,284893,343008,334380,413181,421477,472766,476190,331635,370231,234662,299562,68659,124958,3844851,3457350,515083,471631,807658,752670,218040,731,690
2021-08-08T23:59:59+02:00,27082,25071,249493,240908,360541,332001,379914,372939,445538,455560,501078,503882,345199,385630,242750,310575,71459,130708,14936,13642,193268,186904,309972,283548,341682,333209,412298,420717,472191,475668,331371,369958,234534,299393,68633,124906,3842232,3448167,514925,470261,807605,752181,216806,730,689
2021-08-07T23:59:59+02:00,26933,24895,248962,240458,360141,331661,379576,372656,445244,455323,500851,503706,345127,385535,242716,310525,71451,130697,13764,12597,189584,183308,307921,281691,339957,331680,410958,419448,471262,474872,331015,369583,234403,299204,68599,124869,3839363,3428485,514818,468925,807593,751968,215922,730,686
2021-08-06T23:59:59+02:00,26707,24660,248093,239786,359354,331048,378897,372077,444588,454796,500314,503314,344893,385331,242617,310409,71440,130675,12856,11770,185833,179745,304437,278868,337828,329835,409352,418099,469964,473904,330634,369195,234243,299049,68575,124822,3836770,3409104,513448,467191,807581,750862,212437,730,683
2021-08-05T23:59:59+02:00,26383,24336,246913,238844,358449,330171,378067,371342,443840,454103,499644,502769,344608,385027,242504,310234,71399,130612,11850,10836,181342,175788,299029,274439,333692,326258,406532,415602,467699,472117,329964,368489,233981,298675,68514,124711,3830362,3381063,513182,462468,807511,747142,209417,730,682
2021-08-04T23:59:59+02:00,26009,23993,245768,237852,357443,329253,377288,370629,443207,453502,499064,502237,344335,384758,242381,310061,71372,130541,11036,10124,177852,172472,295247,271292,329270,322340,404273,413501,465981,470561,329268,367790,233704,298322,68454,124609,3823828,3353807,512839,460694,807477,745389,206764,726,681
2021-08-03T23:59:59+02:00,25545,23571,244398,236663,356525,328415,376573,369933,442549,452840,498462,501700,344043,384458,242252,309884,71328,130473,10473,9623,174351,169013,291123,267628,324144,317712,401515,410937,463631,468453,328423,366919,233352,297848,68386,124470,3815866,3321579,512674,458808,807428,743309,204856,725,680
2021-08-02T23:59:59+02:00,25227,23264,243341,235698,355670,327653,375867,369333,441971,452287,497937,501251,343779,384181,242134,309728,71302,130414,9917,9081,170701,165409,286410,263644,318257,312746,398750,408372,461392,466453,327649,366077,233056,297449,68324,124352,3809480,3288009,512423,456821,807368,740775,202976,724,676
2021-08-01T23:59:59+02:00,25068,23074,242707,235089,355068,327136,375422,368934,441535,451964,497591,500970,343637,384014,242058,309612,71288,130388,9650,8872,169145,163947,283913,261632,313609,309023,396883,406788,459910,465200,327213,365592,232884,297231,68295,124293,3805766,3270027,512117,454670,807274,738320,201605,721,669
2021-07-31T23:59:59+02:00,24958,22969,242361,234768,354785,326908,375178,368763,441344,451810,497483,500867,343604,383974,242038,309599,71287,130382,8414,7775,165361,160091,281080,259074,311512,307018,395481,405502,458762,464209,326893,365214,232750,297057,68269,124247,3804135,3247032,511927,453729,807268,737525,200955,720,669
2021-07-30T23:59:59+02:00,24667,22709,241556,234044,354202,326376,374684,368291,440879,451405,497119,500576,343466,383833,241993,309519,71274,130366,7475,6905,161603,156314,277674,255948,308476,304191,393244,403381,456910,462620,326381,364681,232539,296765,68236,124189,3800016,3221873,511556,452520,807248,734321,199344,719,667
2021-07-29T23:59:59+02:00,24320,22367,240018,232768,353028,325296,373714,367373,440018,450606,496302,499950,343133,383520,241855,309333,71236,130299,6490,6031,156736,151814,272269,251742,302548,299393,388865,399875,453851,460204,325545,363832,232226,296354,68176,124089,3792390,3187813,510875,447636,807162,729200,195906,718,667
2021-07-28T23:59:59+02:00,24018,22078,238861,231725,352142,324452,372962,366677,439377,449935,495730,499455,342877,383220,241718,309147,71201,130227,5998,5588,152957,148148,267753,248062,298088,295419,385584,397005,451752,458346,324882,363069,231957,295965,68112,123963,3785606,3156930,510337,445705,807083,726549,193970,717,664
2021-07-27T23:59:59+02:00,23745,21851,237850,230747,351292,323704,372254,366081,438786,449317,495204,498997,342630,382915,241584,308952,71165,130128,5428,5061,147915,143004,261806,242908,292768,290637,381555,393290,448559,455524,323889,361963,231590,295458,68020,123805,3779275,3115192,509780,443367,807025,722798,192317,715,662
2021-07-26T23:59:59+02:00,23512,21611,236871,229759,350497,322995,371642,365521,438228,448826,494749,498623,342396,382673,241457,308793,71141,130070,5005,4701,143555,138593,256230,238105,287581,286148,377075,389316,445029,452490,322932,360994,231259,294976,67945,123667,3773555,3075629,509148,441104,806941,718434,190912,712,661
2021-07-25T23:59:59+02:00,23153,21310,235527,228599,349549,322219,370958,364854,437647,448282,494282,498215,342196,382455,241367,308663,71120,130006,4750,4468,141700,136827,253525,235872,285061,284037,374929,387530,442931,450684,322412,360473,231052,294746,67920,123590,3766435,3060494,508768,438913,806873,714061,189510,711,661
2021-07-24T23:59:59+02:00,22904,21114,234597,227735,348824,321564,370383,364331,437118,447842,493920,497937,342080,382356,241323,308602,71117,129995,4428,4183,138798,134020,250786,233543,282488,281810,372664,385668,441689,449696,322061,360135,230907,294568,67901,123556,3762400,3042098,508001,435889,806858,713717,187662,711,661
2021-07-23T23:59:59+02:00,22486,20726,233091,226387,347489,320614,369329,363460,436232,447054,493222,497404,341842,382083,241233,308490,71096,129959,4004,3791,133298,129167,245396,229220,277995,278007,368958,382454,439032,447487,321357,359409,230651,294256,67847,123475,3754889,3006427,507529,434110,806802,711573,184142,711,661
2021-07-22T23:59:59+02:00,21980,20250,230981,224403,345732,319064,367824,362163,434913,445903,492238,496501,341408,381631,241057,308241,71052,129878,3582,3447,128938,125097,239382,224694,271592,272925,362042,376940,433560,442959,320169,358145,230210,293730,67753,123321,3742406,2964223,505939,428108,806669,705240,181353,710,659
2021-07-21T23:59:59+02:00,21471,19726,229090,222576,344025,317525,366200,360587,433335,444517,491009,495331,340855,381104,240809,307956,70998,129783,3379,3250,125165,121512,233907,220446,266044,268387,353895,369988,428937,439212,319047,356994,229746,293163,67672,123140,3731356,2928604,502180,417191,806442,700449,178056,710,657
2021-07-20T23:59:59+02:00,21168,19446,227620,221089,342781,316343,365233,359707,432469,443724,490283,494685,340514,380729,240661,307735,70969,129693,3118,2959,120814,117261,227541,215254,260203,263196,346762,363867,424226,434886,317948,355736,229330,292572,67574,122956,3721988,2884696,501772,409948,806310,696048,175910,708,656
2021-07-19T23:59:59+02:00,20854,19150,225883,219391,341462,315084,364189,358727,431653,442945,489611,494064,340217,380364,240509,307502,70924,129596,2922,2750,118049,114651,223136,211658,255573,259235,343034,360685,421599,432697,317222,355006,229030,292178,67499,122832,3711371,2859556,501347,404555,806215,691715,174319,708,655
2021-07-18T23:59:59+02:00,20700,19017,224580,218113,339835,313648,363114,357794,430828,442218,489072,493520,339983,380078,240380,307325,70902,129534,2830,2657,116541,113257,220463,209463,253209,257123,340781,358825,419560,431001,316731,354516,228870,291959,67478,122764,3701871,2847204,500810,400266,806139,688006,172940,707,652
2021-07-17T23:59:59+02:00,20301,18594,223424,217053,339253,313106,362520,357280,430307,441767,488654,493231,339879,379960,240338,307269,70899,129523,2566,2400,114469,111151,217999,207154,250733,254920,338347,356680,418107,429736,316394,354125,228735,291791,67455,122724,3696284,2829643,500607,397538,806113,687216,171473,704,652
2021-07-16T23:59:59+02:00,19757,18080,220885,214908,337512,311804,361010,355986,428839,440561,487556,492371,339474,379589,240168,307110,70874,129487,2299,2159,111352,108340,213219,203213,246186,251277,334037,352972,414757,427010,315471,353191,228385,291373,67401,122643,3686071,2801881,499845,395170,805954,683395,165205,703,651
2021-07-15T23:59:59+02:00,19115,17452,218093,212480,335601,310091,359417,354543,427495,439371,486607,491515,339069,379162,239965,306854,70832,129382,2122,2018,107435,105103,204822,196945,238659,245653,327415,347716,407666,420543,313724,351372,227836,290701,67329,122444,3670971,2755125,499242,386704,805836,675948,162072,700,649
2021-07-14T23:59:59+02:00,18269,16726,215648,210149,333891,308556,358009,353195,426266,438170,485577,490555,338615,378699,239724,306542,70778,129295,1970,1873,103811,101749,198319,191753,232923,240968,323107,344225,403479,416909,312408,350056,227425,290140,67245,122290,3656010,2721362,498655,381146,805712,669126,159353,699,645
2021-07-13T23:59:59+02:00,17615,16068,213460,208120,332285,307171,356669,351958,425086,437075,484610,489693,338174,378225,239521,306295,70743,129202,1857,1765,100041,98197,191810,186325,225766,234891,316409,338146,395059,409029,310606,348127,226819,289345,67132,122088,3642124,2678411,498093,368441,805552,659626,157260,699,641
2021-07-12T23:59:59+02:00,16596,15132,210164,204929,330215,305429,355084,350481,423840,435865,483624,488791,337756,377750,239343,306066,70703,129124,1777,1694,96930,95469,186508,182006,218773,229199,309556,332098,389946,404746,308866,346256,226226,288609,67032,121917,3623577,2639991,497534,361285,805372,651187,155460,696,638
2021-07-11T23:59:59+02:00,16087,14655,208800,203649,329460,304702,354416,349849,423270,435357,483175,488444,337561,377544,239282,305960,70681,129084,1743,1668,95504,94175,183711,179686,215761,226896,306860,329938,387106,402352,306385,343625,225847,288138,66978,121819,3617278,2624931,496891,359285,805237,640667,153623,689,634
2021-07-10T23:59:59+02:00,15612,14195,206947,201857,327985,303429,353277,348871,422535,434758,482698,488045,337392,377379,239216,305874,70671,129064,1702,1621,94193,92898,181161,177563,212718,224409,304325,327770,385939,401313,305739,342954,225667,287950,66962,121792,3608663,2608083,496246,359053,805002,638908,150938,688,634
2021-07-09T23:59:59+02:00,15287,13914,205035,200011,326374,301966,352204,347905,421628,434040,482123,487565,337184,377155,239120,305754,70656,129030,1028,965,91396,90171,177620,174328,208365,220246,299294,323160,382488,398325,304640,341722,225361,287581,66924,121727,3599475,2579019,495376,356983,804805,631296,148334,684,634
2021-07-08T23:59:59+02:00,14818,13486,201538,197016,323052,299284,349821,345911,419912,432576,480689,486495,336741,376713,238941,305506,70611,128952,910,854,87089,86396,170364,168646,200216,213837,291906,317029,375519,392101,301908,338792,224579,286639,66807,121467,3584066,2532716,491323,348299,804286,620910,143400,683,633
2021-07-07T23:59:59+02:00,14316,13032,197790,193141,319869,296415,347498,343855,418351,431099,479481,485389,336261,376147,238749,305233,70572,128846,776,758,83400,82941,163045,162917,191146,206642,283902,310453,368465,385273,298590,335167,223667,285535,66664,121220,3562704,2484632,489951,334837,803898,610891,140454,680,630
2021-07-06T23:59:59+02:00,13856,12658,194351,189759,316601,293669,345018,341558,416632,429532,478211,484254,335757,375585,238552,304943,70519,128761,654,640,79826,79354,156349,157391,183722,200428,274947,302488,361962,379169,295385,331913,222780,284441,66556,120991,3542790,2432003,486874,327844,803480,601362,138023,677,630
2021-07-05T23:59:59+02:00,13458,12321,189946,185507,312534,290323,342501,339216,414949,427978,477063,483178,335284,375065,238372,304697,70486,128675,578,545,76752,76515,151217,153291,178949,196298,268023,296208,355843,373623,292106,328464,221892,283318,66446,120820,3519882,2392852,485705,323348,802983,590990,133923,672,626
2021-07-04T23:59:59+02:00,13279,12162,186099,181625,309890,288284,341183,338137,414066,427197,476478,482682,335060,374810,238285,304571,70460,128621,546,516,74563,74636,148102,150710,176609,194250,265566,294145,352720,371406,288790,325062,221311,282649,66390,120698,3507595,2379007,484408,321046,802419,579429,129402,672,625
2021-07-03T23:59:59+02:00,12083,11104,179663,175619,305613,284820,338841,335961,412247,425388,475262,481625,334660,374364,238111,304324,70436,128578,515,497,72780,73055,145668,148825,174164,192162,262496,291417,350433,369549,287031,323075,221043,282286,66358,120649,3481177,2363231,482997,320845,802237,574935,123204,672,625
2021-07-02T23:59:59+02:00,10983,10012,175945,172148,303184,282612,337085,334251,410995,424198,474486,480934,334401,374049,237997,304142,70408,128530,476,446,70080,70361,141736,145532,169714,188110,256435,285961,345195,364834,283772,319340,220402,281513,66309,120564,3463036,2329944,481514,318049,802055,562337,120667,667,610
2021-07-01T23:59:59+02:00,9885,9083,172263,168692,299134,279305,334585,331973,409195,422614,473390,479972,333981,373586,237796,303873,70362,128450,404,373,65179,65634,135394,140180,162417,181591,246162,277087,334379,355022,278983,314057,218546,279254,66130,120251,3440421,2273479,479414,305670,801708,544583,117501,667,605
2021-06-30T23:59:59+02:00,9395,8690,168986,165602,293506,274668,330903,328629,407422,421073,472367,479001,333560,373099,237604,303572,70328,128361,322,312,62040,62781,129743,135493,155759,175583,236094,267924,320956,341728,273760,308499,216653,276927,65962,119929,3415269,2218345,477238,292842,801418,525716,113733,666,603
2021-06-29T23:59:59+02:00,8857,8167,165176,161812,288955,270390,327331,325324,405306,418984,470817,477585,332971,372459,237350,303217,70273,128252,264,241,59241,59775,124784,131067,149727,170046,224225,257205,312383,333349,267293,301304,214677,274466,65759,119582,3387666,2158967,475235,288168,801092,508300,110108,664,600
2021-06-28T23:59:59+02:00,8452,7786,161841,158346,283908,266062,324020,322475,403160,417054,469329,476272,332452,371846,237117,302908,70229,128159,204,191,56962,57415,120870,127541,145369,165955,214988,248775,306582,327931,262344,296003,212914,272230,65611,119316,3363683,2123161,471263,279532,800433,491756,106896,664,598
2021-06-27T23:59:59+02:00,8304,7663,160325,156813,281799,264251,322214,320932,401456,415695,468433,475555,332162,371554,237014,302745,70210,128110,178,171,55756,56298,118737,125827,142795,163816,210867,245377,303209,325066,258528,291988,210452,269314,65500,119121,3353632,2107638,469187,276024,799387,475591,103886,663,596
2021-06-26T23:59:59+02:00,7149,6564,157053,153472,279692,262366,319796,318689,400264,414539,467734,474857,331892,371274,236906,302587,70186,128080,167,159,55208,55706,117387,124668,141367,162573,208621,243368,300673,322647,256988,290326,210117,268903,65473,119051,3334478,2090780,466358,275932,799380,473092,103750,643,578
2021-06-25T23:59:59+02:00,5927,5447,152741,149182,276290,259408,317741,316726,398950,413287,466732,474030,331603,370939,236779,302431,70159,128031,138,137,53913,54076,114898,121961,137271,157999,199846,234910,294971,316766,255261,288203,209521,268101,65402,118935,3309484,2048201,464927,274233,799329,466495,103522,643,574
2021-06-24T23:59:59+02:00,5061,4658,148286,145046,271445,255451,313458,312940,396748,411406,465355,472892,331176,370478,236611,302193,70125,127944,119,107,51259,51478,109750,117225,129910,151340,187778,224440,283544,306522,249873,282351,207681,265753,65199,118534,3278211,1986020,462917,262414,799163,452722,101824,642,571
2021-06-23T23:59:59+02:00,4840,4452,145117,141922,267738,252284,308212,308132,394254,409056,463949,471571,330648,369858,236380,301881,70077,127837,87,77,49313,49388,105944,113305,124226,145649,177869,215764,271555,294512,245254,277523,206344,264053,65039,118174,3250605,1929575,459388,252539,799002,442018,100047,640,568
2021-06-22T23:59:59+02:00,4587,4222,142036,138790,264017,248897,302079,302696,391618,406493,462403,470083,330098,369249,236160,301528,70030,127730,57,56,47616,47638,102325,109988,119415,141061,165263,204610,260632,284196,241179,273045,204421,261641,64787,117702,3218506,1871100,457448,244799,798810,431055,98768,639,559
2021-06-21T23:59:59+02:00,4328,3976,138769,135841,259302,244986,296831,297823,388568,403618,460930,468727,329578,368685,235939,301216,69990,127618,49,48,46381,46405,99932,107759,116670,138349,159033,198825,253739,277555,235823,267196,200480,257109,64602,117325,3186715,1840034,455400,239281,798604,411239,96806,636,558
2021-06-20T23:59:59+02:00,4184,3857,137256,134329,255036,241484,294241,295578,387176,402299,460138,467977,329353,368396,235827,301083,69970,127556,43,45,45244,45472,97661,105955,114384,136356,155997,196284,249420,273472,232814,263664,199490,255854,64521,117199,3169181,1819588,453634,235726,798444,403365,95272,634,551
2021-06-19T23:59:59+02:00,3768,3506,135100,132227,252284,239156,292455,293921,385330,400730,459295,467248,329131,368143,235724,300945,69950,127524,42,43,44696,44823,96385,104685,112904,134880,154486,194841,246190,270440,232087,262812,199318,255590,64499,117146,3152823,1803570,450806,234139,798433,403072,95156,634,550
2021-06-18T23:59:59+02:00,2816,2593,131809,129086,248757,236099,288439,290506,382926,398600,457955,466089,328755,367743,235569,300710,69924,127475,42,43,43909,43905,94804,102899,110601,132209,150933,190800,239316,263142,230354,260803,198830,254949,64423,117012,3126986,1774199,446365,233609,798407,396351,94871,633,548
2021-06-17T23:59:59+02:00,2580,2370,128095,125793,242721,231648,283206,286113,378127,394605,455628,464250,328158,367021,235324,300355,69859,127362,41,43,41662,42076,90747,99416,105688,127449,143057,183114,227906,251733,225142,254857,197178,252787,64164,116592,3092119,1718423,443366,229458,798144,385422,90400,583,538
2021-06-16T23:59:59+02:00,2309,2134,124855,122383,237815,227293,278497,281851,372952,390105,453031,462105,327417,366223,235032,299940,69793,127247,41,40,39825,40471,87203,96377,101324,123613,134806,175760,215787,239798,218899,247735,195250,250459,63912,116104,3058523,1658512,437815,223847,797653,377295,87791,580,535
2021-06-15T23:59:59+02:00,1920,1802,119939,117510,231825,222140,273140,276858,367880,385468,450179,459682,326546,365243,234680,299428,69711,127063,40,38,38207,38855,83868,93324,97350,119553,127740,169375,203412,227752,212857,240935,193284,248022,63601,115531,3013750,1601118,435881,217988,797090,369600,85072,579,532
2021-06-14T23:59:59+02:00,1657,1526,115880,113345,226592,217229,267773,271881,362588,380708,447056,457086,325758,364383,234370,299039,69649,126942,36,37,37227,37965,81588,91219,94635,117029,123617,165621,196799,221243,209739,237424,192147,246546,63382,115137,2971547,1571461,433525,215705,796830,361930,82323,578,528
2021-06-13T23:59:59+02:00,1584,1441,114386,111964,224139,215116,265227,269620,360332,378746,445882,456060,325482,364077,234233,298868,69617,126868,33,37,36357,37227,79724,89540,92618,115203,120791,163003,192912,217526,206643,233976,191111,245174,63150,114724,2956530,1557412,431084,208421,796529,353682,80256,577,526
2021-06-12T23:59:59+02:00,1435,1303,111734,109212,222243,213386,263841,268336,358893,377346,444988,455291,325192,363767,234141,298765,69599,126840,33,37,35987,36818,78733,88444,91360,113896,119208,161435,189344,214217,205608,232847,189712,243516,63140,114692,2940337,1544215,430105,208408,796507,346300,80116,576,525
2021-06-11T23:59:59+02:00,1288,1167,109180,106695,219343,210759,260170,265143,355753,374609,443271,453819,324755,363316,234004,298556,69572,126785,33,36,35311,35699,76723,85056,89123,110355,115090,156284,182630,206751,203511,230475,189105,242745,63077,114593,2915888,1516643,427302,207711,796323,332836,79413,575,524
2021-06-10T23:59:59+02:00,1126,1010,104427,102278,213265,205990,253107,259313,349654,369307,438773,450041,323895,362345,233684,298110,69488,126632,31,35,33729,34206,72713,80868,84195,104840,108407,148045,170247,193089,197416,223570,187373,240599,62823,114188,2872209,1469350,420187,205960,795488,305786,75273,570,519
2021-06-09T23:59:59+02:00,977,881,100502,98563,207285,201259,246289,253596,342984,363353,435089,447017,323214,361600,233412,297727,69424,126500,30,34,32190,32943,69469,78212,80492,101669,103672,143754,159081,182301,186771,211546,185504,238350,62550,113693,2833147,1415177,411650,201971,794976,294491,70608,551,513
2021-06-08T23:59:59+02:00,795,700,95963,94011,200642,195684,239323,247575,334717,356064,429977,442343,322376,360597,233037,297240,69345,126364,28,32,31114,32083,66877,75906,77202,98929,99074,139831,151451,174788,178038,201809,183693,236094,62319,113325,2781101,1375850,405869,197046,794390,283599,66080,549,504
2021-06-07T23:59:59+02:00,636,559,92734,90905,194565,190974,232760,242324,326886,349889,426924,439891,321830,359958,232820,296912,69291,126268,27,30,30237,31233,64403,73946,74242,96766,95303,136894,143349,166978,173979,197170,182259,234280,62095,112939,2742030,1348657,399690,193738,793822,272459,61249,549,503
2021-06-06T23:59:59+02:00,598,524,91152,89587,191266,188412,229399,239545,322599,346482,425486,438811,321554,359660,232712,296754,69268,126221,27,30,29634,30675,62624,72256,72154,94745,92101,133820,137641,161167,171440,194531,181147,232880,61866,112560,2726574,1336757,392288,184019,793333,262004,58488,548,496
2021-06-05T23:59:59+02:00,516,444,89204,87569,186384,184186,226931,237411,320781,344861,424489,437899,321271,359341,232562,296587,69254,126189,27,29,29172,29914,61419,70296,70750,92591,90414,131536,132869,155815,168426,190854,180661,232221,61832,112494,2703041,1313073,392155,183552,793233,256561,58094,546,493
2021-06-04T23:59:59+02:00,416,359,86846,85037,182710,180561,222913,233456,317183,341219,422127,435701,320814,358806,232367,296358,69215,126127,27,27,28700,29236,60289,68636,69453,90492,88618,128903,129486,152148,164181,186072,179668,230953,61784,112406,2673759,1294146,388327,182777,793113,246472,57644,544,489
2021-06-03T23:59:59+02:00,324,282,83554,81958,176967,175881,215629,227341,309452,334508,414366,428834,319778,357620,231996,295905,69159,125994,25,26,27809,28220,58383,66430,67049,87732,84964,124769,122702,145459,157821,178439,178091,228917,61670,112169,2624726,1264843,378073,177421,792692,233702,54662,542,480
2021-06-02T23:59:59+02:00,274,223,81466,79786,172858,172139,211967,224172,305856,331143,412313,426998,319367,357162,231843,295698,69131,125943,24,25,27337,27735,57244,65298,65435,86443,82887,122812,117711,140561,149923,169450,177367,227959,61585,111998,2595867,1232510,376683,175447,792667,230073,53718,538,469
2021-06-01T23:59:59+02:00,174,155,77193,75957,164571,165553,202587,216429,296741,323249,404094,419156,317858,355549,231302,294957,69019,125716,23,22,25784,26317,52924,62333,60582,83139,77442,118293,110270,133324,138796,156000,175253,225214,61378,111573,2537098,1182197,365018,171331,791908,218282,46806,532,456
2021-05-31T23:59:59+02:00,152,138,74446,73466,158907,161223,195268,210447,289349,316855,398347,414182,316859,354432,230915,294435,68929,125545,23,21,24870,25253,50294,60103,57402,80595,73820,115000,105755,128861,134623,151067,173877,223483,61209,111240,2496618,1159676,355612,168960,791267,207862,40944,531,447
2021-05-30T23:59:59+02:00,141,130,73392,72396,156418,159180,192634,208087,286552,314339,396461,412436,316496,354020,230754,294194,68891,125464,23,21,24263,24466,48696,58356,55653,78728,71566,112423,103091,125983,132463,148531,173082,222546,61115,111028,2480767,1149840,353084,167647,790637,196462,38036,530,433
2021-05-29T23:59:59+02:00,138,128,72783,71803,154902,157776,190333,206058,284711,312752,395624,411666,316273,353775,230673,294115,68880,125445,22,21,23938,23938,47773,56856,54306,76845,69639,109577,100764,123176,129646,145097,172426,221638,61088,110976,2466868,1136179,352923,167579,790573,185913,38010,528,427
2021-05-28T23:59:59+02:00,134,125,71697,70688,152497,155517,186660,202515,281431,309618,393761,409896,315862,353268,230527,293902,68861,125388,22,20,23403,22935,46160,54725,52469,74280,67588,105623,96426,117284,125248,140025,171448,220326,61041,110862,2443016,1113454,351868,167364,790365,171394,37629,526,419
2021-05-27T23:59:59+02:00,123,116,68375,67670,146002,150567,178468,196254,275024,304445,387449,404207,314594,351821,230065,293370,68789,125205,20,19,22075,21251,42904,51669,48586,70459,63014,99600,90053,109760,121305,135384,168633,216613,60867,110548,2398371,1084915,344234,164622,788557,151277,31896,522,410
2021-05-26T23:59:59+02:00,119,113,66219,65484,141046,146472,172359,191189,268265,298772,380707,397516,313068,350201,229570,292671,68684,124992,20,18,21329,20330,41072,49527,46229,67716,59969,95802,85459,104627,116312,129645,164819,211256,60657,110119,2361024,1052864,331015,163039,786733,139783,29170,519,404
2021-05-25T23:59:59+02:00,118,106,64189,63486,136836,142982,167307,186888,261192,292476,375274,392119,311780,348784,229155,292020,68601,124815,20,18,20750,19663,39667,48004,44388,65691,57490,92791,81371,100235,111350,123926,159249,203973,60487,109812,2323398,1021156,323501,159614,784185,130537,27531,515,397
2021-05-24T23:59:59+02:00,116,103,62941,62267,134073,140870,164025,184468,254241,286477,370326,387434,310950,347865,228870,291635,68530,124684,20,18,20404,19251,38642,46926,43041,64201,55802,90778,79127,97709,109912,122264,158637,203181,60374,109609,2299624,1011740,312375,158306,782378,123834,25976,513,389
2021-05-23T23:59:59+02:00,111,102,62443,61749,132971,139971,162825,183430,252996,285452,368734,386001,310327,347206,228697,291407,68510,124648,20,15,20170,19061,38086,46365,42279,63497,54631,89778,77628,96338,108730,120857,157656,201954,60303,109467,2288092,1003511,311786,155221,782334,122229,25843,512,380
2021-05-22T23:59:59+02:00,108,100,61748,61123,131470,138885,160447,181804,250022,283154,366251,383769,309797,346611,228520,291139,68484,124597,19,15,19852,18636,37468,45760,41639,62967,53977,89046,76855,95188,107179,119046,156881,200984,60276,109413,2270062,996791,311769,155216,782295,118789,24371,512,379
2021-05-21T23:59:59+02:00,104,98,60406,59680,128554,136281,157144,178475,244780,278384,360148,378081,308860,345516,228225,290741,68423,124489,19,15,19485,18267,36850,44985,40983,61911,53018,87646,75123,92885,103932,115092,155740,199530,60183,109237,2233920,983720,310123,154888,780715,112181,24083,507,373
2021-05-20T23:59:59+02:00,95,96,57352,56884,122810,131402,150202,172153,234459,269617,351108,369790,306316,342769,227455,289728,68291,124269,18,15,18188,17329,34672,42738,38523,59003,50189,83865,71189,88372,99791,110428,153265,196500,60000,108879,2175835,964314,303449,152926,774754,94499,21187,502,370
2021-05-19T23:59:59+02:00,93,94,55139,54690,117794,126716,143027,165529,223904,260249,340555,358872,303663,339906,226705,288677,68140,123993,18,15,17605,16541,33445,41151,37113,56932,48169,81080,67940,84789,95902,105950,149623,191750,59738,108388,2109825,940831,297191,150942,771771,84977,19366,497,353
2021-05-18T23:59:59+02:00,89,90,53036,52723,113003,122451,136635,159955,212326,249871,330666,349067,300992,336934,225824,287478,67990,123738,18,15,17084,15935,32228,39683,35751,55137,46348,78666,65046,81556,91885,101407,146418,187671,59526,107953,2049894,920513,287805,148074,768177,76316,17385,493,352
2021-05-17T23:59:59+02:00,86,86,52000,51726,110660,120386,133818,157298,205794,243850,323088,341968,299196,334963,225234,286655,67882,123526,18,15,16624,15484,31175,38638,34571,53837,44863,76863,62775,79154,87039,95531,144951,185785,59378,107640,2023045,908764,275485,140598,764745,69613,15325,488,345
2021-05-16T23:59:59+02:00,84,83,51209,51071,109210,119061,132071,155630,202820,241164,315648,335005,298174,333831,224924,286170,67829,123428,18,15,16340,15111,30423,37856,33694,52914,43799,75547,61438,77681,83622,91447,144160,184708,59291,107498,2007669,902640,265049,133834,761495,65472,13573,484,338
2021-05-15T23:59:59+02:00,83,83,50670,50437,108206,118068,131055,154513,200885,239225,312076,331786,297551,333146,224728,285899,67809,123364,18,15,16199,14947,30166,37544,33408,52481,43309,74896,60583,76692,83024,90631,143640,184040,59255,107449,1991440,897376,265028,133686,760625,64336,12861,482,333
2021-05-14T23:59:59+02:00,82,82,49408,49004,105945,115968,127457,151056,192667,232148,305758,325896,296569,332008,224442,285451,67760,123270,18,15,15698,14515,29373,36718,32622,51286,42230,73102,59008,74740,81105,88136,143028,183044,59214,107364,1954115,887673,263324,132801,756077,58894,11806,479,331
2021-05-13T23:59:59+02:00,79,80,47486,47048,102089,112726,122726,146937,182629,223555,295141,316068,293603,328587,223632,284313,67660,123062,16,14,14838,14067,28514,36014,31860,50383,41275,72004,57495,73166,77322,83779,140257,179434,59105,107147,1902461,875089,254670,125740,749843,55040,10784,472,323
2021-05-12T23:59:59+02:00,77,78,46570,46335,100167,111286,120654,145267,180068,221441,290408,310736,292440,327315,223392,283995,67622,122978,16,13,14672,13915,28190,35793,31451,50094,40824,71627,56950,72594,75969,82144,139476,178297,59018,106988,1879322,869303,252503,123940,749351,54768,9984,468,321
2021-05-11T23:59:59+02:00,73,72,44320,44857,96122,108198,114833,140531,166690,210162,278750,299966,289038,323401,222439,282596,67473,122679,15,12,14239,13348,27174,34360,30311,48285,39514,69349,55238,70322,72872,78550,138113,176459,58857,106628,1820410,856955,242767,121246,740831,46901,8501,463,320
2021-05-10T23:59:59+02:00,72,68,43064,43877,93515,106186,111568,137897,158297,203135,270865,292852,286862,320947,221867,281736,67349,122438,15,11,13894,12904,26410,33373,29517,47023,38512,67493,54007,68592,70782,75989,136968,174943,58737,106338,1784804,848055,236717,120190,733849,39701,7525,457,311
2021-05-09T23:59:59+02:00,71,68,41939,43101,90830,104422,108898,136123,153278,199708,265338,287903,285616,319554,221490,281207,67283,122291,15,11,13577,12682,25710,32702,28789,46217,37716,66529,53078,67646,69547,74584,136370,174103,58682,106207,1765429,843462,229613,119209,727841,34918,6537,448,308
2021-05-08T23:59:59+02:00,70,68,41647,42798,89982,103687,107796,135258,151825,198490,262773,285835,285114,319013,221371,281030,67267,122259,15,11,13476,12619,25575,32609,28642,46085,37526,66333,52736,67325,68581,73660,135298,172734,58635,106114,1753348,838827,229099,118459,727616,34135,6520,441,300
2021-05-07T23:59:59+02:00,68,67,40723,42079,88042,102344,104959,133034,147202,194679,256513,280320,283772,317412,221025,280577,67215,122137,15,11,12728,12138,24746,31872,27874,45021,36661,65069,51552,65809,66328,70970,133064,169905,58546,105937,1727513,829114,225888,116183,723492,27343,5571,435,297
2021-05-06T23:59:59+02:00,64,66,38080,40353,83288,98881,98957,128274,137001,186163,240064,265904,278653,311615,219736,278889,67041,121824,15,11,12043,11619,23805,30766,26872,43668,35300,63065,49810,63826,63833,67835,130953,167140,58432,105720,1661914,817985,215978,113067,712576,18965,4662,420,292
2021-05-05T23:59:59+02:00,62,64,36188,39154,79624,96291,94351,124620,129168,179627,225305,251856,272467,304478,218160,276898,66795,121302,15,10,11808,11342,23256,30037,26266,42743,34373,61660,48655,62406,61217,64715,128007,163434,58334,105469,1595666,805639,210893,109492,706528,14994,3593,417,286
2021-05-04T23:59:59+02:00,62,62,35080,38041,76890,93962,90839,121573,123589,174890,214668,241573,266980,298027,216715,275055,66586,120835,15,10,11642,11136,22845,29496,25801,41967,33647,60561,47542,61128,58490,61524,125638,160497,58185,105233,1546556,793699,205766,106850,700435,11843,2939,410,282
2021-05-03T23:59:59+02:00,61,61,34207,36988,74596,92138,87960,119215,119148,171243,208000,235563,263694,294161,215918,273968,66464,120540,15,10,11394,10863,22447,28912,25317,41264,32956,59593,46513,59983,55690,58180,121859,155596,57928,104794,1514758,777790,202649,105135,695494,9083,1287,405,273
2021-05-02T23:59:59+02:00,61,61,33852,36672,73414,91227,86479,118113,116716,169373,204899,233041,262731,293072,215633,273561,66397,120432,15,9,11321,10788,22256,28695,25081,40976,32608,59186,46056,59504,54500,56716,118785,151914,57844,104662,1504118,772740,199849,99566,691613,8180,418,397,262
2021-05-01T23:59:59+02:00,60,61,33533,36292,72649,90432,85405,117069,115243,168007,201811,230010,262039,292245,215422,273281,66386,120393,15,9,11307,10772,22202,28664,25016,40938,32546,59129,45974,59426,54258,56422,118628,151717,57835,104645,1488998,771424,199840,99526,691346,8132,411,396,260
2021-04-30T23:59:59+02:00,57,59,32988,35691,71441,89209,83939,115337,111457,164433,194407,222893,260047,289875,214973,272673,66326,120285,15,9,10983,10576,21837,28386,24737,40511,32218,58566,45507,58791,53360,55257,117676,150531,57780,104526,1456074,767734,199513,97532,690545,5786,209,392,255
2021-04-29T23:59:59+02:00,55,58,31486,34738,68507,87177,80298,112724,106335,160312,181580,211339,252108,280769,213777,271044,66192,119942,15,9,10673,10361,21359,27936,24306,40013,31629,57825,44702,57858,51525,53058,115824,148290,57679,104329,1401110,758879,192228,94857,685165,3465,184,381,252
2021-04-28T23:59:59+02:00,54,57,30252,34124,66636,85863,77815,110898,102908,157453,171880,202150,241251,268165,212496,269360,65996,119616,15,9,10484,10199,21053,27575,23938,39539,31198,57163,43971,57028,49384,50422,113239,145049,57554,104117,1348409,749254,188863,90298,679793,2242,151,375,234
2021-04-27T23:59:59+02:00,51,56,29493,33437,65051,84391,75796,109082,100140,155055,167140,197417,232739,258352,211350,267745,65876,119394,15,9,10359,10087,20770,27282,23701,39209,30836,56658,43277,56338,47375,47878,110597,141611,57435,103917,1314308,739424,186554,86284,671797,1520,149,364,218
2021-04-26T23:59:59+02:00,50,56,29062,33053,63949,83502,74292,107909,97845,153340,158521,189410,228545,253500,210643,266748,65783,119194,15,9,10264,9997,20551,27090,23461,38993,30535,56314,42658,55760,45567,45728,108702,139126,57339,103763,1285332,731444,185111,83176,665064,1138,143,351,211
2021-04-25T23:59:59+02:00,50,55,28809,32813,63168,82972,73223,107169,96110,152105,153125,184535,224211,248615,210053,265966,65717,119071,15,9,10208,9962,20471,27008,23372,38910,30426,56186,42495,55600,45155,45231,108022,138219,57311,103692,1272520,729767,178972,81408,656384,1006,140,344,211
2021-04-24T23:59:59+02:00,50,54,28464,32385,62226,81746,72036,105716,94556,150439,148213,179379,221424,245276,209584,265292,65683,119021,15,9,10194,9942,20429,26965,23317,38843,30345,56099,42344,55464,44911,44921,107770,137922,57290,103664,1247613,728666,178940,80707,655095,962,139,340,209
2021-04-23T23:59:59+02:00,48,54,27714,31761,60657,80229,70232,103694,91963,147792,143415,174978,216864,239723,208929,264304,65620,118906,15,9,10141,9878,20319,26878,23181,38692,30112,55889,41980,55133,44295,44161,106706,136633,57134,103388,1222673,725301,177755,78228,646553,910,136,337,206
2021-04-22T23:59:59+02:00,46,53,27096,31160,59118,78790,67761,101474,87825,144297,135366,167479,207832,228729,206892,261677,65421,118510,14,9,10016,9779,20067,26580,22825,38254,29596,55374,41229,54497,43137,42845,104709,134181,56905,102990,1181118,717803,170293,74317,638209,789,136,330,199
2021-04-21T23:59:59+02:00,46,49,26600,30639,57786,77684,65875,99838,84776,141656,128180,160660,194744,213390,204741,258790,65195,118084,14,9,9884,9692,19833,26329,22536,37928,29237,54920,40675,53959,42284,41824,102512,131386,56650,102574,1129585,711222,167405,70219,631830,714,136,327,191
2021-04-20T23:59:59+02:00,44,48,26172,30168,56614,76534,64194,98251,82218,139082,123087,155582,183272,199928,202313,255654,64958,117653,13,9,9779,9600,19613,26139,22241,37653,28824,54500,40133,53428,41462,40887,100286,128389,56311,102040,1086893,703628,163917,66968,625045,633,134,325,180
2021-04-19T23:59:59+02:00,44,47,25805,29809,55639,75717,62906,97073,80082,137155,119556,152188,177507,193088,200604,253423,64773,117323,13,9,9671,9506,19379,25917,21993,37378,28507,54106,39618,52895,40666,39981,97172,124391,55905,101325,1062310,693215,162081,64546,618437,595,133,316,178
2021-04-18T23:59:59+02:00,43,42,25496,29545,54867,75168,61779,96123,78218,135727,116188,149790,172392,187527,199588,252193,64661,117131,13,9,9597,9429,19189,25739,21815,37210,28291,53826,39357,52644,40337,39598,95958,122837,55721,101024,1048283,689326,160411,62614,607868,580,133,312,175
2021-04-17T23:59:59+02:00,42,41,25385,29451,54494,74967,61261,95770,77563,135126,115339,149047,168137,182643,199055,251467,64627,117068,13,9,9552,9370,19050,25550,21627,36981,28063,53549,39092,52376,40033,39273,95191,121909,55656,100940,1037390,685295,160382,62298,603795,568,133,311,174
2021-04-16T23:59:59+02:00,42,41,25010,29202,53502,74356,59971,94891,75932,133795,111187,144903,160490,173876,197396,249264,64519,116860,13,9,9346,9193,18653,25115,21037,36405,26949,52641,37061,50770,36699,36310,91992,118380,55254,100286,1011462,670144,159587,55360,594271,538,132,309,170
2021-04-15T23:59:59+02:00,40,37,24533,28753,52243,73186,58005,93164,72647,130951,105713,139623,152621,164895,192742,243394,64223,116244,13,9,9171,9029,18281,24690,20543,35740,26269,51840,35670,49536,34585,34258,88865,114632,54745,99429,979229,656986,157529,49766,576336,488,131,304,163
2021-04-14T23:59:59+02:00,38,34,24194,28426,51303,72247,56661,91774,70260,128787,101712,135848,143417,154507,185003,233516,63882,115579,13,9,8761,8755,17802,24181,20004,35085,25353,50963,34381,48415,32533,32097,85883,110975,54251,98566,941327,642027,154859,45538,561087,397,130,294,162
2021-04-13T23:59:59+02:00,38,34,23951,28205,50601,71712,55706,90939,68617,127368,97982,132404,131582,141373,178608,225191,63544,114990,13,9,8522,8580,17451,23768,19570,34540,24680,50167,33305,47393,31148,30729,83717,108566,53890,98021,908012,632586,150337,41145,544581,274,130,289,160
2021-04-12T23:59:59+02:00,38,33,23742,28015,50043,71198,54836,90202,67142,126076,95342,130079,124461,133339,175382,221243,63273,114499,13,9,8285,8391,17084,23467,19198,34102,24206,49630,32639,46765,29614,29184,82053,106626,53564,97499,891574,624114,148792,37889,528669,261,128,280,157
2021-04-11T23:59:59+02:00,37,33,23568,27850,49511,70776,54097,89744,65992,125269,93479,128598,118971,127314,171468,216639,63103,114201,13,9,8148,8257,16784,23187,18878,33785,23847,49248,32194,46379,28975,28516,81034,105378,53355,97180,884063,618805,144385,36058,512304,247,122,272,153
2021-04-10T23:59:59+02:00,37,33,23506,27793,49341,70636,53893,89583,65660,124997,92953,128159,116886,124782,170028,214787,63061,114101,13,9,7559,7650,15890,22398,17918,32944,22726,48212,31081,45382,28312,27804,78937,102769,53087,96744,877047,603454,143528,35679,509769,243,115,270,153
2021-04-09T23:59:59+02:00,36,33,23258,27543,48833,70143,53244,88887,64661,123867,91123,126251,108051,113833,166649,210378,62861,113743,12,9,6598,6748,14356,21072,16197,31384,20582,46241,28866,43370,26530,25976,75425,98582,52543,95904,857581,575947,136471,34161,499460,231,103,261,151
2021-04-08T23:59:59+02:00,36,33,22960,27295,48253,69650,52487,88187,63349,122781,88698,124080,97730,101826,161100,203530,62531,113174,12,9,5953,6158,13160,20051,14933,30044,18942,44525,26372,41038,23506,23000,70754,92776,51386,94137,838866,544279,127574,32222,481387,204,92,258,149
2021-04-07T23:59:59+02:00,34,32,22645,27066,47442,69184,51550,87564,61951,121786,85540,121629,88522,91520,154086,194744,62237,112617,12,9,5572,5834,12497,19372,14113,29213,17901,43475,24461,39142,20964,20474,66782,87993,50388,92518,818388,520754,121967,29742,459932,179,83,245,145
2021-04-06T23:59:59+02:00,33,32,22431,26907,46910,68799,50959,87036,60917,121008,83426,119882,80755,82705,147710,186777,61892,111991,12,9,5375,5675,12143,19010,13758,28776,17365,42910,23600,38326,19832,19443,63613,83882,49464,91125,799075,507340,118751,26776,442489,167,77,236,141
2021-04-05T23:59:59+02:00,33,31,22331,26782,46597,68450,50567,86633,60363,120312,82242,118728,76274,77611,142730,180689,61691,111675,12,9,5236,5536,11882,18755,13464,28460,17044,42533,23152,37865,19370,18973,60719,80320,48766,90058,789623,497978,116998,23983,427272,162,71,227,141
2021-04-04T23:59:59+02:00,33,31,22282,26719,46474,68176,50395,86318,60082,119810,81729,118096,74829,75898,142028,179715,61654,111593,12,9,5230,5527,11863,18740,13452,28443,17025,42517,23053,37793,18964,18652,59278,78467,48559,89746,787069,493172,116887,23978,422071,155,65,222,140
2021-04-03T23:59:59+02:00,33,31,22220,26638,46349,68067,50231,86142,59768,119495,81161,117518,73483,74264,140914,178179,61571,111445,12,9,5219,5518,11850,18721,13430,28423,16992,42470,22947,37718,18828,18501,58925,77901,48470,89599,780707,491378,116844,23978,420123,153,64,221,140
2021-04-02T23:59:59+02:00,33,31,22142,26552,46185,67898,50008,85892,59296,119039,80277,116705,71926,72377,138631,175197,61377,111085,12,9,5198,5480,11801,18677,13375,28341,16903,42321,22674,37242,18472,18138,56587,75014,47658,88496,771571,482891,115061,23336,418188,153,60,218,136
2021-04-01T23:59:59+02:00,30,30,21947,26347,45770,67378,49364,85148,58423,118099,78392,115035,68662,68947,134542,170021,61060,110514,12,9,5051,5336,11525,18412,13149,28104,16581,42013,22170,36799,17643,17386,51719,68960,45966,86020,759915,464741,108969,21963,410998,140,55,214,132
2021-03-31T23:59:59+02:00,29,30,21618,26128,45367,66849,48863,84495,57691,117158,77230,113794,66611,66622,129782,163902,60655,109790,11,9,4973,5283,11425,18288,12985,27950,16342,41744,21575,36282,16506,16481,46483,62526,44579,84026,750131,446307,101793,21023,404870,137,48,211,129
2021-03-30T23:59:59+02:00,29,29,21441,25903,44964,66230,48355,83692,56979,116104,76090,112415,64765,64601,125403,158149,60188,108894,11,9,4906,5197,11320,18161,12790,27759,16010,41420,21000,35736,15671,15679,43717,59110,43467,82227,739933,434431,97566,19655,396926,110,41,202,126
2021-03-29T23:59:59+02:00,28,29,21243,25664,44500,65678,47874,82997,56242,115022,74852,110976,62269,61850,118667,149528,59420,107503,11,9,4808,5125,11213,18044,12633,27593,15763,41096,20537,35267,15020,15137,41112,56115,42359,80397,719383,423186,94144,18969,391013,93,39,199,124
2021-03-28T23:59:59+02:00,28,29,21038,25372,44000,64985,47356,82252,55561,114014,73902,109865,61010,60413,113957,143559,58976,106745,11,9,4751,5064,11067,17893,12373,27293,15570,40849,20369,35033,14781,14890,40036,54702,42007,79855,712830,418857,86833,17643,383596,72,39,195,114
2021-03-27T23:59:59+01:00,28,29,20917,25213,43705,64621,46991,81722,55056,113324,73226,109128,59854,59324,112467,141851,58909,106663,11,9,4737,5052,11040,17873,12354,27263,15208,40418,19969,34595,14489,14680,39551,54015,41535,79039,707548,414801,86129,16991,379547,67,39,192,112
2021-03-26T23:59:59+01:00,28,28,20665,24700,42897,62915,46015,79696,53720,110302,71211,105511,57838,57436,109716,138619,58581,106145,9,9,4717,5019,11017,17821,12283,27170,15129,40308,19626,34000,14018,14026,36469,50163,39475,75781,696141,400237,82812,16772,367267,54,36,187,112
2021-03-25T23:59:59+01:00,28,25,20233,24027,42021,61148,44917,77143,52208,106768,68818,101747,55240,54795,106403,134650,58010,105152,9,9,4671,4963,10926,17718,12160,27026,14944,40090,19346,33691,13538,13532,32621,45107,36472,71228,684697,381851,78610,16177,350227,48,33,182,108
2021-03-24T23:59:59+01:00,28,25,19829,23577,41236,59873,43894,75600,50824,104840,66713,99413,52456,51878,102152,129560,57371,104075,9,9,4615,4896,10832,17575,11993,26823,14714,39802,18979,33270,13078,13084,30049,41891,33353,66388,671880,366272,73728,15079,337940,42,28,179,104
2021-03-23T23:59:59+01:00,28,25,19582,23275,40676,58949,43165,74499,49782,103325,65041,97549,50156,49534,99400,126349,56814,103237,9,9,4555,4824,10732,17448,11845,26638,14468,39488,18561,32880,12576,12575,27611,38777,29651,60453,663712,348606,70386,14490,327494,38,26,177,103
2021-03-22T23:59:59+01:00,28,25,19357,22855,40029,58062,42495,73458,48836,101937,63565,95916,48324,47641,97004,123609,56346,102471,6,8,4498,4778,10644,17330,11713,26460,14309,39249,18319,32577,12259,12201,25767,36410,25646,53968,657379,332210,67582,13933,317200,33,26,175,101
2021-03-21T23:59:59+01:00,28,25,19217,22594,39531,57304,41935,72610,48179,100779,62620,94681,47275,46615,95360,121757,55974,101893,6,8,4482,4769,10607,17282,11664,26373,14248,39160,18238,32476,12138,12065,25337,35961,25292,53408,654769,330002,65548,13520,308261,33,23,174,96
2021-03-20T23:59:59+01:00,27,25,19156,22449,39318,56808,41695,72050,47865,100143,62179,94079,46618,45848,92765,118526,55686,101409,6,8,4473,4760,10597,17269,11635,26355,14205,39125,18157,32401,11984,11905,24696,35189,24527,52326,648294,326294,65098,13332,303451,33,23,173,96
2021-03-19T23:59:59+01:00,26,24,18800,21882,38187,54681,40411,70056,46129,98056,59297,91323,42177,41976,87544,112769,54986,100333,6,8,4452,4745,10564,17219,11570,26243,14113,38951,17919,32101,11630,11622,23016,33125,22843,49758,630534,316931,57885,12968,290434,28,22,169,95
2021-03-18T23:59:59+01:00,26,23,18406,21233,37005,52525,38874,67266,43972,93582,55448,85526,38142,38167,82811,107290,53897,98678,6,8,4432,4716,10498,17116,11491,26087,13968,38762,17705,31899,11395,11439,21770,31601,21128,47158,613582,308840,52150,12355,267329,26,21,165,92
2021-03-17T23:59:59+01:00,26,22,17977,20880,36274,51602,38106,66308,42890,92223,53658,83702,35462,35375,78799,102464,52956,97207,5,8,4409,4688,10434,17018,11416,25953,13854,38572,17509,31706,11155,11212,20516,30183,19537,44752,596892,301309,47751,11643,261472,24,19,162,85
2021-03-16T23:59:59+01:00,25,22,17617,20460,35523,50530,37291,65109,41791,90550,51816,81716,33252,33356,74761,97498,52073,95893,5,6,4359,4636,10362,16888,11326,25800,13754,38333,17375,31463,10976,11029,19234,28659,18055,42424,583594,293506,43065,11208,252806,23,16,159,83
2021-03-15T23:59:59+01:00,25,22,17336,20095,34809,49545,36496,63916,40884,89071,50556,80113,31527,31520,71467,93403,51379,94761,5,6,4337,4601,10295,16765,11260,25599,13637,38045,17226,31190,10807,10868,18503,27692,16787,40561,572448,287670,39736,10558,244931,23,5,154,78
2021-03-14T23:59:59+01:00,25,21,17065,19668,33954,48337,35593,62600,39821,87245,49299,78383,30358,30276,69469,90840,50937,94084,5,6,4313,4582,10250,16687,11203,25457,13576,37823,17134,31027,10734,10782,18324,27411,16525,39999,565324,286468,37857,9426,234986,14,2,150,78
2021-03-13T23:59:59+01:00,25,21,16246,18605,32453,46294,34016,60459,37781,84165,47160,75822,29003,28919,67451,88215,50669,93694,5,6,4313,4581,10248,16681,11198,25448,13567,37815,17126,31018,10700,10750,17575,26523,15478,38544,548966,282207,37573,9425,224630,13,2,150,77
2021-03-12T23:59:59+01:00,24,20,15144,17229,30007,43642,31348,57316,34912,79310,43945,71353,26162,25730,63141,82909,49684,92291,5,5,4300,4546,10229,16619,11179,25395,13521,37697,17036,30887,10420,10523,16682,25271,14406,37016,520891,276383,36263,9411,207176,11,2,145,75
2021-03-11T23:59:59+01:00,23,20,14101,15766,27746,40945,29023,54131,32317,74917,40182,66460,22753,22251,57119,75590,47757,89464,5,5,4258,4505,10149,16500,11065,25168,13403,37386,16871,30580,10116,10310,16050,24425,13738,35738,488797,272371,34671,7968,187239,9,2,140,67
2021-03-10T23:59:59+01:00,23,20,13507,15065,26334,39328,27367,52304,30751,72595,37656,63331,19995,19689,51201,68449,46206,87126,5,5,4221,4461,10050,16333,10944,24916,13255,36966,16672,30207,9874,10123,15308,23652,13079,34712,462338,267629,32625,7223,176126,6,2,136,65
2021-03-09T23:59:59+01:00,22,19,13223,14599,25208,38285,25949,51119,29685,70940,36276,61496,18809,18566,47689,63998,45085,85339,5,5,4196,4435,9965,16166,10840,24656,13101,36649,16494,29970,9747,10018,14643,22812,12580,33936,448729,263907,30082,6385,167626,6,2,135,59
2021-03-08T23:59:59+01:00,21,19,12892,13988,24126,37170,24677,49980,28747,69457,35035,59876,17736,17683,43569,59018,43858,83353,5,5,4181,4399,9903,15968,10737,24393,12966,36290,16363,29704,9663,9934,14146,22205,12264,33492,433267,260705,28072,5990,159994,2,2,132,58
2021-03-07T23:59:59+01:00,21,19,12658,13692,23530,36316,23978,49101,28143,68587,34423,59115,17471,17428,42502,57566,43493,82793,5,5,4169,4385,9880,15926,10710,24319,12934,36120,16306,29590,9641,9905,13947,21949,12129,33286,428494,259638,26254,5646,156217,0,2,126,58
2021-03-06T23:59:59+01:00,20,19,12544,13400,23126,35579,23441,48309,27092,67053,33321,57348,17084,17098,41856,56675,43193,82325,5,5,4166,4371,9868,15899,10692,24285,12924,36079,16288,29559,9623,9864,13900,21911,12026,33075,424417,259258,26190,5362,149003,0,2,125,56
2021-03-05T23:59:59+01:00,20,19,12130,12797,22442,34375,22753,47079,26335,65419,32086,54930,16434,16262,38398,52376,41041,78886,5,5,4139,4324,9798,15798,10641,24137,12856,35884,16201,29353,9528,9794,13715,21700,11654,32462,409234,257562,24736,4514,139933,0,1,125,54
2021-03-04T23:59:59+01:00,18,19,11370,11783,21254,32647,21538,45029,24978,62766,30390,52571,15703,15542,34393,47209,37962,74201,5,5,4089,4233,9683,15502,10538,23779,12723,35349,16056,28950,9348,9638,13558,21490,11570,32316,390780,254498,22658,4416,126053,0,1,124,51
2021-03-03T23:59:59+01:00,16,19,11058,11286,20566,31429,20762,43666,24065,61014,29343,50930,15223,15037,31778,43883,34872,69431,5,5,4047,4168,9603,15330,10457,23525,12615,34926,15875,28602,9163,9510,13431,21270,11426,32043,375314,251838,21861,4248,117318,0,1,120,45
2021-03-02T23:59:59+01:00,16,19,10797,10857,19920,30455,20049,42645,23278,59623,28366,49653,14594,14386,29107,40520,30975,63214,5,5,3999,4096,9540,15163,10387,23260,12509,34493,15772,28292,9037,9407,13291,21079,11349,31898,357111,249422,20352,4244,111124,0,0,117,45
2021-03-01T23:59:59+01:00,14,18,10625,10597,19405,29649,19485,41761,22687,58553,27650,48529,14171,13932,27033,37937,26705,56313,5,5,3983,4046,9485,15007,10321,22960,12426,34118,15663,27968,8952,9345,13108,20810,11233,31715,339852,246988,19237,4244,106085,0,0,115,45
2021-02-28T23:59:59+01:00,13,18,10454,10394,18936,28996,18947,41020,22205,57696,27158,47733,13963,13689,26426,37277,26300,55710,5,5,3966,4032,9459,14974,10302,22908,12409,34048,15636,27920,8925,9321,12977,20631,11169,31566,337382,246131,18375,4206,101286,0,0,114,43
2021-02-27T23:59:59+01:00,13,17,10275,9879,18607,28132,18688,40231,21921,56713,26831,46945,13691,13389,25757,36476,25376,54293,5,5,3952,4020,9437,14953,10270,22861,12370,33966,15589,27846,8904,9305,12957,20607,11147,31546,333474,245767,17653,4057,96211,0,0,114,43
2021-02-26T23:59:59+01:00,12,16,9478,9096,17709,26696,17906,38027,20989,53864,25370,44125,13224,12989,24165,34486,23847,51985,5,5,3871,3951,9359,14793,10196,22605,12290,33600,15472,27553,8825,9225,12890,20540,11107,31476,324336,243864,17398,3983,82347,0,0,113,42
2021-02-25T23:59:59+01:00,12,16,8322,8243,16388,25086,16639,35777,19753,50983,23660,41342,12746,12588,22887,32896,22348,49702,5,5,3747,3805,9193,14476,9973,21997,12033,32742,15144,26897,8628,9074,12628,20215,10967,31208,316711,239706,16623,3116,66145,0,0,108,40
2021-02-24T23:59:59+01:00,11,15,7956,7719,15736,24052,16014,34541,19038,49470,22869,40143,12351,12252,21580,31401,20672,47075,4,5,3673,3736,9049,14184,9795,21540,11826,32111,14881,26361,8486,8936,12485,20042,10902,30996,308479,236920,15656,2176,58848,0,0,108,39
2021-02-23T23:59:59+01:00,11,15,7473,7241,14922,22875,15327,33325,18315,48062,22148,39072,12037,11927,20239,29829,19061,44523,4,5,3631,3659,8929,13980,9654,21141,11638,31531,14578,25857,8315,8791,12357,19831,10830,30759,300356,234064,14855,1510,51274,0,0,107,38
2021-02-22T23:59:59+01:00,10,13,7366,7035,14540,22258,14974,32599,17848,47053,21653,38338,11833,11677,19490,28817,17741,42569,4,5,3601,3557,8791,13689,9492,20639,11383,30785,14207,25258,8065,8596,12156,19577,10724,30449,294473,230740,14247,319,47174,0,0,103,38
2021-02-21T23:59:59+01:00,10,13,7276,6909,14215,21811,14555,32016,17431,46403,21215,37844,11725,11574,19328,28603,17493,42235,4,5,3561,3517,8706,13565,9411,20421,11310,30492,14084,24985,8005,8535,12098,19466,10653,30285,293322,228881,13878,302,43536,0,0,99,37
2021-02-20T23:59:59+01:00,10,13,7159,6859,14088,21731,14437,31880,17312,46250,21053,37661,11625,11490,18545,27686,16434,40765,4,5,3559,3510,8695,13557,9401,20400,11295,30467,14069,24974,8000,8526,12033,19402,10599,30216,289057,228492,13681,301,42338,0,0,98,36
2021-02-19T23:59:59+01:00,8,12,6857,6606,13734,21292,14064,31210,16839,45454,20347,36788,11018,11088,17496,26356,15278,39157,4,5,3479,3485,8619,13528,9358,20341,11257,30374,14010,24879,7958,8466,11814,19130,10406,29886,282666,226782,13304,299,37710,0,0,95,35
2021-02-18T23:59:59+01:00,8,12,6460,6133,13107,20148,13423,29838,16023,43585,19471,35207,10787,10870,16904,25603,14701,38272,4,5,3291,3348,8284,12989,9062,19589,10906,29330,13639,24049,7751,8157,11225,18176,9909,28730,279081,218227,12725,299,28822,0,0,91,34
2021-02-17T23:59:59+01:00,8,11,6294,5790,12661,19270,12930,28650,15322,41864,18823,33882,10555,10614,16148,24789,13925,37088,3,5,3041,3187,7942,12471,8762,18798,10537,28282,13252,23196,7517,7919,10669,17323,9471,27914,274416,210073,11993,294,22291,0,0,85,34
2021-02-16T23:59:59+01:00,8,11,5968,5488,12124,18437,12428,27578,14776,40489,18229,32848,10398,10509,15480,23960,13417,36306,3,5,2859,3067,7637,12016,8456,18074,10140,27189,12790,22295,7245,7623,9953,16148,8741,26361,270891,200544,11496,138,16147,0,0,79,31
2021-02-15T23:59:59+01:00,8,11,5860,5304,11826,17793,12161,26794,14427,39494,17878,32078,10267,10396,14921,23307,13056,35769,3,5,2770,2987,7444,11693,8239,17566,9837,26339,12438,21613,6975,7337,9256,15090,8228,25080,267779,192888,10893,92,12763,0,0,73,30
2021-02-14T23:59:59+01:00,8,11,5592,5187,11578,17522,11937,26360,14195,39048,17687,31801,10221,10344,14686,22966,12892,35376,3,5,2719,2949,7328,11526,8110,17358,9660,26006,12259,21310,6878,7211,9032,14707,8041,24543,266774,189637,9955,90,10767,0,0,71,27
2021-02-13T23:59:59+01:00,8,11,5532,5149,11527,17485,11906,26328,14166,39015,17667,31782,10207,10316,14659,22933,12878,35358,3,5,2715,2946,7322,11517,8098,17336,9643,25971,12231,21266,6846,7176,8876,14494,7688,23910,266527,188120,9951,8,10535,0,0,70,23
2021-02-12T23:59:59+01:00,8,10,5015,4832,10958,17122,11589,25778,13846,38374,17336,31144,10096,10209,14476,22720,12797,35250,3,5,2664,2913,7226,11359,7997,17104,9495,25579,12018,20819,6663,6940,8512,13931,7095,22564,264837,182967,9938,6,6870,0,0,69,22
2021-02-11T23:59:59+01:00,8,10,4554,4532,10371,16439,11175,24969,13367,37113,16849,30286,9780,9946,14196,22271,12516,34563,3,5,2495,2638,6626,10164,7306,15368,8632,22961,10961,18734,6009,6223,7461,12314,6277,20247,261601,164504,8295,3,3133,0,0,67,15
2021-02-10T23:59:59+01:00,8,10,4305,4365,10037,15991,10865,24431,13053,36229,16435,29536,9561,9808,14013,22065,12424,34354,3,5,2132,2345,5688,8697,6495,13321,7647,20051,9830,16691,5465,5635,6472,10651,5503,18194,258942,144906,7793,2,840,0,0,61,3
2021-02-09T23:59:59+01:00,8,9,4242,4267,9913,15723,10756,24026,12879,35611,16220,29063,9382,9667,13817,21852,12281,34130,3,5,1737,1992,4904,7426,5720,11520,6728,17530,8745,14694,4889,5006,5421,9084,4768,16073,256487,126317,7011,1,434,0,0,59,2
2021-02-08T23:59:59+01:00,8,9,4208,4213,9819,15514,10646,23665,12756,35153,16075,28703,9287,9600,13614,21567,12174,33933,3,5,1572,1795,4341,6429,5054,9941,5911,15002,7728,12833,4335,4475,4445,7490,4005,13985,254104,109414,6497,1,428,0,0,56,2
2021-02-07T23:59:59+01:00,8,9,4043,4146,9662,15380,10544,23500,12675,34891,15962,28510,9246,9554,13470,21387,12099,33789,3,5,1358,1549,3921,5755,4636,9060,5482,13837,7240,11870,4081,4214,4213,7094,3844,13385,253010,101610,5952,1,0,0,0,52,1
2021-02-06T23:59:59+01:00,8,9,4033,4137,9651,15364,10531,23465,12653,34841,15943,28454,9227,9541,13452,21352,11993,33593,3,5,1205,1354,3688,5449,4451,8635,5263,13252,6960,11313,3946,4079,4086,6945,3566,12929,252666,97189,5668,1,0,0,0,52,0
2021-02-05T23:59:59+01:00,8,8,3960,4068,9579,15221,10465,23215,12568,34473,15829,28170,9143,9468,13380,21279,11643,32998,3,4,1064,1123,3406,5002,4192,8051,4948,12473,6576,10585,3690,3833,3926,6713,3056,12037,250785,90739,4775,0,0,0,0,52,0
2021-02-04T23:59:59+01:00,8,8,3902,3943,9457,14904,10286,22667,12379,33676,15615,27606,9020,9356,13155,20984,11529,32791,3,2,801,789,2580,3748,3258,6303,3994,9923,5251,8366,3014,3119,3308,5727,2668,10541,246824,73438,4547,0,0,0,0,51,0
2021-02-03T23:59:59+01:00,8,8,3832,3870,9353,14683,10183,22330,12246,33169,15467,27190,8909,9241,13015,20808,11453,32626,3,2,665,620,1948,2827,2520,4868,3017,7621,4021,6308,2199,2245,2414,4236,1934,7891,244104,55370,4373,0,0,0,0,50,0
2021-02-02T23:59:59+01:00,8,8,3765,3774,9254,14487,10084,21951,12105,32606,15264,26739,8781,9125,12892,20601,11370,32361,2,2,529,489,1477,2093,1927,3660,2270,5797,3003,4720,1560,1546,1650,2794,1348,5248,240892,40136,4370,0,0,0,0,47,0
2021-02-01T23:59:59+01:00,7,8,3725,3682,9175,14256,9977,21566,11967,31970,15079,26235,8659,8976,12783,20457,11321,32182,1,0,393,355,1031,1444,1270,2442,1481,3797,1869,2993,991,986,979,1707,773,3036,237742,25560,4370,0,0,0,0,45,0
2021-01-31T23:59:59+01:00,7,8,3704,3646,9121,14147,9905,21360,11899,31672,14976,26039,8603,8917,12731,20345,11276,32052,1,0,362,334,907,1254,1080,2067,1279,3242,1634,2623,893,895,877,1523,702,2728,236242,22411,4253,0,0,0,0,43,0
2021-01-30T23:59:59+01:00,7,8,3703,3643,9110,14133,9891,21336,11886,31652,14964,26025,8599,8912,12662,20276,11210,31974,1,0,346,310,846,1170,1023,1943,1215,3052,1559,2487,865,869,858,1483,687,2675,235918,21398,4160,0,0,0,0,43,0
2021-01-29T23:59:59+01:00,7,8,3642,3626,9049,14104,9862,21284,11854,31576,14915,25958,8575,8889,12476,20053,11028,31730,1,0,279,226,724,995,878,1581,1060,2663,1347,2160,774,777,810,1429,669,2622,234692,19002,4031,0,0,0,0,42,0
2021-01-28T23:59:59+01:00,7,7,3524,3539,8843,13716,9641,20771,11622,30993,14588,25459,8438,8786,12043,19435,10673,31152,1,0,132,59,305,369,384,621,468,1157,614,971,407,430,476,826,384,1590,229904,9197,3422,0,0,0,0,40,0
2021-01-27T23:59:59+01:00,7,7,3293,3401,8549,13297,9341,20146,11234,30157,14201,24721,8221,8572,11494,18628,10248,30387,1,0,81,35,212,230,250,424,311,807,437,670,309,314,353,617,289,1167,223183,6509,2805,0,0,0,0,39,0
2021-01-26T23:59:59+01:00,6,7,3128,3303,8265,12956,9078,19577,10929,29402,13803,24087,7981,8348,10916,17712,9600,29235,1,0,75,31,197,220,234,389,295,754,406,608,294,288,325,553,262,1037,216459,5971,1961,0,0,0,0,35,0
2021-01-25T23:59:59+01:00,5,7,3040,3208,7981,12473,8788,18872,10543,28397,13323,23321,7698,8147,10299,16894,9144,28334,1,0,67,23,173,197,200,330,255,633,354,503,256,243,271,475,213,850,210146,5046,415,0,0,0,0,33,0
2021-01-24T23:59:59+01:00,5,7,2996,3187,7895,12393,8714,18745,10434,28237,13192,23138,7655,8109,10232,16781,9096,28239,1,0,66,22,168,192,197,316,252,611,345,489,247,239,269,468,209,835,208833,4928,311,0,0,0,0,30,0
2021-01-23T23:59:59+01:00,5,7,2995,3186,7893,12389,8709,18734,10431,28223,13186,23133,7647,8106,10107,16615,8767,27652,1,0,65,21,168,191,197,314,250,610,343,489,247,239,269,468,209,833,207569,4916,307,0,0,0,0,27,0
2021-01-22T23:59:59+01:00,5,7,2932,3140,7769,12273,8625,18591,10321,28050,13104,23018,7616,8069,9908,16311,8249,26627,1,0,65,20,167,190,196,314,250,610,342,489,247,239,269,468,209,833,204406,4911,305,0,0,0,0,22,0
2021-01-21T23:59:59+01:00,5,7,2846,2970,7269,11359,8141,17443,9784,26424,12497,21806,7332,7744,9275,15375,7735,25583,1,0,59,18,150,176,178,282,224,535,305,447,223,212,236,384,176,695,193384,4303,305,0,0,0,0,17,0
2021-01-20T23:59:59+01:00,5,7,2486,2625,6385,9948,7391,15483,8834,23596,11388,19733,6730,7093,8176,13606,6922,23362,1,0,57,18,148,171,175,280,215,521,292,425,211,205,230,359,162,657,173553,4129,301,0,0,0,0,15,0
2021-01-19T23:59:59+01:00,5,7,2047,2270,5483,8558,6528,13589,7813,20811,10118,17497,5979,6213,6801,11428,5902,20337,0,0,41,12,98,126,119,171,150,357,192,296,134,117,143,242,114,491,151240,2804,219,0,0,0,0,14,0
2021-01-18T23:59:59+01:00,4,7,1774,1981,4727,7172,5573,11355,6614,17215,8694,14780,5090,5335,5417,9176,4833,16859,0,0,22,7,39,47,54,79,66,163,76,147,60,56,68,135,62,223,126578,1305,94,0,0,0,0,14,0
2021-01-17T23:59:59+01:00,3,7,1499,1694,4212,6379,5065,10223,6078,15649,8054,13518,4752,4988,5042,8501,4506,15858,0,0,8,2,9,15,16,29,20,50,29,57,24,23,20,31,13,47,115998,393,89,0,0,0,0,13,0
2021-01-16T23:59:59+01:00,3,6,1333,1491,3995,6058,4885,9784,5818,14986,7724,12824,4560,4759,4827,8225,4153,15255,0,0,0,0,0,1,1,2,1,1,1,2,0,1,1,0,0,1,110732,12,9,0,0,0,0,13,0
2021-01-15T23:59:59+01:00,3,6,1183,1264,3739,5636,4628,9216,5527,14146,7318,12024,4269,4462,4637,7916,3616,14209,0,0,0,0,0,0,0,0,0,0,0,0,0,0,0,0,0,0,103846,0,4,0,0,0,0,13,0
2021-01-14T23:59:59+01:00,3,4,910,949,2991,4447,3761,7399,4583,11400,5922,9677,3468,3589,3894,6685,3133,12403,0,0,0,0,0,0,0,0,0,0,0,0,0,0,0,0,0,0,85255,0,0,0,0,0,0,13,0
2021-01-13T23:59:59+01:00,3,3,775,794,2518,3711,3175,6171,3810,9451,4829,7793,2598,2674,2936,5096,2399,9484,0,0,0,0,0,0,0,0,0,0,0,0,0,0,0,0,0,0,68249,0,0,0,0,0,0,12,0
2021-01-12T23:59:59+01:00,2,3,642,662,2108,3043,2616,5015,3050,7603,3808,6121,1867,1853,2010,3457,1700,6482,0,0,0,0,0,0,0,0,0,0,0,0,0,0,0,0,0,0,52077,0,0,0,0,0,0,0,0
2021-01-11T23:59:59+01:00,1,1,497,526,1756,2465,2095,4008,2363,5779,2832,4443,1202,1146,1206,2039,938,3693,0,0,0,0,0,0,0,0,0,0,0,0,0,0,0,0,0,0,37015,0,0,0,0,0,0,0,0
2021-01-10T23:59:59+01:00,1,1,439,457,1494,2038,1752,3281,1953,4794,2352,3724,1061,1020,1062,1791,837,3240,0,0,0,0,0,0,0,0,0,0,0,0,0,0,0,0,0,0,31313,0,0,0,0,0,0,0,0
2021-01-09T23:59:59+01:00,1,1,408,412,1369,1861,1606,2990,1800,4346,2167,3394,988,951,1007,1738,819,3197,0,0,0,0,0,0,0,0,0,0,0,0,0,0,0,0,0,0,29069,0,0,0,0,0,0,0,0
2021-01-08T23:59:59+01:00,1,1,311,282,1118,1514,1326,2319,1479,3565,1795,2775,852,843,919,1614,771,3040,0,0,0,0,0,0,0,0,0,0,0,0,0,0,0,0,0,0,24536,0,0,0,0,0,0,0,0
2021-01-07T23:59:59+01:00,1,0,146,77,408,514,488,802,598,1377,783,1211,466,488,567,975,468,1920,0,0,0,0,0,0,0,0,0,0,0,0,0,0,0,0,0,0,11292,0,0,0,0,0,0,0,0
2021-01-06T23:59:59+01:00,1,0,112,45,279,293,315,526,403,934,535,833,360,366,430,757,361,1453,0,0,0,0,0,0,0,0,0,0,0,0,0,0,0,0,0,0,8006,0,0,0,0,0,0,0,0
2021-01-05T23:59:59+01:00,1,0,87,33,199,238,248,438,325,824,451,711,344,350,413,725,354,1399,0,0,0,0,0,0,0,0,0,0,0,0,0,0,0,0,0,0,7143,0,0,0,0,0,0,0,0
2021-01-04T23:59:59+01:00,1,0,69,27,179,199,206,343,261,640,357,521,269,257,293,528,237,943,0,0,0,0,0,0,0,0,0,0,0,0,0,0,0,0,0,0,5332,0,0,0,0,0,0,0,0
2021-01-03T23:59:59+01:00,1,0,67,23,171,193,201,327,259,624,348,503,261,255,289,515,235,926,0,0,0,0,0,0,0,0,0,0,0,0,0,0,0,0,0,0,5200,0,0,0,0,0,0,0,0
2021-01-02T23:59:59+01:00,1,0,67,22,171,193,201,326,255,624,345,503,261,255,289,515,235,925,0,0,0,0,0,0,0,0,0,0,0,0,0,0,0,0,0,0,5190,0,0,0,0,0,0,0,0
2021-01-01T23:59:59+01:00,1,0,66,21,170,192,200,323,254,624,342,501,261,255,289,513,235,925,0,0,0,0,0,0,0,0,0,0,0,0,0,0,0,0,0,0,5174,0,0,0,0,0,0,0,0
2020-12-31T23:59:59+01:00,1,0,66,21,169,190,200,322,252,623,341,500,261,255,289,513,235,925,0,0,0,0,0,0,0,0,0,0,0,0,0,0,0,0,0,0,5165,0,0,0,0,0,0,0,0
2020-12-30T23:59:59+01:00,1,0,65,21,168,189,198,319,251,621,340,498,261,255,289,513,234,925,0,0,0,0,0,0,0,0,0,0,0,0,0,0,0,0,0,0,5150,0,0,0,0,0,0,0,0
2020-12-29T23:59:59+01:00,1,0,46,13,119,142,148,213,182,446,239,383,179,167,201,384,173,723,0,0,0,0,0,0,0,0,0,0,0,0,0,0,0,0,0,0,3760,0,0,0,0,0,0,0,0
2020-12-28T23:59:59+01:00,1,0,25,9,66,79,82,123,101,254,118,234,98,95,106,203,102,391,0,0,0,0,0,0,0,0,0,0,0,0,0,0,0,0,0,0,2088,0,0,0,0,0,0,0,0
2020-12-27T23:59:59+01:00,0,0,12,3,18,27,37,47,36,90,37,96,33,30,42,73,31,146,0,0,0,0,0,0,0,0,0,0,0,0,0,0,0,0,0,0,758,0,0,0,0,0,0,0,0
