Datum,<15_m,<15_w,15-24_1_m,15-24_1_w,25-34_1_m,25-34_1_w,35-44_1_m,35-44_1_w,45-54_1_m,45-54_1_w,55-64_1_m,55-64_1_w,65-74_1_m,65-74_1_w,75-84_1_m,75-84_1_w,>84_1_m,>84_1_w,<24_2_m,<24_2_w,25-34_2_m,25-34_2_w,35-44_2_m,35-44_2_w,45-54_2_m,45-54_2_w,55-64_2_m,55-64_2_w,65-74_2_m,65-74_2_w,75-84_2_m,75-84_2_w,>84_2_m,>84_2_w,bp_1,bp_2,mo_1,mo_2,az_1,az_2,ja,unb_1,unb_2
2021-09-06T23:59:59+02:00,34473,32162,269225,258795,376159,346279,392839,385488,457304,466444,510663,512066,349174,389797,244822,313582,72041,131920,242772,233673,352814,321121,372101,361485,436317,442232,490599,491653,338438,377487,237421,303369,69182,125936,3950999,3725368,519270,496123,807912,760740,265658,489,395
2021-09-05T23:59:59+02:00,34327,32018,268822,258386,375844,345944,392555,385175,457072,466216,510487,511895,349104,389710,244785,313525,72027,131903,242348,233272,352426,320749,371761,361182,436066,441996,490407,491456,338346,377375,237381,303310,69168,125915,3948475,3722819,519181,495872,807888,760619,264857,489,395
2021-09-04T23:59:59+02:00,34272,31982,268661,258261,375722,345816,392424,385072,456997,466131,510435,511849,349094,389692,244778,313513,72027,131902,242191,233130,352264,320593,371616,361067,435976,441896,490342,491408,338325,377355,237372,303298,69168,125914,3947772,3722048,519128,495740,807883,760599,264451,489,395
2021-09-03T23:59:59+02:00,33954,31675,267777,257465,374985,345170,391839,384488,456419,465654,509980,511517,348926,389518,244715,313408,72004,131868,241194,232301,351482,319900,370955,360424,435337,441326,489861,491001,338133,377159,237289,303194,69148,125887,3943451,3717863,518463,494285,807862,760528,262192,489,395
2021-09-02T23:59:59+02:00,33603,31347,266740,256608,374148,344359,391115,383755,455747,465037,509450,511098,348666,389273,244591,313235,71979,131791,240184,231514,350619,319150,370236,359734,434641,440718,489299,490550,337888,376906,237185,303045,69124,125814,3937657,3712839,518190,493817,807827,760211,259474,489,395
2021-09-01T23:59:59+02:00,33278,30983,265898,255784,373411,343695,390595,383216,455285,464567,509065,510756,348488,389081,244508,313120,71955,131731,239108,230477,349773,318326,369574,359048,434044,440130,488787,490083,337665,376650,237063,302895,69100,125762,3932293,3706228,518009,493290,807795,759999,257925,489,394
2021-08-31T23:59:59+02:00,32881,30642,265033,254881,372684,342998,390030,382638,454787,464087,508621,510395,348296,388891,244414,312977,71924,131693,238163,229603,348976,317604,368924,358421,433502,439635,488278,489692,337465,376448,236978,302757,69070,125709,3926834,3701060,517820,492909,807769,759590,256054,489,394
2021-08-30T23:59:59+02:00,32340,30163,263750,253723,371699,342095,389220,381833,454043,463387,508062,509904,348070,388679,244321,312827,71888,131626,237022,228638,347992,316728,368149,357698,432810,439067,487727,489192,337221,376214,236857,302583,69032,125634,3919476,3695189,517705,492474,807725,759340,253328,489,394
2021-08-29T23:59:59+02:00,32154,29975,263189,253228,371230,341686,388843,381504,453751,463102,507834,509683,347975,388571,244272,312763,71878,131602,236316,228014,347394,316193,367657,357239,432390,438699,487423,488935,337084,376062,236797,302513,69015,125610,3916436,3691391,517589,492080,807699,759087,252119,489,394
2021-08-28T23:59:59+02:00,32065,29883,262966,253051,371056,341534,388688,381384,453628,462986,507761,509633,347952,388550,244261,312751,71877,131599,236000,227758,347149,316003,367439,357077,432209,438537,487301,488844,337044,376023,236777,302488,69014,125606,3915413,3689837,517549,491965,807693,759062,251573,489,394
2021-08-27T23:59:59+02:00,31838,29635,262317,252488,370550,341026,388221,380941,453180,462594,507399,509356,347825,388418,244204,312667,71859,131579,235402,227269,346547,315510,366975,356659,431767,438190,487005,488602,336915,375909,236726,302427,69005,125599,3911667,3686698,517481,491754,807629,759006,249922,489,394
2021-08-26T23:59:59+02:00,31462,29249,261325,251517,369715,340220,387480,380210,452507,461929,506864,508880,347594,388165,244081,312552,71830,131518,233957,225936,345346,314351,365897,355681,430913,437413,486360,488037,336640,375602,236568,302262,68978,125555,3905573,3678587,517240,491121,807582,758653,247304,489,394
2021-08-25T23:59:59+02:00,31106,28921,260425,250675,368981,339463,386839,379523,451883,461346,506322,508438,347365,387916,243961,312396,71795,131452,231968,224109,343897,312979,364742,354508,429932,436468,485582,487333,336272,375221,236424,302032,68935,125471,3899995,3666930,517115,490714,807554,758505,244745,488,392
2021-08-24T23:59:59+02:00,30809,28667,259713,249922,368391,338850,386314,378966,451413,460856,505930,508085,347163,387701,243854,312239,71768,131382,230775,223063,342951,312072,363970,353773,429272,435835,485032,486797,336003,374919,236295,301875,68912,125408,3895274,3659882,516830,490274,807536,758205,242985,488,387
2021-08-23T23:59:59+02:00,30295,28147,258334,248624,367370,337942,385490,378189,450643,460183,505290,507525,346888,387422,243717,312051,71741,131323,229305,221760,341650,311021,363026,352929,428421,435094,484342,486233,335705,374590,236162,301689,68886,125349,3887943,3652585,516688,489806,807502,757927,239642,488,387
2021-08-22T23:59:59+02:00,30156,28035,257932,248262,367026,337623,385221,377927,450411,459942,505107,507380,346796,387329,243678,311993,71725,131297,228591,221091,340972,310371,362495,352434,427991,434691,484024,485973,335547,374415,236100,301587,68867,125313,3885774,3648262,516549,489351,807463,757630,238654,488,387
2021-08-21T23:59:59+02:00,29909,27832,257441,247803,366715,337305,384970,377671,450208,459769,504960,507243,346743,387273,243656,311955,71722,131288,227854,220441,340494,309977,362100,352031,427627,434386,483797,485784,335464,374349,236074,301544,68861,125301,3883255,3645325,516409,488154,807456,757574,237943,488,387
2021-08-20T23:59:59+02:00,29721,27635,256786,247148,365982,336689,384304,377151,449619,459279,504493,506926,346602,387118,243601,311860,71706,131255,226061,218837,339104,308804,360993,351082,426682,433595,483085,485239,335226,374102,235974,301426,68837,125272,3879832,3637174,516093,487006,807444,757208,235105,488,387
2021-08-19T23:59:59+02:00,29396,27326,255825,246311,365007,335920,383538,376470,448913,458662,503941,506448,346368,386860,243494,311714,71674,131184,223317,216415,336815,306993,359303,349617,425296,432339,481940,484288,334812,373681,235783,301187,68803,125202,3874448,3622935,515741,485254,807413,756742,232048,487,387
2021-08-18T23:59:59+02:00,29116,27068,255034,245613,364320,335318,382970,375903,448325,458176,503471,506046,346101,386624,243377,311568,71643,131119,220864,213908,334781,305242,357679,347978,423788,431026,480808,483262,334301,373138,235555,300898,68756,125110,3869423,3609794,515570,481367,807389,756367,230008,487,387
2021-08-17T23:59:59+02:00,28805,26793,254254,244910,363715,334655,382419,375365,447853,457708,503048,505633,345905,386420,243263,311440,71617,131068,218118,211170,332719,303419,356003,346522,422366,429768,479692,482285,333825,372603,235329,300617,68706,125036,3864521,3594872,515272,478599,807362,755937,228312,487,386
2021-08-16T23:59:59+02:00,28524,26536,253569,244270,363150,334108,381962,374911,447425,457273,502637,505270,345723,386216,243168,311280,71586,131029,214967,208115,330441,301320,354497,345086,421172,428645,478753,481451,333444,372171,235147,300348,68668,124950,3860191,3577617,515121,477902,807339,755590,226581,487,385
2021-08-15T23:59:59+02:00,28331,26376,253087,243831,362733,333725,381610,374580,447132,457024,502402,505082,345613,386103,243121,311200,71575,131008,210971,204070,328560,299717,353246,343877,420158,427716,477974,480798,333115,371839,235029,300173,68644,124900,3857409,3560105,514985,476993,807306,755268,225428,487,384
2021-08-14T23:59:59+02:00,28266,26319,252846,243633,362504,333551,381436,374432,446977,456895,502287,504976,345564,386071,243103,311177,71572,131004,209904,202975,327755,298957,352536,343208,419668,427259,477590,480478,332976,371712,234991,300116,68635,124883,3856250,3553463,514915,476630,807302,755193,224741,487,384
2021-08-13T23:59:59+02:00,28013,26077,252147,243050,362009,333128,381004,374007,446544,456536,501952,504721,345436,385922,243039,311102,71560,130976,208030,201197,326338,297653,351276,342025,418626,426324,476842,479843,332735,371424,234879,299974,68617,124831,3852468,3541585,514845,476034,807292,755003,223218,482,384
2021-08-12T23:59:59+02:00,27817,25854,251427,242420,361397,332549,380481,373529,446017,456100,501535,504374,345256,385724,242938,311000,71548,130928,205448,198937,323463,295135,349276,340240,417128,425092,475629,478787,332296,370897,234636,299698,68577,124749,3848569,3524279,514660,474872,807258,753981,221006,482,383
2021-08-11T23:59:59+02:00,27585,25605,250705,241741,360782,331979,379964,373056,445563,455684,501131,503952,345032,385487,242825,310868,71521,130877,202415,195961,320288,292206,347112,338181,415635,423692,474354,477504,331761,370263,234390,299299,68529,124628,3843800,3502519,514448,473810,807219,753046,219489,482,382
2021-08-10T23:59:59+02:00,27344,25349,249878,241019,360087,331440,379434,372517,445072,455214,500687,503560,344844,385294,242740,310731,71498,130833,198229,191852,315637,288021,344146,335421,413525,421753,472773,476057,331088,369597,234102,298897,68474,124512,3838788,3472518,514171,472736,807185,751899,217997,481,382
2021-08-09T23:59:59+02:00,27152,25151,249262,240453,359521,330973,379004,372144,444670,454877,500349,503281,344688,385148,242674,310622,71478,130798,193700,187275,309945,283281,341396,332937,411624,419989,471161,474600,330458,368913,233838,298530,68418,124380,3835174,3442243,513994,469994,807157,750815,216520,481,381
2021-08-08T23:59:59+02:00,26984,24997,248785,240055,359137,330628,378668,371865,444378,454628,500111,503091,344583,385045,242613,310544,71461,130765,192360,185916,308332,281955,340096,331793,410765,419239,470601,474091,330203,368647,233715,298365,68393,124330,3832683,3433229,513843,468641,807108,750340,215304,481,381
2021-08-07T23:59:59+02:00,26834,24823,248263,239605,358743,330296,378334,371585,444085,454393,499886,502918,344512,384952,242578,310495,71453,130754,188700,182331,306292,280109,338383,330278,409437,417980,469678,473303,329852,368277,233585,298177,68359,124294,3829844,3413677,513736,467312,807098,750126,214431,481,378
2021-08-06T23:59:59+02:00,26611,24589,247395,238944,357969,329691,377669,371010,443432,453872,499355,502530,344277,384747,242479,310380,71442,130732,184969,178791,302844,277320,336265,328452,407841,416651,468384,472341,329474,367893,233425,298023,68335,124248,3827296,3394450,512378,465590,807088,749035,210962,481,377
2021-08-05T23:59:59+02:00,26291,24268,246228,238015,357084,328834,376862,370293,442702,453202,498694,501997,343996,384449,242365,310206,71401,130669,180509,174850,297477,272943,332166,324914,405048,414174,466140,470559,328807,367194,233164,297655,68276,124138,3821031,3366655,512122,460898,807028,745341,207974,481,377
2021-08-04T23:59:59+02:00,25918,23925,245085,237031,356097,327929,376089,369585,442083,452606,498125,501477,343724,384181,242246,310036,71375,130599,177041,171554,293721,269821,327763,321017,402802,412087,464443,469014,328116,366499,232893,297308,68218,124037,3814589,3339575,511780,459138,806993,743595,205353,473,376
2021-08-03T23:59:59+02:00,25453,23505,243723,235852,355203,327108,375388,368902,441436,451950,497534,500948,343432,383883,242120,309861,71332,130532,173561,168117,289628,266188,322660,316420,400067,409537,462122,466924,327290,365640,232546,296844,68152,123900,3806697,3307584,511624,457267,806956,741525,203488,473,376
2021-08-02T23:59:59+02:00,25136,23198,242675,234893,354359,326356,374696,368311,440873,451412,497017,500501,343172,383609,242005,309711,71306,130473,169928,164527,284939,262231,316799,311474,397323,406988,459895,464936,326519,364808,232252,296447,68090,123783,3800391,3274193,511379,455285,806900,738999,201635,473,375
2021-08-01T23:59:59+02:00,24983,23011,242048,234292,353769,325854,374262,367927,440441,451094,496674,500225,343035,383446,241930,309594,71293,130446,168381,163081,282455,260242,312172,307760,395467,405417,458421,463690,326094,364328,232086,296230,68063,123724,3796753,3256335,511079,453145,806813,736556,200279,473,373
2021-07-31T23:59:59+02:00,24874,22906,241707,233974,353490,325633,374024,367761,440254,450943,496568,500126,343002,383408,241910,309581,71292,130441,164616,159244,279635,257702,310090,305769,394072,404135,457273,462702,325776,363952,231952,296058,68037,123678,3795158,3233455,510890,452208,806809,735765,199637,473,373
2021-07-30T23:59:59+02:00,24587,22649,240917,233262,352918,325105,373540,367299,439796,450544,496210,499836,342864,383268,241866,309502,71279,130425,160877,155482,276239,254600,307070,302959,391847,402027,455434,461123,325268,363424,231743,295766,68004,123621,3791103,3208430,510533,451009,806792,732575,198039,473,373
2021-07-29T23:59:59+02:00,24240,22310,239379,231995,351762,324034,372579,366392,438948,449755,495403,499213,342534,382958,241731,309322,71242,130361,156032,151013,270866,250425,301175,298190,387506,398552,452388,458724,324435,362583,231433,295358,67943,123523,3783563,3174597,509864,446169,806710,727477,194620,473,373
2021-07-28T23:59:59+02:00,23939,22025,238232,230963,350883,323199,371836,365710,438320,449094,494838,498726,342282,382662,241601,309139,71208,130290,152279,147371,266382,246780,296745,294246,384244,395706,450305,456883,323779,361828,231172,294974,67878,123400,3776875,3143949,509334,444251,806630,724846,192708,472,372
2021-07-27T23:59:59+02:00,23670,21801,237225,229994,350042,322463,371143,365124,437737,448481,494312,498271,342041,382361,241468,308946,71173,130192,147259,142251,260470,241646,291449,289492,380234,392014,447132,454081,322798,360731,230809,294471,67788,123244,3770622,3102422,508785,441958,806574,721111,191064,471,371
2021-07-26T23:59:59+02:00,23438,21562,236255,229024,349263,321763,370548,364577,437183,447998,493862,497907,341814,382122,241341,308790,71150,130135,142911,137864,254928,236864,286281,285022,375776,388065,443620,451057,321847,359769,230481,293993,67714,123107,3764988,3063045,508160,439707,806495,716764,189687,470,371
2021-07-25T23:59:59+02:00,23079,21261,234913,227872,348324,321002,369873,363920,436611,447461,493408,497505,341618,381909,241254,308660,71129,130072,141065,136116,252252,234652,283786,282931,373642,386296,441548,449279,321340,359258,230283,293765,67689,123030,3757949,3048098,507783,437534,806432,712415,188304,470,371
2021-07-24T23:59:59+02:00,22830,21066,233985,227014,347606,320352,369300,363398,436082,447024,493047,497228,341501,381812,241212,308598,71126,130061,138171,133317,249520,232333,281225,280724,371387,384441,440312,448296,320993,358922,230139,293587,67670,122996,3753946,3029775,507015,434527,806416,712078,186461,470,371
2021-07-23T23:59:59+02:00,22413,20679,232483,225677,346286,319420,368256,362538,435206,446238,492350,496697,341266,381542,241123,308485,71105,130025,132694,128474,244154,228040,276754,276941,367699,381251,437667,446099,320295,358201,229885,293277,67616,122915,3746508,2994288,506544,432755,806361,709943,182970,470,370
2021-07-22T23:59:59+02:00,21909,20203,230382,223707,344541,317886,366755,361252,433895,445098,491373,495803,340846,381094,240954,308241,71060,129945,128355,124426,238162,223536,270377,271884,360814,375764,432213,441603,319126,356950,229458,292760,67522,122764,3734102,2952291,504958,426777,806235,703634,180238,470,370
2021-07-21T23:59:59+02:00,21402,19684,228504,221895,342850,316362,365138,359684,432322,443714,490153,494640,340297,380573,240707,307957,71007,129850,124599,120862,232711,219302,264860,267361,352688,368844,427611,437865,318010,355801,228998,292195,67441,122585,3723145,2916841,501211,415907,806012,698857,176956,470,367
2021-07-20T23:59:59+02:00,21099,19405,227037,220427,341619,315201,364177,358815,431468,442927,489438,494001,339958,380205,240562,307736,70980,129761,120266,116633,226365,214133,259038,262194,345576,362745,422922,433561,316918,354547,228585,291613,67346,122404,3713884,2873121,500806,408695,805882,694472,174827,470,366
2021-07-19T23:59:59+02:00,20783,19110,225310,218740,340312,313953,363147,357843,430661,442155,488768,493387,339662,379844,240413,307505,70936,129663,117518,114037,221992,210544,254430,258242,341866,359574,420306,431385,316198,353820,228294,291223,67273,122280,3703346,2848132,500388,403318,805794,690154,173246,470,366
2021-07-18T23:59:59+02:00,20630,18979,224018,217471,338706,312530,362086,356927,429849,441436,488232,492846,339430,379559,240284,307328,70914,129601,116024,112655,219343,208369,252078,256151,339618,357729,418278,429696,315718,353337,228134,291005,67252,122213,3693942,2835879,499851,399049,805720,686463,171893,470,364
2021-07-17T23:59:59+02:00,20236,18557,222865,216418,338129,311991,361499,356415,429331,440987,487820,492557,339326,379442,240242,307273,70911,129591,113953,110554,216887,206068,249619,253958,337196,355597,416832,428434,315383,352947,227999,290838,67228,122173,3688384,2818389,499648,396329,805707,685678,170432,467,364
2021-07-16T23:59:59+02:00,19693,18044,220316,214276,336390,310698,359994,355125,427865,439782,486722,491696,338921,379072,240069,307115,70886,129554,110841,107752,212124,202138,245087,250320,332902,351901,413488,425715,314464,352021,227649,290422,67174,122091,3678187,2790721,498890,393977,805546,681865,164172,467,363
2021-07-15T23:59:59+02:00,19051,17418,217534,211852,334483,308997,358409,353688,426533,438601,485783,490847,338523,378646,239867,306860,70844,129450,106940,104544,203772,195903,237600,244720,326309,346673,406427,419283,312736,350216,227106,289756,67103,121893,3663165,2744232,498289,385555,805427,674447,161077,467,363
2021-07-14T23:59:59+02:00,18206,16693,215095,209529,332787,307466,357009,352349,425317,437402,484756,489891,338071,378184,239629,306548,70790,129364,103339,101217,197313,190751,231893,240056,322023,343201,402259,415659,311427,348906,226703,289198,67023,121739,3648265,2710677,497707,380024,805298,667653,158385,466,360
2021-07-13T23:59:59+02:00,17556,16035,212906,207504,331186,306094,355676,351130,424146,436314,483794,489032,337636,377711,239426,306303,70755,129272,99586,97682,190834,185357,224765,234000,315353,337142,393873,407808,309639,346984,226102,288411,66914,121541,3634448,2667952,497150,367356,805142,658192,156303,464,354
2021-07-12T23:59:59+02:00,16538,15103,209627,204325,329125,304367,354099,349663,422905,435114,482815,488132,337221,377243,239247,306074,70715,129195,96494,94966,185557,181066,217787,228328,308523,331112,388779,403538,307916,345122,225513,287679,66815,121372,3616000,2629697,496594,360226,804963,649785,154517,463,353
2021-07-11T23:59:59+02:00,16030,14629,208272,203054,328390,303656,353438,349041,422343,434613,482371,487791,337034,377040,239187,305969,70694,129155,95075,93680,182792,178760,214795,226045,305836,328961,385954,401153,305450,342500,225135,287210,66762,121274,3609788,2614741,495956,358239,804836,639303,152696,458,352
2021-07-10T23:59:59+02:00,15556,14170,206427,201274,326930,302397,352305,348068,421618,434020,481897,487393,336866,376875,239121,305883,70684,129135,93777,92409,180265,176652,211762,223561,303317,326801,384792,400118,304803,341830,224955,287022,66746,121247,3601210,2597951,495326,358009,804599,637552,150049,457,352
2021-07-09T23:59:59+02:00,15233,13891,204522,199435,325325,300949,351236,347110,420716,433309,481328,486917,336661,376654,239024,305763,70668,129101,90992,89685,176737,173427,207421,219414,298296,322199,381353,397141,303709,340605,224652,286655,66709,121183,3592078,2568981,494463,355949,804408,629963,147453,457,351
2021-07-08T23:59:59+02:00,14767,13463,201029,196449,322011,298282,348866,345126,419007,431860,479894,485851,336225,376211,238847,305517,70623,129026,86688,85922,169494,167781,199298,213022,290931,316096,374417,390940,300999,337695,223881,285722,66592,120925,3576749,2522837,490411,347306,803888,619619,142562,457,351
2021-07-07T23:59:59+02:00,14266,13009,197294,192590,318850,295426,346562,343085,417450,430392,478699,484752,335749,375650,238658,305246,70586,128921,83008,82480,162204,162079,190267,205855,282960,309539,367395,384132,297696,334096,222980,284622,66454,120679,3555496,2474919,489049,333885,803505,609641,139687,456,349
2021-07-06T23:59:59+02:00,13807,12637,193859,189210,315593,292695,344085,340795,415729,428832,477434,483618,335248,375095,238461,304956,70533,128835,79439,78903,155534,156570,182858,199653,274025,301590,360910,378049,294502,330855,222097,283531,66345,120448,3535649,2422453,485984,326907,803087,600136,137252,454,349
2021-07-05T23:59:59+02:00,13410,12300,189475,184971,311553,289368,341577,338470,414064,427292,476294,482546,334775,374578,238286,304712,70500,128750,76381,76086,150423,152493,178095,195526,267116,295330,354801,372515,291231,327411,221214,282414,66236,120279,3512857,2383434,484828,322418,802597,589780,133185,451,347
2021-07-04T23:59:59+02:00,13233,12143,185634,181107,308923,287346,340267,337401,413186,426513,475713,482061,334554,374325,238196,304588,70474,128697,74197,74218,147336,149944,175768,193487,264676,293270,351695,370312,287930,324023,220635,281749,66181,120160,3500636,2369689,483540,320125,802032,578273,128698,450,345
2021-07-03T23:59:59+02:00,12040,11088,179208,175115,304666,283894,337941,335236,411373,424705,474507,481001,334155,373879,238021,304341,70450,128654,72418,72645,144917,148069,173332,191407,261616,290547,349415,368458,286180,322042,220367,281388,66149,120111,3474302,2353982,482140,319926,801848,573786,122517,450,345
2021-07-02T23:59:59+02:00,10943,9996,175497,171655,302257,281700,336195,333537,410125,423520,473733,480316,333896,373566,237905,304160,70422,128606,69727,69960,141000,144786,168905,187372,255563,285109,344198,363754,282930,318318,219728,280617,66101,120027,3456225,2320815,480664,317142,801662,561210,120005,449,324
2021-07-01T23:59:59+02:00,9850,9068,171833,168224,298224,278417,333710,331274,408333,421947,472638,479355,333477,373106,237704,303888,70375,128528,64853,65244,134703,139462,161633,180871,245318,276264,333412,353985,278155,313049,217876,278364,65922,119714,3433713,2264573,478578,304797,801317,543504,116868,449,322
2021-06-30T23:59:59+02:00,9361,8676,168568,165147,292611,273792,330044,327938,406564,420418,471618,478388,333057,372625,237513,303589,70341,128440,61729,62403,129069,134784,154994,174875,235280,267126,320024,340723,272952,307513,215986,276045,65754,119396,3408651,2209624,476415,291995,801025,524682,113120,448,321
2021-06-29T23:59:59+02:00,8825,8153,164776,161375,288084,269539,326488,324643,404467,418340,470079,476976,332471,371990,237262,303235,70286,128331,58945,59416,124129,130383,148978,169354,223442,256444,311477,332372,266496,300330,214019,273590,65551,119051,3381180,2150453,474427,287342,800703,507292,109525,447,318
2021-06-28T23:59:59+02:00,8420,7773,161460,157923,283054,265227,323190,321792,402327,416415,468593,475667,331951,371381,237029,302924,70242,128237,56678,57074,120236,126880,144638,165277,214223,248038,305693,326975,261554,295033,212255,271359,65405,118787,3357286,2114785,470453,278745,800049,490775,106324,447,315
2021-06-27T23:59:59+02:00,8272,7650,159958,156399,280951,263421,321391,320259,400634,415055,467702,474956,331659,371089,236926,302762,70223,128188,55481,55967,118116,125174,142078,163152,210120,244657,302339,324121,257752,291038,209799,268451,65294,118599,3347294,2099365,468380,275265,799000,474654,103328,447,315
2021-06-26T23:59:59+02:00,7120,6554,156695,153058,278845,261537,318984,318027,399444,413904,467003,474254,331389,370806,236820,302605,70199,128158,54933,55383,116785,124025,140656,161916,207874,242655,299809,321711,256220,289380,209466,268041,65267,118529,3328184,2082600,465563,275176,798994,472158,103195,414,285
2021-06-25T23:59:59+02:00,5900,5438,152386,148781,275457,258580,316927,316066,398141,412659,466004,473432,331100,370472,236693,302450,70171,128108,53647,53759,114312,121331,136580,157350,199120,234210,294131,315841,254498,287262,208876,267241,65196,118411,3303247,2040139,464136,273485,798940,465585,102974,414,285
2021-06-24T23:59:59+02:00,5046,4651,147947,144654,270645,254648,312654,312294,395960,410790,464634,472300,330681,370010,236525,302214,70138,128021,51005,51172,109202,116625,129263,150719,187097,223770,282725,305622,249120,281428,207046,264898,64993,118011,3272125,1978174,462137,261731,798772,451840,101304,414,284
2021-06-23T23:59:59+02:00,4826,4444,144786,141543,266954,251497,307413,307498,393467,408447,463230,470985,330154,369392,236296,301905,70090,127916,49065,49093,105408,112717,123601,145045,177215,215114,270770,293646,244515,276624,205714,263202,64832,117651,3244607,1921934,458619,251881,798614,441153,99530,412,283
2021-06-22T23:59:59+02:00,4576,4215,141714,138418,263247,248122,301292,302064,390833,405890,461690,469504,329610,368788,236077,301555,70042,127810,47379,47355,101805,109419,118813,140477,164636,203982,259873,283360,240456,272159,203795,260795,64580,117181,3212585,1863660,456691,244177,798428,430201,98262,410,275
2021-06-21T23:59:59+02:00,4317,3970,138452,135479,258548,244232,296051,297204,387797,403024,460220,468157,329093,368231,235854,301244,70002,127697,46149,46128,99426,107204,116079,137778,158426,198218,252993,276719,235107,266331,199872,256286,64395,116806,3180898,1832710,454656,238664,798221,410446,96311,409,275
2021-06-20T23:59:59+02:00,4173,3852,136947,133975,254317,240762,293475,294968,386406,401711,459430,467414,328869,367950,235742,301112,69982,127635,45032,45210,97175,105418,113811,135794,155400,195685,248692,272656,232109,262805,198885,255033,64314,116680,3163482,1812424,452897,235114,798068,402588,94781,409,269
2021-06-19T23:59:59+02:00,3756,3501,134799,131879,251565,238442,291695,293323,384568,400142,458587,466686,328649,367698,235638,300972,69961,127603,44493,44561,95906,104164,112343,134332,153900,194251,245475,269643,231392,261958,198714,254770,64292,116627,3147146,1796493,450080,233537,798058,402310,94681,409,268
2021-06-18T23:59:59+02:00,2807,2588,131523,128738,248042,235398,287686,289917,382172,398017,457249,465523,328275,367299,235483,300736,69934,127554,43705,43646,94327,102387,110057,131667,150354,190223,238625,262377,229671,259957,198229,254132,64217,116493,3121358,1767229,445647,233002,798031,395619,94406,408,268
2021-06-17T23:59:59+02:00,2573,2365,127818,125451,242031,230964,282471,285532,377390,394034,454927,463691,327684,366580,235241,300381,69869,127441,41466,41824,90277,98918,105170,126923,142495,182551,227241,250998,224475,254029,196580,251979,63957,116074,3086620,1711609,442670,228865,797778,384725,89947,333,260
2021-06-16T23:59:59+02:00,2302,2132,124584,122048,237136,226632,277777,281271,372217,389543,452345,461559,326946,365785,234953,299971,69803,127327,39639,40232,86745,95897,100826,123105,134271,175222,215150,239099,218255,246932,194660,249656,63705,115586,3053152,1651906,437132,223265,797269,376645,87346,331,259
2021-06-15T23:59:59+02:00,1915,1800,119669,117182,231155,221490,272431,276289,367157,384914,449504,459149,326079,364816,234606,299457,69721,127144,38021,38624,83425,92855,96863,119060,127227,168854,202819,227092,212234,240147,192706,247229,63394,115017,3008486,1594699,435206,217432,796706,368977,84636,331,256
2021-06-14T23:59:59+02:00,1653,1525,115615,113024,225928,216581,267070,271316,361873,380173,446392,456559,325298,363961,234294,299069,69659,127024,37040,37736,81147,90769,94159,116545,123118,165109,196228,220604,209125,236642,191572,245758,63176,114628,2966372,1565152,432854,215160,796448,361322,81890,329,255
2021-06-13T23:59:59+02:00,1579,1440,114122,111647,223484,214481,264528,269055,359616,378218,445224,455529,325022,363657,234159,298900,69627,126950,36177,37007,79293,89101,92150,114733,120294,162513,192365,216901,206043,233207,190541,244392,62944,114217,2951389,1551188,430416,207895,796146,353122,79833,329,254
2021-06-12T23:59:59+02:00,1430,1303,111472,108902,221591,212753,263146,267781,358180,376820,444327,454760,324735,363348,234068,298797,69609,126922,35807,36603,78307,88006,90900,113438,118718,160953,188806,213599,205010,232081,189140,242735,62934,114185,2935222,1538049,429437,207886,796128,345739,79702,328,253
2021-06-11T23:59:59+02:00,1282,1167,108931,106389,218699,210132,259484,264592,355046,374092,442612,453288,324301,362898,233931,298591,69582,126867,35134,35492,76304,84635,88666,109912,114616,155812,182114,206159,202914,229712,188537,241967,62872,114087,2910819,1510588,426645,207191,795948,332293,79011,328,252
2021-06-10T23:59:59+02:00,1120,1013,104173,101983,212630,205374,252431,258770,348958,368800,438116,449518,323446,361929,233610,298144,69499,126715,33553,34009,72307,80464,83748,104410,107952,147608,169778,192524,196848,222834,186810,239828,62619,113685,2867215,1463499,419552,205452,795102,305291,74879,326,247
2021-06-09T23:59:59+02:00,972,883,100254,98280,206672,200645,245617,253063,342304,362851,434442,446495,322773,361186,233342,297766,69435,126583,32021,32753,69075,77814,80054,101244,103236,143332,158643,181778,186236,210855,184948,237582,62347,113190,2828247,1409517,411023,201477,794599,294025,70231,299,243
2021-06-08T23:59:59+02:00,790,702,95726,93738,200042,195083,238659,247053,334055,355576,429336,441830,321940,360187,232970,297282,69354,126447,30948,31897,66489,75516,76773,98524,98658,139415,151055,174294,177531,201148,183144,235336,62114,112824,2776300,1370358,405261,196564,794015,283170,65716,299,232
2021-06-07T23:59:59+02:00,632,560,92510,90639,193983,190381,232104,241813,326222,349405,426292,439387,321398,359555,232756,296959,69300,126351,30082,31051,64027,73562,73820,96368,94897,136481,142977,166509,173487,196535,181717,233525,61891,112441,2737320,1343265,399101,193272,793451,272077,60889,297,231
2021-06-06T23:59:59+02:00,594,524,90936,89323,190697,187835,228751,239045,321945,346003,424860,438311,321130,359262,232648,296801,69276,126304,29480,30496,62257,71883,71745,94361,91710,133415,137296,160730,170955,193916,180607,232125,61662,112061,2721916,1331424,391719,183622,792972,261637,58145,295,230
2021-06-05T23:59:59+02:00,514,444,88993,87308,185830,183620,226287,236912,320128,344377,423863,437399,320845,358942,232500,296632,69262,126272,29026,29741,61055,69932,70349,92215,90034,131147,132541,155398,167949,190251,180122,231468,61628,111995,2698441,1307809,391588,183156,792838,256244,57763,294,229
2021-06-04T23:59:59+02:00,414,359,86639,84779,182168,180013,222281,232965,316536,340736,421499,435205,320387,358407,232303,296403,69224,126209,28559,29070,59937,68280,69072,90135,88242,128533,129178,151743,163716,185482,179129,230201,61580,111909,2669189,1288993,387764,182382,792719,246162,57348,294,228
2021-06-03T23:59:59+02:00,321,285,83352,81712,176436,175354,215022,226872,308828,334040,413745,428348,319356,357230,231933,295954,69169,126078,27669,28059,58044,66092,66679,87391,84612,124422,122427,145078,157370,177878,177559,228175,61467,111672,2620272,1259803,377524,177067,792300,233421,54417,292,223
2021-06-02T23:59:59+02:00,271,226,81274,79545,172358,171634,211378,223716,305251,330694,411700,426518,318949,356778,231780,295748,69141,126027,27203,27580,56917,64980,65087,86118,82557,122485,117453,140195,149495,168918,176840,227220,61382,111503,2591522,1227617,376140,175097,792271,229804,53525,289,217
2021-06-01T23:59:59+02:00,172,158,77011,75720,164078,165070,202020,215985,296154,322820,403502,418682,317440,355173,231241,295012,69029,125799,25652,26164,52605,62029,60250,82828,77143,117983,110025,132984,138399,155514,174739,224485,61172,111076,2532860,1177490,364501,170986,791510,218025,46647,287,212
2021-05-31T23:59:59+02:00,150,141,74265,73243,158421,160756,194714,210020,288767,316442,397764,413718,316446,354065,230856,294492,68939,125628,24739,25106,49981,59814,57083,80293,73538,114704,105530,128540,134254,150612,173374,222765,61002,110744,2492460,1155068,355110,168654,790880,207630,40820,286,210
2021-05-30T23:59:59+02:00,139,133,73215,72176,155945,158726,192091,207667,285987,313926,395879,411976,316084,353654,230695,294256,68901,125548,24137,24318,48390,58086,55343,78438,71312,112140,102874,125677,132101,148086,172581,221829,60909,110533,2476647,1145299,352590,167348,790252,196250,37949,285,206
2021-05-29T23:59:59+02:00,136,131,72605,71584,154434,157325,189792,205636,284147,312339,395042,411204,315863,353409,230615,294178,68890,125530,23815,23793,47472,56590,54004,76562,69388,109295,100557,122877,129297,144665,171929,220921,60882,110481,2462754,1131693,352430,167283,790185,185713,37929,285,205
2021-05-28T23:59:59+02:00,132,128,71518,70466,152043,155068,186134,202097,280877,309204,393185,409438,315457,352907,230468,293963,68871,125473,23284,22791,45864,54463,52177,74004,67347,105341,96231,116984,124921,139614,170954,219613,60836,110367,2438951,1109080,351381,167070,789977,171179,37550,284,202
2021-05-27T23:59:59+02:00,121,118,68205,67450,145559,150132,177945,195846,274489,304048,386870,403757,314198,351464,230010,293433,68800,125291,21962,21107,42611,51412,48300,70184,62796,99327,89878,109472,120992,134991,168156,215910,60663,110054,2394393,1080649,343765,164328,788170,151097,31823,284,198
2021-05-26T23:59:59+02:00,117,115,66053,65273,140607,146049,171846,190780,267738,298381,380132,397069,312681,349862,229524,292737,68698,125080,21220,20191,40789,49275,45947,67451,59760,95536,85287,104358,116010,129272,164366,210575,60454,109627,2357129,1048735,330567,162752,786360,139619,29092,283,197
2021-05-25T23:59:59+02:00,116,108,64022,63283,136403,142559,166793,186490,260674,292103,374710,391684,311403,348457,229120,292096,68614,124903,20642,19528,39390,47757,44113,65436,57287,92535,81208,99983,111074,123585,158831,203332,60284,109320,2319605,1017215,323060,159329,783821,130390,27455,279,191
2021-05-24T23:59:59+02:00,113,106,62781,62069,133648,140455,163511,184077,253724,286115,369779,387012,310576,347539,228834,291711,68542,124774,20299,19122,38372,46684,42769,63951,55609,90523,78973,97472,109653,121929,158225,202541,60172,109118,2295872,1007859,311955,158030,782030,123703,25907,278,187
2021-05-23T23:59:59+02:00,108,106,62284,61553,132548,139563,162317,183043,252482,285094,368193,385583,309959,346882,228663,291485,68522,124738,20067,18935,37821,46128,42015,63252,54446,89527,77483,96107,108477,120533,157247,201320,60101,108976,2284380,999682,311372,154950,781986,122108,25781,278,185
2021-05-22T23:59:59+02:00,105,104,61590,60932,131060,138491,159944,181420,249513,282806,365715,383361,309429,346288,228486,291219,68496,124688,19748,18515,37210,45527,41375,62723,53790,88801,76712,94965,106927,118731,156474,200351,60074,108922,2266415,992981,311357,154946,781947,118682,24318,278,185
2021-05-21T23:59:59+02:00,101,100,60258,59492,128153,135898,156657,178097,244280,278044,359620,377673,308496,345197,228190,290823,68436,124580,19388,18149,36597,44757,40723,61672,52838,87408,74991,92661,103686,114780,155334,198900,59982,108747,2230356,979957,309717,154620,780373,112084,24035,275,183
2021-05-20T23:59:59+02:00,94,98,57208,56697,122419,131027,149733,171787,233973,269303,350598,369396,305964,342457,227424,289815,68304,124362,18091,17215,34422,42510,38268,58774,50024,83637,71060,88162,99564,110135,152875,195886,59802,108391,2172413,960667,303061,152674,774419,94412,21139,267,183
2021-05-19T23:59:59+02:00,93,96,54994,54504,117412,126348,142565,165175,223439,259946,340049,358504,303320,339591,226677,288772,68154,124086,17511,16430,33196,40922,36863,56712,48014,80857,67819,84585,95681,105658,149253,191163,59540,107900,2106522,937273,296806,150697,771440,84905,19311,267,170
2021-05-18T23:59:59+02:00,88,91,52897,52543,112627,122088,136188,159606,211872,249580,330177,348711,300652,336626,225800,287576,68002,123832,16993,15826,31985,39460,35508,54918,46208,78447,64934,81359,91677,101128,146060,187103,59327,107465,2046685,917048,287444,147839,767846,76261,17328,263,170
2021-05-17T23:59:59+02:00,85,88,51862,51550,110293,120031,133378,156951,205346,243567,322607,341628,298863,334656,225214,286753,67895,123620,16537,15377,30935,38415,34340,53627,44726,76648,62673,78966,86845,95270,144597,185219,59177,107150,2019890,905358,275148,140375,764422,69575,15269,262,168
2021-05-16T23:59:59+02:00,84,85,51075,50894,108851,118707,131638,155291,202376,240885,315175,334678,297845,333528,224907,286269,67843,123523,16253,15005,30185,37634,33468,52706,43661,75336,61340,77496,83428,91196,143808,184143,59090,107010,2004572,899276,264724,133607,761183,65435,13515,260,164
2021-05-15T23:59:59+02:00,84,85,50538,50262,107853,117719,130625,154181,200442,238951,311605,331468,297224,332842,224711,285998,67823,123459,16113,14842,29931,37328,33183,52275,43174,74691,60491,76514,82831,90379,143292,183475,59054,106963,1988383,894039,264706,133460,760313,64307,12805,258,163
2021-05-14T23:59:59+02:00,83,85,49278,48840,105601,115626,127037,150728,192235,231882,305294,325586,296244,331704,224426,285550,67776,123364,15615,14413,29146,36508,32413,51085,42095,72909,58928,74563,80928,87892,142679,182488,59014,106877,1951134,884393,263008,132589,755762,58884,11760,256,162
2021-05-13T23:59:59+02:00,79,84,47360,46894,101759,112398,122331,146622,182219,223305,294697,315772,293278,328285,223617,284411,67676,123157,14752,13967,28290,35812,31651,50183,41152,71814,57422,72996,77151,83542,139919,178880,58904,106661,1899582,871849,254399,125541,749531,55033,10743,253,159
2021-05-12T23:59:59+02:00,77,82,46449,46188,99840,110973,120271,144964,179673,221197,289967,310447,292116,327019,223377,284092,67638,123072,14587,13817,27970,35594,31250,49893,40707,71439,56881,72429,75813,81917,139141,177746,58818,106501,1876531,866118,252237,123749,749042,54762,9943,248,158
2021-05-11T23:59:59+02:00,73,76,44205,44713,95813,107898,114470,140237,166306,209930,278319,299687,288715,323108,222421,282691,67488,122773,14159,13249,26961,34168,30118,48091,39403,69160,55166,70163,72726,78333,137787,175916,58659,106143,1817687,853849,242541,121059,740530,46894,8467,244,156
2021-05-10T23:59:59+02:00,72,72,42953,43741,93211,105896,111214,137609,157921,202907,270447,292582,286540,320661,221848,281829,67364,122531,13817,12806,26201,33184,29325,46832,38407,67303,53940,68434,70638,75776,136641,174406,58539,105855,1782150,844984,236497,120006,733558,39693,7493,240,149
2021-05-09T23:59:59+02:00,71,72,41830,42970,90530,104142,108550,135841,152915,199490,264927,287644,285302,319279,221473,281302,67298,122385,13502,12588,25508,32514,28594,46029,37616,66342,53003,67488,69408,74374,136045,173571,58484,105724,1762847,840404,229399,119029,727569,34924,6503,236,147
2021-05-08T23:59:59+02:00,70,72,41539,42669,89685,103413,107457,134986,151469,198276,262366,285582,284801,318738,221354,281123,67282,122353,13400,12527,25381,32422,28450,45900,37427,66148,52663,67170,68443,73451,134976,172208,58437,105631,1750823,835797,228888,118285,727346,34146,6490,216,132
2021-05-07T23:59:59+02:00,68,71,40615,41953,87753,102075,104634,132777,146849,194470,256116,280077,283463,317139,221005,280666,67229,122230,12653,12044,24557,31686,27687,44840,36564,64885,51476,65659,66195,70765,132752,169389,58347,105453,1725057,826134,225679,116018,723224,27348,5536,214,130
2021-05-06T23:59:59+02:00,64,70,37970,40230,83006,98620,98640,128024,136664,185965,239668,265667,278339,311347,219719,278978,67054,121914,11966,11527,23619,30581,26691,43487,35208,62883,49738,63683,63707,67639,130640,166627,58233,105235,1659511,815037,215766,112909,712334,18979,4622,204,129
2021-05-05T23:59:59+02:00,62,67,36082,39035,79351,96037,94040,124378,128843,179436,224914,251629,272154,304209,218146,276988,66808,121391,11732,11252,23080,29856,26089,42565,34283,61484,48585,62270,61094,64532,127698,162928,58135,104985,1593318,802761,210692,109344,706298,15000,3548,204,125
2021-05-04T23:59:59+02:00,62,65,34978,37930,76630,93719,90539,121338,123281,174704,214297,241358,266666,297765,216706,275145,66599,120923,11570,11048,22675,29316,25631,41792,33566,60397,47476,60997,58375,61354,125334,159995,57985,104749,1544294,790888,205576,106708,700221,11854,2896,202,123
2021-05-03T23:59:59+02:00,61,63,34110,36875,74344,91904,87662,118989,118841,171059,207641,235357,263389,293900,215908,274063,66478,120628,11325,10775,22281,28739,25147,41092,32879,59431,46454,59858,55592,58017,121559,155104,57728,104312,1512551,775050,202465,104996,695292,9095,1238,200,121
2021-05-02T23:59:59+02:00,61,63,33758,36557,73170,91001,86195,117896,116415,169193,204545,232844,262431,292812,215624,273655,66412,120520,11253,10703,22092,28526,24917,40806,32538,59025,46003,59382,54403,56556,118496,151425,57644,104182,1501962,770036,199674,99443,691418,8193,368,199,117
2021-05-01T23:59:59+02:00,60,63,33441,36183,72409,90207,85124,116856,114948,167829,201464,229814,261741,291990,215414,273375,66401,120481,11239,10687,22039,28496,24857,40768,32476,58968,45920,59307,54161,56264,118337,151229,57635,104165,1486879,768728,199671,99403,691153,8144,362,198,117
2021-04-30T23:59:59+02:00,57,61,32898,35583,71202,88984,83664,115124,111170,164267,194067,222699,259750,289622,214966,272767,66341,120375,10918,10492,21678,28217,24581,40345,32151,58405,45457,58674,53265,55100,117385,150042,57580,104045,1453997,765050,199345,97413,690354,5801,163,195,114
2021-04-29T23:59:59+02:00,55,59,31398,34635,68282,86959,80029,112523,106065,160159,181253,211156,251820,280525,213769,271134,66205,120026,10612,10278,21202,27769,24151,39846,31566,57664,44648,57740,51431,52906,115537,147807,57480,103850,1399122,756220,192068,94732,684984,3485,142,186,112
2021-04-28T23:59:59+02:00,54,57,30163,34023,66415,85648,77549,110702,102638,157307,171571,201988,240964,267926,212490,269449,66008,119698,10427,10119,20904,27417,23787,39376,31142,57009,43921,56916,49308,50290,112957,144573,57357,103638,1346490,746678,188703,90184,679611,2260,112,179,108
2021-04-27T23:59:59+02:00,51,56,29404,33339,64839,84185,75541,108895,99884,154908,166849,197262,232461,258121,211342,267834,65888,119476,10302,10008,20623,27128,23551,39045,30782,56513,43238,56225,47303,47747,110318,141141,57240,103438,1312467,736874,186397,86174,671623,1541,111,174,103
2021-04-26T23:59:59+02:00,50,56,28975,32955,63738,83302,74040,107729,97599,153196,158233,189249,228274,253279,210635,266842,65796,119278,10207,9919,20408,26941,23315,38828,30486,56174,42618,55648,45497,45598,108424,138662,57144,103285,1283532,728908,184953,83077,664894,1161,107,170,101
2021-04-25T23:59:59+02:00,50,55,28724,32717,62963,82779,72978,106994,95871,151971,152849,184380,223942,248396,210045,266062,65730,119155,10152,9885,20330,26865,23229,38746,30375,56048,42458,55489,45083,45101,107743,137755,57116,103215,1270781,727250,178815,81307,656217,1030,104,169,99
2021-04-24T23:59:59+02:00,50,54,28382,32291,62025,81558,71793,105549,94326,150316,147948,179234,221155,245065,209575,265388,65696,119105,10137,9867,20289,26823,23177,38680,30294,55962,42309,55353,44839,44793,107493,137461,57095,103187,1245935,726165,178786,80607,654937,986,103,169,97
2021-04-23T23:59:59+02:00,48,54,27636,31666,60456,80050,70005,103531,91737,147676,143170,174844,216605,239520,208920,264399,65633,118990,10084,9804,20181,26736,23046,38530,30060,55755,41946,55023,44221,44036,106431,136175,56939,102912,1221079,722817,177606,78130,646398,934,102,166,94
2021-04-22T23:59:59+02:00,46,53,27021,31067,58920,78615,67541,101317,87616,144187,135137,167358,207571,228522,206882,261768,65435,118593,9959,9708,19931,26438,22691,38097,29544,55241,41191,54385,43052,42709,104440,133729,56710,102514,1179564,715345,170165,74187,638063,810,102,161,92
2021-04-21T23:59:59+02:00,46,51,26528,30545,57594,77514,65660,99686,84577,141551,127951,160547,194505,213190,204733,258880,65209,118167,9828,9622,19699,26190,22406,37772,29192,54791,40639,53855,42204,41691,102252,130945,56456,102103,1128105,708804,167283,70107,631690,738,102,155,91
2021-04-20T23:59:59+02:00,45,50,26103,30075,56436,76370,63985,98106,82031,138976,122871,155484,183029,199733,202309,255744,64972,117736,9725,9531,19480,26002,22113,37503,28781,54379,40100,53321,41388,40758,100034,127959,56119,101566,1085481,701258,163800,66856,624918,658,100,153,84
2021-04-19T23:59:59+02:00,45,49,25736,29718,55465,75550,62701,96928,79905,137050,119352,152103,177277,192890,200603,253510,64789,117403,9616,9438,19249,25782,21868,37229,28465,53988,39588,52792,40592,39849,96936,123994,55714,100854,1060941,690913,161970,64434,618311,621,99,147,84
2021-04-18T23:59:59+02:00,44,44,25428,29458,54696,75005,61579,95983,78053,135627,115987,149709,172171,187335,199593,252282,64676,117209,9542,9363,19060,25608,21691,37063,28247,53711,39328,52541,40263,39462,95720,122447,55532,100555,1046965,687039,160300,62502,607755,606,99,146,83
2021-04-17T23:59:59+02:00,43,43,25319,29366,54325,74810,61063,95631,77399,135028,115141,148968,167919,182450,199058,251556,64642,117144,9497,9304,18922,25420,21502,36833,28020,53436,39063,52273,39964,39140,94956,121519,55468,100471,1036083,683020,160272,62188,603690,594,99,146,83
2021-04-16T23:59:59+02:00,43,43,24945,29118,53337,74203,59778,94752,75774,133697,110994,144824,160280,173677,197402,249352,64533,116935,9289,9129,18529,24990,20921,36257,26909,52532,37038,50668,36646,36208,91767,117996,55065,99816,1010173,667945,159481,55269,594171,560,99,145,81
2021-04-15T23:59:59+02:00,39,39,24470,28666,52086,73034,57817,93023,72504,130853,105526,139544,152416,164696,192749,243479,64236,116316,9115,8966,18160,24565,20428,35598,26231,51738,35644,49436,34530,34167,88652,114261,54557,98959,977957,654837,157428,49677,576244,509,98,143,79
2021-04-14T23:59:59+02:00,37,35,24129,28341,51149,72096,56479,91637,70117,128696,101537,135776,143219,154314,185010,233598,63895,115648,8709,8693,17686,24059,19892,34953,25317,50859,34354,48313,32487,32009,85674,110614,54067,98099,940096,639945,154756,45449,560998,409,97,138,78
2021-04-13T23:59:59+02:00,37,35,23892,28124,50451,71561,55535,90812,68483,127287,97811,132343,131389,141194,178620,225269,63557,115060,8474,8521,17340,23652,19471,34417,24653,50066,33287,47298,31104,30648,83518,108233,53710,97555,906857,630624,150240,41056,544500,286,97,136,76
2021-04-12T23:59:59+02:00,36,34,23683,27936,49896,71051,54670,90079,67014,125997,95179,130018,124279,133158,175393,221320,63286,114569,8237,8336,16977,23356,19100,33982,24181,49529,32619,46672,29577,29109,81857,106293,53384,97034,890444,622191,148698,37799,528594,272,95,133,74
2021-04-11T23:59:59+02:00,35,34,23509,27776,49372,70628,53940,89625,65871,125194,93322,128541,118797,127145,171474,216715,63116,114271,8103,8202,16681,23077,18782,33673,23824,49149,32171,46285,28940,28443,80836,105047,53175,96715,882975,616902,144288,35971,512243,254,91,131,71
2021-04-10T23:59:59+02:00,35,34,23448,27719,49205,70493,53740,89467,65544,124924,92798,128105,116714,124618,170033,214864,63074,114171,7516,7598,15791,22291,17823,32833,22703,48117,31061,45288,28277,27731,78741,102440,52908,96279,875984,601581,143433,35591,509714,249,86,131,71
2021-04-09T23:59:59+02:00,34,34,23201,27469,48705,70002,53100,88784,64547,123801,90973,126196,107887,113678,166650,210456,62876,113815,6557,6698,14263,20968,16102,31273,20562,46153,28855,43279,26500,25906,75240,98265,52363,95440,856572,574134,136377,34077,499409,237,78,126,67
2021-04-08T23:59:59+02:00,34,34,22905,27223,48125,69511,52345,88084,63239,122718,88555,124027,97577,101687,161111,203612,62550,113251,5914,6111,13076,19949,14844,29934,18923,44434,26355,40945,23476,22938,70591,92495,51222,93690,837915,542583,127477,32136,481357,207,68,124,67
2021-04-07T23:59:59+02:00,32,33,22593,26998,47322,69054,51418,87472,61850,121739,85412,121587,88391,91394,154108,194826,62256,112691,5534,5790,12416,19276,14027,29107,17880,43382,24445,39048,20940,20413,66633,87731,50226,92075,817527,519124,121883,29653,459933,177,61,120,66
2021-04-06T23:59:59+02:00,31,33,22382,26837,46794,68673,50827,86948,60817,120962,83302,119843,80629,82589,147746,186867,61913,112063,5340,5631,12065,18919,13674,28675,17345,42819,23582,38239,19813,19381,63473,83635,49303,90693,798259,505752,118669,26708,442499,166,56,116,63
2021-04-05T23:59:59+02:00,31,32,22283,26712,46483,68328,50441,86550,60272,120271,82122,118693,76152,77494,142741,180766,61712,111748,5201,5492,11804,18667,13380,28363,17021,42447,23137,37778,19348,18911,60590,80082,48604,89626,788828,496417,116917,23914,427258,160,53,114,63
2021-04-04T23:59:59+02:00,31,32,22235,26653,46362,68060,50271,86235,59992,119768,81613,118061,74710,75788,142038,179793,61675,111666,5197,5485,11786,18654,13369,28347,17002,42430,23039,37706,18941,18588,59153,78235,48398,89315,786291,491625,116811,23912,422060,153,49,111,61
2021-04-03T23:59:59+02:00,31,32,22173,26572,46239,67952,50108,86060,59676,119456,81045,117481,73365,74152,140921,178257,61592,111517,5188,5476,11773,18636,13346,28327,16968,42383,22933,37632,18805,18437,58803,77673,48309,89169,779927,489839,116769,23912,420112,153,48,110,61
2021-04-02T23:59:59+02:00,31,32,22095,26489,46079,67786,49889,85812,59206,119006,80167,116669,71810,72268,138641,175276,61395,111158,5169,5438,11725,18593,13291,28245,16879,42235,22659,37154,18447,18074,56462,74791,47496,88068,770813,481355,114994,23268,418184,153,44,108,59
2021-04-01T23:59:59+02:00,28,30,21900,26285,45663,67265,49243,85069,58330,118066,78286,114998,68547,68837,134559,170102,61078,110591,5022,5294,11453,18330,13068,28009,16556,41926,22155,36711,17629,17329,51616,68759,45817,85612,759176,463303,108897,21897,410989,140,39,105,58
2021-03-31T23:59:59+02:00,28,30,21573,26067,45261,66742,48749,84421,57601,117129,77128,113756,66502,66518,129800,163990,60676,109868,4944,5243,11355,18211,12908,27859,16315,41656,21560,36200,16499,16426,46401,62341,44437,83629,749424,444961,101735,20949,404872,136,34,102,54
2021-03-30T23:59:59+02:00,28,29,21395,25844,44861,66123,48244,83624,56890,116077,75989,112378,64660,64496,125420,158238,60208,108969,4877,5158,11251,18085,12716,27670,15989,41333,20985,35651,15666,15623,43646,58931,43321,81834,739230,433107,97514,19586,396928,107,30,97,53
2021-03-29T23:59:59+02:00,27,29,21197,25606,44400,65574,47768,82933,56154,115003,74760,110944,62170,61749,118679,149597,59438,107576,4780,5085,11146,17971,12562,27504,15742,41010,20527,35182,15014,15081,41057,55947,42213,80012,718694,421900,94089,18907,391021,92,28,96,52
2021-03-28T23:59:59+02:00,27,29,20991,25317,43901,64888,47251,82192,55474,113996,73819,109837,60909,60315,113973,143621,58994,106819,4725,5026,11000,17825,12303,27205,15551,40763,20360,34949,14775,14837,39976,54526,41865,79473,712159,417576,86775,17580,383619,72,28,95,49
2021-03-27T23:59:59+01:00,27,29,20871,25160,43609,64522,46886,81663,54974,113307,73146,109099,59752,59229,112487,141913,58927,106739,4712,5014,10973,17806,12285,27175,15190,40334,19960,34513,14482,14625,39489,53837,41390,78655,706880,413518,86073,16925,379584,66,28,95,49
2021-03-26T23:59:59+01:00,27,28,20619,24646,42804,62818,45917,79638,53635,110285,71128,105485,57737,57346,109734,138671,58600,106223,4693,4981,10949,17754,12215,27082,15112,40224,19619,33917,14013,13973,36417,49998,39333,75411,695481,399001,82752,16706,367304,53,25,94,49
2021-03-25T23:59:59+01:00,27,26,20187,23973,41931,61053,44821,77087,52122,106759,68738,101721,55143,54711,106423,134702,58029,105232,4647,4926,10858,17651,12093,26936,14928,40005,19342,33610,13538,13482,32567,44949,36337,70877,684060,380658,78558,16108,350265,48,22,92,49
2021-03-24T23:59:59+01:00,27,26,19785,23526,41147,59783,43806,75550,50744,104834,66640,99391,52360,51798,102168,129603,57390,104155,4592,4860,10765,17508,11925,26733,14696,39721,18974,33191,13080,13028,29997,41737,33223,66040,671256,365096,73684,15007,337995,41,17,91,48
2021-03-23T23:59:59+01:00,27,26,19537,23224,40588,58869,43083,74459,49709,103322,64980,97532,50069,49452,99411,126391,56830,103315,4533,4790,10666,17383,11779,26549,14450,39408,18556,32804,12577,12521,27562,38641,29555,60146,663131,347535,70343,14418,327554,40,16,88,48
2021-03-22T23:59:59+01:00,27,26,19314,22810,39948,57987,42417,73420,48764,101935,63505,95899,48234,47566,97011,123645,56359,102544,4475,4743,10580,17267,11648,26371,14291,39167,18315,32502,12265,12147,25728,36288,25597,53764,656825,331315,67536,13865,317255,37,16,85,47
2021-03-21T23:59:59+01:00,27,26,19176,22551,39456,57234,41868,72575,48110,100779,62561,94664,47185,46541,95364,121794,55989,101965,4460,4734,10544,17219,11601,26285,14231,39077,18233,32403,12145,12015,25299,35840,25243,53206,654250,329118,65508,13451,308309,37,15,83,45
2021-03-20T23:59:59+01:00,26,26,19116,22406,39245,56739,41627,72014,47799,100142,62121,94061,46530,45775,92765,118563,55701,101478,4451,4726,10535,17207,11573,26268,14188,39040,18151,32328,11986,11854,24658,35065,24481,52120,647781,325403,65059,13262,303494,37,15,83,45
2021-03-19T23:59:59+01:00,25,25,18762,21841,38112,54614,40346,70020,46062,98055,59237,91301,42085,41900,87546,112799,54999,100398,4430,4712,10502,17156,11508,26156,14096,38870,17916,32029,11633,11571,22991,33005,22797,49560,630017,316071,57846,12900,290465,31,15,77,45
2021-03-18T23:59:59+01:00,25,24,18367,21193,36935,52459,38806,67229,43906,93583,55391,85504,38050,38099,82814,107314,53911,98738,4410,4684,10436,17053,11430,26001,13947,38683,17700,31826,11401,11388,21744,31491,21084,46961,613073,307992,52102,12288,267368,28,15,77,44
2021-03-17T23:59:59+01:00,25,23,17945,20840,36210,51541,38041,66275,42825,92231,53602,83676,35375,35312,78790,102489,52967,97265,4387,4658,10374,16958,11357,25867,13834,38494,17501,31633,11163,11163,20502,30078,19494,44561,596411,300486,47697,11579,261513,25,15,76,44
2021-03-16T23:59:59+01:00,24,23,17588,20421,35464,50471,37228,65080,41727,90554,51763,81688,33170,33292,74757,97543,52086,95951,4337,4609,10301,16830,11266,25716,13735,38257,17368,31390,10993,10984,19218,28557,18013,42235,583150,292705,43007,11145,252860,25,12,74,44
2021-03-15T23:59:59+01:00,24,23,17308,20057,34755,49493,36436,63890,40822,89074,50503,80087,31446,31451,71475,93449,51389,94818,4315,4574,10234,16707,11199,25515,13619,37969,17219,31118,10827,10826,18485,27591,16754,40373,572022,286880,39682,10496,244989,25,1,72,44
2021-03-14T23:59:59+01:00,24,22,17039,19630,33899,48283,35536,62570,39764,87248,49247,78357,30280,30217,69480,90886,50944,94142,4291,4555,10189,16630,11142,25372,13559,37747,17128,30954,10755,10740,18304,27310,16492,39812,564910,285678,37803,9363,235048,16,0,68,44
2021-03-13T23:59:59+01:00,24,22,16225,18567,32400,46248,33960,60433,37724,84172,47113,75803,28925,28863,67466,88261,50675,93751,4291,4555,10187,16624,11139,25365,13550,37741,17122,30945,10718,10708,17555,26424,15446,38360,548553,281427,37518,9362,224738,16,0,68,44
2021-03-12T23:59:59+01:00,23,22,15124,17190,29957,43599,31294,57292,34860,79316,43900,71338,26087,25671,63158,82958,49693,92346,4278,4522,10168,16562,11121,25314,13504,37623,17031,30814,10441,10481,16669,25176,14374,36836,520516,275622,36206,9351,207272,13,0,66,43
2021-03-11T23:59:59+01:00,22,22,14082,15730,27706,40904,28974,54102,32271,74924,40144,66440,22682,22192,57140,75638,47759,89505,4237,4482,10088,16443,11010,25089,13386,37312,16865,30510,10136,10268,16034,24334,13706,35561,488445,271616,34614,7910,187326,10,0,65,40
2021-03-10T23:59:59+01:00,22,22,13487,15032,26296,39287,27320,52281,30705,72606,37623,63312,19932,19638,51221,68493,46207,87166,4202,4438,9988,16276,10892,24840,13237,36892,16666,30137,9899,10085,15291,23561,13047,34535,462011,266884,32566,7166,176219,8,0,63,40
2021-03-09T23:59:59+01:00,21,21,13205,14564,25172,38246,25902,51095,29641,70951,36244,61478,18748,18513,47709,64052,45082,85377,4178,4412,9903,16109,10789,24580,13084,36574,16490,29900,9774,9983,14626,22724,12551,33761,448403,263170,30035,6333,167716,8,0,63,38
2021-03-08T23:59:59+01:00,20,21,12874,13956,24090,37136,24628,49957,28705,69467,35010,59859,17668,17632,43586,59062,43854,83393,4163,4376,9842,15911,10687,24319,12951,36216,16361,29635,9690,9899,14132,22119,12237,33322,432930,259988,28029,5942,160089,3,0,62,37
2021-03-07T23:59:59+01:00,20,21,12641,13663,23496,36286,23929,49081,28104,68596,34401,59100,17406,17381,42517,57611,43487,82829,4151,4363,9820,15869,10660,24246,12919,36046,16304,29521,9668,9870,13934,21865,12101,33120,428164,258928,26214,5602,156318,0,0,61,36
2021-03-06T23:59:59+01:00,20,20,12528,13371,23094,35552,23398,48294,27055,67068,33301,57336,17019,17052,41871,56721,43186,82360,4148,4349,9809,15843,10642,24212,12909,36004,16286,29490,9650,9829,13887,21827,11998,32909,424097,258548,26150,5318,149124,0,0,61,35
2021-03-05T23:59:59+01:00,20,20,12115,12769,22412,34349,22715,47063,26300,65437,32065,54916,16372,16217,38409,52413,41029,78916,4121,4302,9739,15743,10590,24064,12841,35808,16199,29283,9554,9759,13701,21612,11627,32298,408899,256847,24698,4469,140058,0,0,61,33
2021-03-04T23:59:59+01:00,18,20,11355,11760,21224,32621,21496,45014,24943,62785,30370,52559,15641,15498,34403,47244,37948,74228,4072,4211,9626,15451,10486,23706,12708,35275,16054,28882,9376,9605,13543,21401,11542,32153,390449,253791,22621,4376,126172,0,0,61,30
2021-03-03T23:59:59+01:00,16,20,11046,11264,20535,31400,20722,43650,24034,61033,29325,50917,15164,14995,31790,43921,34862,69458,4032,4148,9545,15281,10407,23454,12602,34853,15876,28536,9192,9479,13417,21186,11396,31883,375000,251154,21826,4211,117442,0,0,56,28
2021-03-02T23:59:59+01:00,16,20,10784,10839,19889,30431,20007,42630,23249,59645,28353,49641,14537,14348,29111,40547,30976,63237,3984,4077,9483,15115,10338,23189,12498,34420,15775,28229,9066,9377,13279,20999,11319,31738,356802,248752,20315,4210,111253,0,0,55,28
2021-03-01T23:59:59+01:00,14,19,10613,10579,19377,29627,19444,41746,22660,58574,27637,48519,14122,13894,27040,37956,26718,56348,3968,4027,9428,14960,10275,22890,12417,34044,15669,27906,8984,9317,13096,20729,11203,31555,339576,246333,19201,4210,106216,0,0,55,28
2021-02-28T23:59:59+01:00,13,19,10445,10378,18909,28978,18909,41008,22181,57721,27149,47725,13914,13652,26431,37296,26311,55746,3952,4013,9403,14927,10256,22839,12400,33974,15642,27860,8957,9293,12964,20550,11140,31405,337116,245477,18341,4174,101432,0,0,55,27
2021-02-27T23:59:59+01:00,13,18,10266,9863,18581,28110,18650,40221,21896,56736,26820,46931,13638,13351,25761,36490,25388,54326,3940,4001,9382,14906,10224,22791,12361,33892,15597,27786,8935,9277,12945,20528,11119,31385,333198,245120,17618,4025,96345,0,0,55,27
2021-02-26T23:59:59+01:00,12,17,9469,9077,17678,26666,17866,38012,20966,53882,25360,44107,13171,12949,24172,34501,23861,52020,3859,3933,9304,14745,10150,22535,12279,33526,15480,27491,8855,9196,12878,20460,11078,31316,324074,243211,17364,3951,82445,0,0,55,25
2021-02-25T23:59:59+01:00,12,17,8310,8225,16356,25060,16596,35748,19730,50992,23649,41322,12697,12549,22892,32909,22364,49734,3737,3789,9142,14432,9930,21930,12024,32674,15153,26836,8658,9044,12616,20134,10938,31047,316448,239069,16594,3094,66212,0,0,54,23
2021-02-24T23:59:59+01:00,11,16,7945,7701,15700,24024,15966,34510,19016,49475,22856,40122,12300,12213,21584,31409,20683,47107,3665,3722,9002,14140,9753,21475,11821,32048,14890,26298,8517,8907,12473,19961,10873,30836,308193,236295,15628,2162,58906,0,0,54,23
2021-02-23T23:59:59+01:00,11,16,7462,7224,14882,22846,15281,33289,18295,48065,22138,39053,11993,11888,20244,29832,19069,44549,3624,3646,8882,13938,9615,21077,11632,31470,14590,25796,8346,8765,12345,19750,10803,30604,300074,233461,14828,1498,51321,0,0,53,22
2021-02-22T23:59:59+01:00,10,14,7355,7018,14497,22228,14930,32561,17829,47058,21644,38321,11794,11638,19495,28823,17753,42595,3594,3544,8745,13646,9451,20575,11377,30729,14215,25198,8098,8571,12145,19497,10697,30301,294201,230147,14219,311,47229,0,0,51,22
2021-02-21T23:59:59+01:00,10,14,7265,6893,14174,21782,14509,31978,17413,46406,21205,37827,11687,11536,19332,28610,17506,42260,3555,3504,8661,13523,9375,20359,11306,30437,14094,24929,8036,8509,12089,19390,10626,30138,293057,228307,13847,297,43587,0,0,49,22
2021-02-20T23:59:59+01:00,10,14,7148,6843,14049,21702,14393,31843,17294,46256,21047,37646,11588,11452,18549,27692,16448,40790,3553,3498,8651,13515,9365,20338,11292,30412,14081,24918,8031,8500,12024,19326,10572,30070,288799,227924,13650,296,42396,0,0,49,21
2021-02-19T23:59:59+01:00,8,13,6846,6591,13695,21263,14022,31174,16820,45458,20340,36776,10986,11051,17502,26361,15289,39180,3473,3475,8575,13487,9322,20281,11254,30321,14022,24824,7988,8439,11803,19055,10379,29739,282410,226218,13275,294,37770,0,0,46,20
2021-02-18T23:59:59+01:00,8,13,6449,6116,13068,20119,13382,29800,16004,43586,19467,35197,10755,10832,16910,25606,14712,38297,3287,3338,8240,12947,9028,19531,10902,29278,13653,23996,7783,8130,11216,18102,9882,28589,278833,217683,12693,294,28873,0,0,46,19
2021-02-17T23:59:59+01:00,8,12,6283,5773,12622,19238,12892,28610,15303,41864,18820,33870,10526,10580,16153,24792,13935,37108,3038,3178,7900,12431,8727,18740,10532,28233,13261,23145,7548,7895,10659,17249,9444,27770,274166,209529,11961,292,22334,0,0,46,19
2021-02-16T23:59:59+01:00,8,12,5957,5472,12083,18403,12388,27534,14758,40484,18227,32835,10372,10476,15484,23961,13426,36319,2855,3058,7598,11979,8422,18016,10136,27143,12796,22247,7278,7600,9940,16075,8717,26220,270630,200013,11465,136,16176,0,0,44,19
2021-02-15T23:59:59+01:00,8,12,5851,5291,11787,17759,12121,26751,14410,39490,17878,32065,10246,10366,14923,23305,13065,35780,2765,2977,7405,11656,8203,17509,9834,26298,12446,21563,6997,7314,9239,15017,8202,24938,267525,192343,10862,90,12793,0,0,44,18
2021-02-14T23:59:59+01:00,8,12,5581,5176,11537,17488,11897,26315,14176,39043,17687,31788,10201,10315,14689,22965,12900,35387,2715,2939,7291,11491,8074,17303,9658,25966,12267,21261,6901,7190,9018,14633,8014,24402,266521,189104,9926,88,10791,0,0,42,18
2021-02-13T23:59:59+01:00,8,12,5521,5138,11487,17451,11866,26283,14148,39011,17667,31769,10187,10287,14662,22933,12888,35369,2711,2936,7286,11484,8062,17281,9642,25930,12240,21218,6871,7156,8864,14420,7662,23776,266276,187599,9925,9,10560,0,0,41,17
2021-02-12T23:59:59+01:00,8,11,5004,4820,10916,17087,11548,25731,13829,38367,17337,31125,10076,10179,14478,22719,12808,35260,2661,2903,7192,11326,7961,17050,9492,25537,12023,20772,6689,6923,8502,13858,7070,22436,264579,182457,9914,7,6883,0,0,40,17
2021-02-11T23:59:59+01:00,8,10,4542,4519,10328,16407,11135,24925,13349,37103,16847,30266,9760,9916,14196,22270,12528,34574,2493,2629,6592,10133,7273,15313,8630,22921,10971,18690,6035,6207,7455,12237,6254,20115,261348,164008,8271,4,3139,0,0,36,16
2021-02-10T23:59:59+01:00,8,10,4296,4351,9993,15954,10825,24384,13037,36218,16431,29516,9546,9778,14014,22065,12436,34367,2132,2336,5654,8670,6466,13269,7639,20005,9844,16654,5488,5621,6468,10574,5478,18056,258695,144418,7772,3,837,0,0,34,4
2021-02-09T23:59:59+01:00,8,9,4232,4253,9870,15686,10715,23982,12864,35598,16219,29042,9367,9640,13819,21855,12294,34145,1736,1981,4873,7401,5693,11476,6720,17490,8755,14658,4909,4991,5418,9021,4747,15958,256247,125887,6994,1,432,0,0,33,4
2021-02-08T23:59:59+01:00,8,9,4198,4198,9776,15474,10607,23622,12745,35137,16078,28684,9275,9573,13617,21570,12185,33952,1571,1786,4315,6404,5031,9900,5898,14963,7733,12801,4349,4458,4428,7433,3984,13878,253874,108987,6480,1,426,0,0,33,4
2021-02-07T23:59:59+01:00,8,9,4033,4131,9619,15338,10505,23458,12666,34874,15966,28490,9234,9528,13471,21386,12111,33809,1356,1539,3895,5730,4615,9021,5472,13803,7246,11842,4093,4198,4198,7039,3824,13282,252775,101206,5934,1,0,0,0,30,3
2021-02-06T23:59:59+01:00,8,9,4024,4122,9608,15322,10492,23422,12644,34824,15949,28433,9214,9514,13453,21351,12006,33611,1204,1343,3662,5423,4429,8596,5252,13213,6966,11284,3956,4061,4072,6890,3545,12824,252430,96771,5649,1,0,0,0,30,2
2021-02-05T23:59:59+01:00,8,8,3951,4054,9536,15179,10425,23171,12559,34454,15834,28152,9130,9440,13380,21276,11656,33014,1063,1114,3381,4978,4169,8016,4935,12432,6580,10555,3695,3815,3909,6659,3039,11934,250542,90322,4756,0,0,0,0,30,2
2021-02-04T23:59:59+01:00,8,8,3893,3930,9415,14862,10248,22623,12370,33658,15618,27590,9007,9330,13154,20983,11541,32810,799,781,2556,3725,3234,6272,3982,9884,5254,8340,3013,3102,3290,5681,2651,10445,246590,73044,4531,0,0,0,0,28,2
2021-02-03T23:59:59+01:00,8,8,3824,3858,9312,14639,10144,22287,12238,33150,15468,27172,8898,9215,13012,20806,11466,32643,663,613,1928,2810,2500,4843,3009,7589,4020,6289,2200,2235,2403,4211,1924,7828,243862,55094,4359,0,0,0,0,28,2
2021-02-02T23:59:59+01:00,8,8,3756,3763,9212,14446,10045,21906,12096,32585,15266,26719,8773,9101,12889,20595,11384,32379,527,486,1458,2075,1911,3643,2262,5771,2999,4700,1557,1537,1640,2774,1338,5209,240645,39907,4357,0,0,0,0,28,2
2021-02-01T23:59:59+01:00,7,8,3716,3673,9133,14216,9939,21521,11957,31949,15081,26215,8653,8954,12781,20452,11333,32203,392,352,1015,1432,1261,2426,1475,3780,1863,2977,986,980,971,1695,769,3022,237507,25405,4357,0,0,0,0,26,2
2021-01-31T23:59:59+01:00,7,8,3698,3638,9079,14108,9870,21317,11891,31652,14977,26018,8597,8895,12730,20341,11288,32074,362,331,893,1242,1071,2053,1273,3228,1630,2610,888,888,868,1511,698,2716,236018,22269,4242,0,0,0,0,25,2
2021-01-30T23:59:59+01:00,7,8,3697,3635,9069,14095,9856,21294,11878,31632,14965,26004,8593,8890,12661,20272,11221,31997,346,307,833,1158,1014,1929,1209,3038,1555,2473,860,862,849,1471,683,2663,235697,21256,4149,0,0,0,0,25,2
2021-01-29T23:59:59+01:00,7,8,3637,3620,9008,14065,9827,21242,11846,31557,14917,25936,8569,8867,12474,20047,11041,31754,279,224,712,985,870,1569,1054,2648,1344,2148,770,770,800,1416,665,2610,234477,18868,4020,0,0,0,0,22,2
2021-01-28T23:59:59+01:00,7,8,3519,3534,8803,13679,9607,20729,11614,30976,14590,25438,8432,8765,12037,19426,10685,31173,132,57,293,360,378,611,462,1148,612,964,407,426,469,815,382,1580,229688,9099,3411,0,0,0,0,20,1
2021-01-27T23:59:59+01:00,7,8,3288,3399,8510,13263,9306,20105,11231,30141,14203,24702,8215,8554,11486,18619,10260,30409,80,33,202,222,244,415,307,801,433,662,309,312,349,608,287,1158,222977,6424,2800,0,0,0,0,20,1
2021-01-26T23:59:59+01:00,6,8,3122,3301,8228,12925,9043,19535,10926,29384,13806,24069,7979,8332,10908,17703,9612,29257,75,29,187,212,228,381,291,750,402,601,294,286,322,545,260,1028,216257,5893,1957,0,0,0,0,20,1
2021-01-25T23:59:59+01:00,6,8,3034,3207,7945,12443,8753,18829,10540,28382,13325,23305,7697,8131,10289,16886,9156,28356,67,21,167,191,194,325,252,630,350,496,257,241,268,467,211,840,209952,4979,410,0,0,0,0,18,1
2021-01-24T23:59:59+01:00,6,8,2990,3186,7860,12365,8679,18704,10431,28222,13196,23122,7654,8095,10224,16774,9108,28260,66,20,163,187,192,311,249,609,341,482,248,237,266,460,207,825,208646,4865,307,0,0,0,0,18,1
2021-01-23T23:59:59+01:00,6,8,2989,3185,7859,12362,8675,18694,10429,28208,13190,23117,7647,8092,10100,16608,8780,27673,65,20,163,187,191,310,247,609,339,482,248,237,266,460,207,823,207387,4856,305,0,0,0,0,17,1
2021-01-22T23:59:59+01:00,6,8,2927,3139,7735,12249,8592,18552,10319,28037,13109,23002,7617,8058,9902,16305,8262,26649,65,20,162,187,191,310,247,609,338,482,248,237,266,460,207,823,204235,4854,304,0,0,0,0,16,1
2021-01-21T23:59:59+01:00,6,8,2845,2969,7236,11335,8107,17405,9783,26410,12502,21786,7335,7733,9265,15358,7744,25599,59,18,147,173,174,279,221,533,301,442,222,210,235,380,177,691,193189,4264,304,0,0,0,0,16,1
2021-01-20T23:59:59+01:00,6,8,2486,2622,6355,9923,7360,15449,8829,23580,11391,19713,6733,7081,8168,13590,6929,23377,57,18,146,168,171,277,213,519,289,420,210,203,229,355,163,653,173358,4093,301,0,0,0,0,16,1
2021-01-19T23:59:59+01:00,6,8,2046,2267,5455,8535,6500,13558,7808,20794,10123,17479,5977,6200,6783,11404,5907,20324,41,11,97,124,115,172,150,356,190,292,133,115,141,237,114,486,151004,2774,220,0,0,0,0,16,1
2021-01-18T23:59:59+01:00,5,8,1773,1977,4699,7151,5545,11318,6609,17196,8694,14763,5093,5317,5397,9151,4834,16842,22,6,38,46,52,80,66,162,76,146,59,54,66,131,62,220,126322,1286,96,0,0,0,0,16,1
2021-01-17T23:59:59+01:00,4,8,1499,1687,4186,6356,5036,10186,6072,15626,8052,13498,4753,4967,5024,8477,4505,15833,8,2,8,15,15,29,20,51,29,56,23,23,20,31,13,47,115718,389,91,0,0,0,0,15,1
2021-01-16T23:59:59+01:00,4,7,1332,1484,3969,6035,4856,9746,5813,14961,7722,12805,4563,4739,4811,8201,4150,15229,0,0,0,1,1,3,1,1,2,2,0,1,1,0,0,1,110457,13,8,0,0,0,0,14,1
2021-01-15T23:59:59+01:00,4,7,1181,1258,3715,5613,4602,9181,5522,14120,7314,12006,4271,4445,4624,7893,3614,14183,0,0,0,0,0,0,0,0,1,0,0,0,0,0,0,0,103584,0,4,0,0,0,0,14,1
2021-01-14T23:59:59+01:00,3,4,907,945,2969,4424,3737,7364,4578,11372,5918,9658,3469,3576,3883,6664,3127,12365,0,0,0,0,0,0,0,0,1,0,0,0,0,0,0,0,84987,0,0,0,0,0,0,14,1
2021-01-13T23:59:59+01:00,3,3,772,791,2496,3692,3153,6140,3805,9430,4824,7781,2596,2663,2934,5081,2394,9459,0,0,0,0,0,0,0,0,1,0,0,0,0,0,0,0,68036,0,0,0,0,0,0,13,1
2021-01-12T23:59:59+01:00,2,3,640,660,2089,3028,2596,4988,3046,7590,3804,6113,1864,1842,2007,3445,1695,6461,0,0,0,0,0,0,0,0,1,0,0,0,0,0,0,0,51899,0,0,0,0,0,0,1,1
2021-01-11T23:59:59+01:00,1,1,496,524,1741,2451,2083,3986,2359,5767,2824,4432,1199,1140,1203,2023,934,3678,0,0,0,0,0,0,0,0,1,0,0,0,0,0,0,0,36863,0,0,0,0,0,0,1,1
2021-01-10T23:59:59+01:00,1,1,439,455,1480,2026,1743,3263,1950,4782,2348,3714,1057,1015,1058,1776,833,3225,0,0,0,0,0,0,0,0,1,0,0,0,0,0,0,0,31178,0,0,0,0,0,0,1,1
2021-01-09T23:59:59+01:00,1,1,408,410,1356,1849,1598,2973,1796,4333,2163,3383,982,944,999,1722,815,3182,0,0,0,0,0,0,0,0,1,0,0,0,0,0,0,0,28925,0,0,0,0,0,0,1,1
2021-01-08T23:59:59+01:00,1,1,311,281,1107,1505,1320,2304,1477,3553,1793,2766,848,836,911,1599,767,3027,0,0,0,0,0,0,0,0,1,0,0,0,0,0,0,0,24415,0,0,0,0,0,0,1,1
2021-01-07T23:59:59+01:00,1,0,146,76,398,507,481,789,596,1369,783,1206,467,483,562,963,466,1912,0,0,0,0,0,0,0,0,1,0,0,0,0,0,0,0,11208,0,0,0,0,0,0,0,1
2021-01-06T23:59:59+01:00,1,0,111,44,268,285,308,513,400,928,533,826,359,363,425,749,359,1445,0,0,0,0,0,0,0,0,1,0,0,0,0,0,0,0,7920,0,0,0,0,0,0,0,1
2021-01-05T23:59:59+01:00,1,0,87,31,189,230,241,427,321,818,450,704,343,347,408,716,352,1391,0,0,0,0,0,0,0,0,1,0,0,0,0,0,0,0,7059,0,0,0,0,0,0,0,1
2021-01-04T23:59:59+01:00,1,0,69,25,172,193,199,334,257,635,356,512,268,254,288,518,235,933,0,0,0,0,0,0,0,0,1,0,0,0,0,0,0,0,5251,0,0,0,0,0,0,0,1
2021-01-03T23:59:59+01:00,1,0,67,21,166,188,194,319,255,620,346,495,260,252,284,505,233,916,0,0,0,0,0,0,0,0,1,0,0,0,0,0,0,0,5124,0,0,0,0,0,0,0,1
2021-01-02T23:59:59+01:00,1,0,67,21,166,188,194,319,252,620,343,495,260,252,284,505,233,915,0,0,0,0,0,0,0,0,1,0,0,0,0,0,0,0,5117,0,0,0,0,0,0,0,1
2021-01-01T23:59:59+01:00,1,0,66,21,165,188,194,318,251,620,340,493,260,252,284,504,233,915,0,0,0,0,0,0,0,0,1,0,0,0,0,0,0,0,5107,0,0,0,0,0,0,0,1
2020-12-31T23:59:59+01:00,1,0,66,21,165,186,194,317,250,619,339,492,260,252,284,504,233,915,0,0,0,0,0,0,0,0,1,0,0,0,0,0,0,0,5100,0,0,0,0,0,0,0,1
2020-12-30T23:59:59+01:00,1,0,65,21,165,185,192,314,250,617,339,490,260,252,284,504,232,915,0,0,0,0,0,0,0,0,1,0,0,0,0,0,0,0,5088,0,0,0,0,0,0,0,1
2020-12-29T23:59:59+01:00,1,0,46,12,117,140,143,212,182,443,239,376,179,164,196,375,171,715,0,0,0,0,0,0,0,0,1,0,0,0,0,0,0,0,3712,0,0,0,0,0,0,0,1
2020-12-28T23:59:59+01:00,1,0,25,8,64,77,80,122,101,252,119,231,98,93,103,200,103,388,0,0,0,0,0,0,0,0,1,0,0,0,0,0,0,0,2066,0,0,0,0,0,0,0,1
2020-12-27T23:59:59+01:00,0,0,12,3,17,26,36,47,36,89,38,94,32,29,40,73,32,145,0,0,0,0,0,0,0,0,0,0,0,0,0,0,0,0,749,0,0,0,0,0,0,0,0
