Datum,<24_1_m,<24_1_w,25-34_1_m,25-34_1_w,35-44_1_m,35-44_1_w,45-54_1_m,45-54_1_w,55-64_1_m,55-64_1_w,65-74_1_m,65-74_1_w,75-84_1_m,75-84_1_w,>84_1_m,>84_1_w,<24_2_m,<24_2_w,25-34_2_m,25-34_2_w,35-44_2_m,35-44_2_w,45-54_2_m,45-54_2_w,55-64_2_m,55-64_2_w,65-74_2_m,65-74_2_w,75-84_2_m,75-84_2_w,>84_2_m,>84_2_w,bp_1,bp_2,mo_1,mo_2,az_1,az_2,ja
2021-05-16T23:59:59+02:00,57759,59994,108915,117614,129448,156865,212101,250421,312421,332026,285006,321971,209839,271672,55326,104760,18029,17692,29389,36873,32298,52724,43725,75413,60685,73283,85024,94242,140447,183000,48012,90593,1971393,879384,259744,130042,743688,60571,11513
2021-05-15T23:59:59+02:00,57180,59315,107966,116671,128472,155725,210034,248387,309459,329305,284477,321366,209669,271428,55313,104706,17881,17524,29146,36614,32040,52356,43267,74860,59961,72487,84396,93420,140044,182450,47983,90557,1955579,874353,259732,129903,743338,59787,11024
2021-05-14T23:59:59+02:00,55756,57715,105686,114584,124848,152195,201537,241111,304182,324268,283708,320437,209421,271054,55273,104634,17344,17098,28421,35898,31341,51281,42197,73234,58425,70746,82656,91028,139538,181669,47954,90487,1919000,865077,258362,129075,739178,55177,10069
2021-05-13T23:59:59+02:00,53620,55668,101964,111489,120168,148117,191184,232242,294368,315059,281273,317587,208744,270087,55198,104465,16429,16650,27695,35283,30644,50483,41341,72294,56922,69151,78563,86288,137500,178974,47874,90336,1868590,853039,250508,122345,733176,51965,9159
2021-05-12T23:59:59+02:00,52637,54850,100161,110145,118244,146543,188758,230172,289612,309594,280601,316867,208554,269845,55171,104414,16283,16508,27461,35093,30347,50221,40987,71967,56392,68580,77388,84826,137003,178241,47810,90239,1846122,847652,248767,121228,732708,51776,8771
2021-05-11T23:59:59+02:00,50199,53205,96117,107042,112600,141824,174981,218597,279006,299504,277846,313611,207786,268701,55064,104197,15815,15836,26522,33762,29333,48544,39781,69761,54750,66458,74451,81343,135877,176724,47703,89982,1788926,835897,239218,118673,724673,44490,7663
2021-05-10T23:59:59+02:00,48801,52112,93602,105050,109496,139251,166247,211263,271897,292884,276018,311544,207294,267954,54967,104020,15488,15336,25897,32867,28692,47381,38898,67939,53559,64858,72523,78962,134919,175467,47612,89767,1754242,827553,233306,117715,717955,37881,7097
2021-05-09T23:59:59+02:00,47511,51211,91036,103398,106904,137532,161128,207706,266655,288095,275092,310477,206964,267513,54918,103918,15131,15078,25259,32270,28028,46645,38176,67074,52623,63972,71379,77583,134426,174769,47569,89669,1735739,823191,226270,116766,712128,33654,6121
2021-05-08T23:59:59+02:00,47161,50858,90172,102685,105868,136677,159631,206477,264285,286146,274660,310017,206857,267352,54906,103891,15017,15010,25139,32181,27882,46524,37985,66865,52215,63620,70374,76555,133526,173604,47530,89591,1724069,818679,225750,116019,711909,32886,6115
2021-05-07T23:59:59+02:00,46125,50045,88245,101379,103039,134397,154684,202420,258742,281067,273544,308674,206577,266948,54861,103795,14203,14452,24376,31469,27169,45450,37107,65589,50989,62074,68013,73775,131697,171243,47457,89457,1699061,809345,222600,113807,707811,26179,5270
2021-05-06T23:59:59+02:00,43330,48104,83572,97938,97177,129702,143421,192970,243892,267545,269278,303859,205531,265552,54732,103561,13463,13872,23503,30443,26226,44138,35757,63730,49258,60138,65480,70560,129948,168954,47365,89264,1635109,798626,213191,110756,697681,18415,4383
2021-05-05T23:59:59+02:00,41253,46730,79879,95341,92579,125978,134681,185625,229936,253935,264048,297668,204214,263898,54550,103154,13198,13536,23007,29750,25639,43221,34842,62338,48109,58726,62744,67309,127529,165862,47288,89078,1570317,787085,208178,107257,691835,14579,3336
2021-05-04T23:59:59+02:00,39995,45450,77164,93073,89092,122924,128719,180436,219350,243460,259554,292291,203017,262370,54386,102781,13016,13301,22635,29216,25191,42471,34122,61232,46960,57398,59948,64046,125543,163389,47175,88888,1522571,775658,203110,104706,685870,11541,2707
2021-05-03T23:59:59+02:00,38993,44261,74817,91239,86248,120596,123956,176524,212944,237506,256784,288981,202369,261457,54296,102558,12745,12989,22252,28654,24723,41752,33443,60256,45872,56205,56791,60104,122360,159308,46969,88523,1491579,760106,200021,103021,681045,8821,1079
2021-05-02T23:59:59+02:00,38594,43876,73610,90384,84802,119536,121382,174549,210120,235177,256017,288071,202144,261114,54246,102487,12665,12915,22064,28441,24497,41455,33109,59860,45390,55670,55029,58077,120013,156369,46898,88417,1481554,755230,197272,97553,677255,7945,222
2021-05-01T23:59:59+02:00,38219,43457,72823,89561,83718,118495,119889,173136,207094,232178,255436,287363,201969,260862,54237,102458,12647,12899,22016,28413,24442,41418,33043,59805,45308,55586,54777,57764,119879,156211,46890,88402,1466619,753944,197270,97516,676982,7903,218
2021-04-30T23:59:59+02:00,37581,42748,71614,88331,82242,116790,115446,169072,200298,225378,253793,285395,201578,260343,54188,102370,12284,12686,21693,28141,24178,40987,32732,59231,44829,54981,53808,56502,119074,155207,46849,88309,1434156,750367,196948,95545,676193,5597,63
2021-04-29T23:59:59+02:00,35885,41669,68672,86333,78704,114185,109949,164649,187098,213064,247276,277870,200641,258995,54095,102090,11954,12436,21224,27706,23774,40482,32140,58497,44016,54031,51859,54150,117502,153301,46766,88142,1380298,741767,190031,92913,670992,3335,46
2021-04-28T23:59:59+02:00,34501,40978,66804,85006,76217,112352,106422,161677,176854,203078,237459,266421,199568,257582,53944,101846,11757,12251,20925,27360,23436,40022,31719,57835,43246,53174,49593,51340,115287,150529,46667,87960,1328427,732593,186726,88440,665725,2125,23
2021-04-27T23:59:59+02:00,33627,40177,65235,83547,74272,110594,103602,159243,172105,198126,229393,257117,198677,256278,53858,101696,11624,12122,20647,27079,23221,39702,31346,57340,42537,52423,47371,48549,112987,147513,46576,87801,1295281,722955,184452,84487,657983,1454,22
2021-04-26T23:59:59+02:00,33118,39727,64140,82680,72795,109440,101137,157421,163139,189528,225966,253110,198127,255470,53792,101551,11522,12026,20453,26911,22995,39497,31046,57009,41880,51783,45429,46195,111399,145406,46501,87678,1266913,715224,183026,81489,651373,1077,20
2021-04-25T23:59:59+02:00,32815,39446,63346,82156,71733,108696,99351,156167,156590,183173,223153,249878,197612,254818,53745,101460,11463,11987,20382,26845,22913,39415,30944,56893,41717,51615,44963,45626,110815,144621,46482,87625,1254512,713650,176919,79761,642879,956,19
2021-04-24T23:59:59+02:00,32400,38930,62401,80942,70566,107247,97750,154492,151314,177589,220929,247157,197230,254258,53715,101419,11449,11970,20337,26802,22864,39354,30856,56808,41563,51459,44711,45315,110598,144366,46465,87599,1229993,712597,176899,79069,641619,912,18
2021-04-23T23:59:59+02:00,31524,38195,60830,79425,68814,105205,95015,151793,146372,172864,216938,242237,196649,253424,53668,101319,11396,11907,20221,26719,22730,39201,30620,56596,41201,51113,44036,44496,109615,143158,46342,87388,1205527,709298,175735,76643,633181,861,17
2021-04-22T23:59:59+02:00,30796,37483,59265,77964,66318,102942,90384,147945,138394,165062,208591,232021,194980,251259,53510,101010,11257,11778,19990,26448,22392,38790,30111,56103,40444,50485,42813,43105,107773,140841,46172,87086,1164773,702002,168400,72899,624921,750,17
2021-04-21T23:59:59+02:00,30232,36902,57895,76825,64439,101342,87217,145171,130696,157509,196308,217577,193250,248897,53323,100667,11123,11677,19759,26211,22115,38469,29755,55662,39901,49964,41881,41989,105716,138186,45982,86756,1114240,695643,165536,68877,618644,688,17
2021-04-20T23:59:59+02:00,29732,36356,56719,75687,62768,99721,84549,142510,125215,151886,185411,204707,191268,246370,53138,100327,11013,11584,19542,26016,21834,38201,29340,55236,39384,49466,41008,40917,103588,135358,45730,86328,1072496,688338,162088,65657,611949,613,16
2021-04-19T23:59:59+02:00,29335,35945,55743,74874,61482,98537,82329,140484,121518,148269,179978,198139,189841,244513,53000,100069,10880,11479,19332,25802,21591,37931,29019,54839,38886,48948,40130,39907,100619,131509,45419,85752,1048456,678237,160281,63291,605488,578,16
2021-04-18T23:59:59+02:00,28980,35649,54963,74328,60335,97577,80338,139008,118076,145686,175208,192910,189018,243469,52934,99940,10796,11391,19141,25631,21424,37770,28808,54570,38642,48715,39758,39474,99457,130026,45282,85528,1034821,674528,158716,61381,595051,567,16
2021-04-17T23:59:59+02:00,28861,35557,54564,74124,59841,97224,79662,138383,117013,144649,171234,188307,188567,242882,52908,99885,10740,11315,19007,25446,21230,37547,28574,54279,38387,48469,39447,39119,98733,129147,45234,85462,1024112,670584,158696,61068,591022,547,16
2021-04-16T23:59:59+02:00,28425,35255,53556,73505,58576,96333,77962,136981,112612,140165,164037,179909,187199,241052,52823,99727,10509,11112,18611,25041,20673,36979,27415,53338,36335,46853,36215,36225,95842,125892,44913,84927,998699,656101,157944,54320,581643,521,16
2021-04-15T23:59:59+02:00,27875,34731,52266,72308,56572,94560,74548,133979,106818,134453,156421,171126,183257,236003,52594,99247,10318,10918,18239,24603,20183,36348,26700,52508,34929,45607,34073,34145,92938,122309,44526,84248,967019,643397,155900,48790,564006,467,16
2021-04-14T23:59:59+02:00,27476,34348,51366,71395,55222,93180,72139,131769,102466,130292,147305,160706,176390,227142,52338,98733,9863,10607,17792,24104,19653,35718,25738,51595,33678,44504,31907,31853,90212,118905,44146,83566,929868,628925,153334,44606,549232,373,15
2021-04-13T23:59:59+02:00,27198,34091,50661,70841,54308,92363,70412,130292,98095,126148,135824,147760,170845,219861,52074,98284,9601,10404,17452,23688,19237,35191,25050,50796,32625,43505,30514,30461,88242,116717,43879,83129,897331,620061,148856,40241,533037,252,15
2021-04-12T23:59:59+02:00,26961,33861,50100,70323,53457,91631,68877,128932,95177,123455,128592,139544,168418,216826,51853,97882,9340,10187,17098,23396,18873,34744,24571,50271,31923,42873,28957,28876,86694,114862,43622,82716,881254,611815,147341,37007,517460,242,15
2021-04-11T23:59:59+02:00,26747,33680,49587,69916,52743,91170,67691,128095,93105,121717,122306,132673,165783,213617,51730,97661,9189,10037,16795,23117,18575,34444,24202,49895,31511,42514,28288,28181,85735,113687,43464,82468,874072,606692,142974,35241,501342,230,14
2021-04-10T23:59:59+02:00,26668,33612,49434,69792,52537,91016,67359,127815,92529,121186,119806,129639,164891,212415,51693,97571,8517,9357,15900,22361,17635,33589,23047,48844,30473,41579,27613,27456,83710,111130,43239,82086,867147,591490,142133,34881,498849,226,14
2021-04-09T23:59:59+02:00,26377,33326,48961,69314,51887,90326,66301,126626,90468,118938,110755,118353,162232,208927,51531,97284,7433,8353,14370,21003,15891,32027,20822,46835,28436,39670,25779,25605,80358,107050,42812,81408,847980,564302,135125,33398,488667,212,14
2021-04-08T23:59:59+02:00,26063,33058,48385,68815,51153,89624,64927,125510,87842,116411,100240,106077,157458,202996,51268,96805,6688,7689,13192,19968,14625,30675,19120,45095,25935,37322,22820,22598,75846,101472,41937,80014,829589,533381,126309,31480,470903,196,11
2021-04-07T23:59:59+02:00,25696,32796,47586,68375,50253,89017,63424,124449,84307,113516,91061,95635,151358,195279,51024,96327,6272,7320,12521,19283,13814,29857,18066,43998,23949,35349,20300,20090,72031,96786,41151,78704,809545,510347,120756,29042,449968,163,11
2021-04-06T23:59:59+02:00,25442,32612,47084,68001,49696,88498,62311,123635,81965,111440,82820,86210,146021,188516,50754,95796,6056,7141,12168,18934,13478,29414,17506,43421,23071,34574,19176,19004,68844,92636,40431,77595,790633,497215,117566,26144,432768,152,10
2021-04-05T23:59:59+02:00,25324,32471,46780,67654,49314,88091,61728,122916,80610,110121,77843,80504,141858,183312,50579,95530,5904,6983,11892,18685,13194,29105,17184,43052,22640,34128,18701,18500,65880,88962,39941,76800,781331,488049,115778,23414,417689,149,10
2021-04-04T23:59:59+02:00,25276,32403,46653,67376,49140,87778,61456,122404,80045,109463,76401,78746,141255,182474,50551,95463,5901,6974,11879,18678,13183,29090,17169,43033,22502,34039,18314,18150,64404,87067,39808,76597,778831,483294,115681,23414,412535,141,10
2021-04-03T23:59:59+02:00,25204,32317,46531,67264,48983,87605,61105,122061,79494,108861,74931,76986,140306,181138,50483,95341,5893,6965,11863,18663,13161,29067,17131,42988,22398,33957,18171,18003,64048,86494,39746,76486,772517,481540,115643,23414,410613,141,10
2021-04-02T23:59:59+02:00,25120,32225,46369,67100,48753,87345,60596,121588,78604,108001,73195,74829,138288,178493,50330,95057,5873,6928,11821,18623,13109,28988,17035,42810,22122,33497,17812,17658,61607,83474,39114,75595,763469,473206,113874,22781,408713,141,9
2021-04-01T23:59:59+02:00,24886,31963,45947,66595,48110,86592,59710,120637,76688,106313,69226,70486,135053,174341,50084,94604,5697,6743,11568,18386,12889,28767,16716,42496,21614,33045,16964,16872,56627,77160,37781,73591,751894,455436,107860,21416,401642,126,9
2021-03-31T23:59:59+02:00,24534,31702,45539,66080,47635,85954,58964,119640,75517,105080,66909,67784,130691,168706,49754,94011,5614,6687,11465,18262,12740,28622,16457,42201,20996,32527,15791,15957,51345,70519,36694,72024,742278,437364,100789,20476,395593,123,9
2021-03-30T23:59:59+02:00,24341,31436,45134,65456,47143,85154,58237,118551,74379,103719,64804,65467,126648,163296,49383,93256,5544,6593,11360,18142,12542,28442,16120,41868,20423,31966,14938,15146,48529,66973,35810,70513,732166,425733,96606,19143,387791,95,8
2021-03-29T23:59:59+02:00,24115,31150,44676,64913,46676,84453,57490,117434,73116,102289,61791,61934,120555,155476,48766,92103,5449,6522,11269,18038,12382,28279,15879,41533,19956,31501,14289,14596,45793,63739,34956,69039,711823,414684,93221,18518,382052,80,8
2021-03-28T23:59:59+02:00,23868,30805,44183,64229,46174,83718,56804,116432,72182,101180,59869,59742,116575,150317,48406,91480,5390,6454,11125,17894,12130,27974,15711,41313,19790,31275,14047,14361,44668,62240,34703,68638,705397,410460,85951,17252,374775,63,8
2021-03-27T23:59:59+01:00,23731,30613,43897,63865,45796,83180,56297,115743,71456,100434,58767,58655,115193,148720,48357,91418,5377,6442,11095,17873,12112,27944,15304,40823,19422,30884,13767,14165,44076,61365,34356,68031,700194,406447,85255,16601,370831,50,8
2021-03-26T23:59:59+01:00,23439,29945,43060,62196,44846,81110,54911,112564,69452,97105,56627,56668,112712,145701,48102,91000,5358,6405,11073,17823,12042,27852,15221,40716,19058,30257,13289,13551,40562,56913,32840,65485,688921,392073,81963,16387,358709,47,8
2021-03-25T23:59:59+01:00,22988,29131,42165,60410,43778,78536,53349,108967,67116,93586,53946,53972,109673,141947,47658,90199,5308,6344,10981,17718,11924,27715,15043,40485,18768,29953,12787,13031,36158,51051,30606,62036,677577,374133,77807,15795,342192,43,7
2021-03-24T23:59:59+01:00,22520,28597,41416,59156,42786,77012,51900,107021,65061,91332,51057,50953,105716,137099,47143,89303,5248,6274,10885,17577,11759,27514,14806,40179,18411,29560,12337,12573,33069,47053,28138,58136,664941,358847,72957,14699,330333,41,2
2021-03-23T23:59:59+01:00,22245,28215,40836,58266,42096,75916,50838,105476,63410,89506,48747,48506,103088,134120,46711,88598,5185,6201,10787,17445,11614,27333,14550,39862,18001,29157,11824,12094,30136,43183,25123,53187,656993,341599,69661,14112,320078,39,1
2021-03-22T23:59:59+01:00,21961,27734,40218,57394,41448,74882,49889,104051,61954,87908,46891,46609,100848,131500,46344,87960,5115,6147,10712,17320,11482,27170,14388,39630,17762,28843,11525,11729,27772,40088,21808,47695,650816,325654,66874,13564,310059,37,0
2021-03-21T23:59:59+01:00,21798,27404,39719,56641,40919,74026,49233,102897,61015,86736,45815,45555,99292,129725,46045,87471,5100,6138,10677,17271,11438,27083,14333,39539,17678,28741,11402,11609,27319,39588,21510,47211,648287,323507,64858,13162,301300,37,0
2021-03-20T23:59:59+01:00,21729,27221,39509,56123,40678,73497,48915,102231,60565,86162,45102,44737,96790,126568,45801,87042,5092,6131,10666,17261,11411,27066,14288,39500,17584,28657,11242,11447,26598,38723,20857,46239,641867,319821,64416,12973,296540,37,0
2021-03-19T23:59:59+01:00,21307,26494,38349,54054,39411,71511,47081,100090,57602,83391,40633,40839,91909,121042,45247,86158,5071,6118,10635,17202,11348,26961,14200,39328,17335,28356,10906,11181,24641,36296,19509,44100,624237,310609,57236,12612,283796,35,0
2021-03-18T23:59:59+01:00,20850,25673,37107,51912,37879,68608,44812,95443,53761,77942,36637,37035,87395,115755,44383,84784,5045,6081,10569,17101,11270,26809,14050,39134,17117,28175,10668,10997,23134,34372,18111,41959,607476,302618,51510,12011,261139,31,0
2021-03-17T23:59:59+01:00,20375,25260,36390,50982,37104,67653,43687,94001,51949,76159,33827,34075,83610,111101,43602,83565,5016,6051,10511,17006,11200,26673,13934,38947,16902,27987,10451,10777,21685,32667,16802,39932,590973,295269,47149,11310,255366,28,0
2021-03-16T23:59:59+01:00,19968,24765,35626,49913,36308,66441,42508,92312,50104,74214,31611,31988,79782,106317,42885,82473,4961,5993,10440,16879,11110,26517,13837,38709,16759,27760,10286,10597,20188,30866,15579,37944,577998,287585,42471,10879,246891,27,0
2021-03-15T23:59:59+01:00,19645,24323,34908,48940,35532,65203,41578,90832,48839,72664,29867,30097,76552,102275,42351,81529,4937,5949,10379,16755,11043,26321,13722,38422,16613,27506,10119,10440,19278,29671,14547,36352,566979,281861,39155,10235,239143,24,0
2021-03-14T23:59:59+01:00,19335,23796,34015,47741,34670,63894,40486,88951,47651,71057,28681,28857,74603,99750,42004,80976,4912,5926,10329,16675,10986,26173,13667,38199,16524,27368,10044,10356,19095,29368,14302,35827,559910,280699,37292,9102,229405,16,0
2021-03-13T23:59:59+01:00,18423,22677,32568,45911,33187,61934,38445,86013,45686,68854,27427,27560,72627,97168,41826,80702,4912,5926,10327,16670,10982,26167,13662,38193,16519,27360,9997,10315,18226,28294,13401,34580,543619,276479,37011,9101,220511,16,0
2021-03-12T23:59:59+01:00,17143,21073,30075,43261,30597,58715,35477,80969,42584,64705,24650,24439,68370,91869,41092,79607,4901,5890,10309,16611,10963,26111,13619,38078,16421,27207,9730,10116,17187,26837,12519,33298,515798,270753,35703,9091,203256,15,0
2021-03-11T23:59:59+01:00,15951,19344,27844,40655,28338,55478,32792,76491,38890,60045,21280,20957,62376,84470,39572,77316,4854,5846,10233,16494,10852,25870,13496,37762,16247,26931,9436,9899,16513,25936,11923,32121,483961,266804,34119,7659,183845,12,0
2021-03-10T23:59:59+01:00,15273,18500,26372,39046,26747,53650,31194,74075,36285,56980,18596,18445,56422,77158,38373,75468,4811,5789,10138,16325,10741,25612,13346,37346,16045,26603,9211,9717,15691,25052,11373,31224,457724,262111,32084,6963,172901,12,0
2021-03-09T23:59:59+01:00,14945,17939,25181,38021,25414,52443,30116,72377,34916,55240,17437,17363,52859,72578,37473,73965,4780,5751,10055,16149,10631,25357,13184,37027,15889,26389,9084,9612,14969,24136,10960,30555,444253,258448,29572,6131,164559,11,0
2021-03-08T23:59:59+01:00,14562,17245,24035,36953,24226,51287,29179,70864,33703,53700,16371,16520,48619,67331,36511,72368,4764,5698,9990,15949,10529,25100,13045,36668,15771,26159,9013,9523,14422,23481,10711,30185,428877,255322,27625,5744,157087,4,0
2021-03-07T23:59:59+01:00,14304,16887,23433,36117,23526,50410,28607,69998,33152,53033,16117,16279,47483,65790,36248,71939,4750,5683,9970,15908,10502,25012,13012,36496,15716,26067,8993,9489,14207,23201,10599,30019,424167,254279,25818,5406,153451,0,0
2021-03-06T23:59:59+01:00,14168,16521,23002,35406,23007,49594,27498,68376,32091,51390,15811,16043,46770,64775,36040,71616,4746,5663,9958,15887,10487,24978,13002,36454,15698,26036,8973,9452,14160,23160,10501,29815,420125,253906,25755,5125,146341,0,0
2021-03-05T23:59:59+01:00,13705,15812,22320,34258,22351,48324,26719,66711,30871,49061,15189,15290,42857,59835,34431,68879,4716,5602,9889,15789,10433,24830,12935,36259,15616,25835,8880,9397,13969,22940,10156,29230,404988,252245,24310,4292,137423,0,0
2021-03-04T23:59:59+01:00,12907,14670,21146,32576,21186,46272,25335,63973,29267,47005,14477,14575,38229,53736,32124,65288,4665,5498,9781,15496,10340,24467,12807,35740,15479,25488,8735,9267,13816,22732,10090,29100,386697,249359,22241,4202,123935,0,0
2021-03-03T23:59:59+01:00,12573,14103,20466,31391,20434,44912,24423,62238,28306,45525,14017,14105,35099,49615,29663,61428,4621,5423,9698,15317,10260,24216,12700,35308,15288,25180,8583,9148,13683,22505,9959,28850,371410,246757,21473,4042,115518,0,0
2021-03-02T23:59:59+01:00,12296,13608,19835,30448,19733,43891,23632,60845,27386,44327,13395,13500,31888,45423,26437,56171,4567,5341,9636,15154,10194,23942,12604,34883,15186,24901,8465,9053,13540,22312,9895,28722,353404,244413,20022,4041,109489,0,0
2021-03-01T23:59:59+01:00,12100,13277,19344,29641,19192,43059,23049,59770,26712,43263,12991,13067,29240,42040,22840,50206,4544,5283,9586,14997,10127,23655,12526,34482,15093,24640,8389,8999,13343,22014,9804,28577,336336,242076,18961,4041,104593,0,0
2021-02-28T23:59:59+01:00,11925,13045,18883,29008,18708,42298,22571,58936,26252,42526,12794,12863,28613,41328,22499,49689,4525,5268,9566,14965,10107,23608,12510,34416,15069,24605,8366,8977,13202,21810,9755,28459,333948,241259,18105,4007,99982,0,0
2021-02-27T23:59:59+01:00,11703,12399,18567,28211,18455,41528,22285,57923,25926,41808,12532,12581,27831,40382,21720,48440,4514,5255,9542,14946,10075,23547,12471,34342,15030,24540,8348,8961,13190,21795,9754,28455,330051,240916,17385,3907,94950,0,0
2021-02-26T23:59:59+01:00,10838,11490,17725,26771,17690,39257,21355,55012,24464,39237,12169,12293,25975,38050,20503,46515,4423,5170,9467,14792,10005,23277,12386,33968,14913,24286,8273,8890,13124,21715,9720,28400,320973,239032,17132,3834,81332,0,0
2021-02-25T23:59:59+01:00,9591,10492,16434,25168,16457,36953,20086,52010,22834,36721,11777,12006,24473,36109,19279,44624,4295,5009,9312,14482,9814,22648,12131,33125,14613,23732,8099,8752,12864,21376,9603,28179,313378,235076,16364,3015,65364,0,0
2021-02-24T23:59:59+01:00,9153,9873,15801,24130,15847,35686,19345,50462,22067,35674,11423,11693,22962,34282,17880,42402,4213,4911,9176,14205,9638,22183,11941,32500,14359,23247,7972,8624,12729,21202,9546,27988,305263,232376,15404,2113,58103,0,0
2021-02-23T23:59:59+01:00,8597,9283,14997,22980,15192,34441,18594,49055,21382,34724,11158,11394,21371,32381,16551,40213,4170,4825,9049,13979,9500,21764,11749,31930,14052,22802,7827,8484,12611,20991,9485,27772,297199,229583,14607,1462,50596,0,0
2021-02-22T23:59:59+01:00,8459,9025,14612,22364,14839,33718,18124,48015,20915,34068,10981,11155,20426,31120,15463,38549,4136,4700,8902,13675,9329,21239,11484,31187,13675,22259,7616,8305,12414,20740,9399,27488,291383,226309,13999,293,46539,0,0
2021-02-21T23:59:59+01:00,8353,8849,14274,21925,14427,33140,17705,47333,20510,33646,10882,11066,20258,30894,15236,38237,4088,4646,8823,13544,9252,21020,11412,30893,13563,22012,7555,8254,12351,20628,9338,27337,290253,224489,13631,280,42938,0,0
2021-02-20T23:59:59+01:00,8219,8792,14158,21840,14313,33015,17581,47161,20355,33485,10776,10979,19363,29796,14319,36967,4085,4640,8814,13535,9241,20999,11397,30867,13550,22006,7552,8246,12279,20552,9295,27288,286017,224120,13435,279,41753,0,0
2021-02-19T23:59:59+01:00,7881,8504,13812,21393,13938,32322,17102,46357,19640,32643,10248,10648,18154,28251,13360,35604,3993,4615,8748,13508,9198,20936,11365,30773,13485,21921,7510,8190,12034,20239,9131,27001,279731,222421,13060,279,37148,0,0
2021-02-18T23:59:59+01:00,7428,7901,13188,20282,13304,30917,16264,44416,18794,31238,10076,10467,17498,27419,12865,34826,3786,4430,8412,12964,8908,20172,11018,29723,13134,21196,7308,7878,11406,19209,8708,25983,276178,214008,12487,279,28298,0,0
2021-02-17T23:59:59+01:00,7234,7469,12748,19418,12804,29688,15570,42640,18189,30116,9873,10246,16634,26464,12217,33795,3507,4214,8068,12459,8620,19338,10634,28649,12767,20466,7084,7646,10798,18279,8339,25278,271488,205917,11757,278,21939,0,0
2021-02-16T23:59:59+01:00,6840,7092,12244,18582,12324,28590,15038,41317,17637,29231,9732,10144,15905,25547,11790,33113,3298,4061,7763,11992,8310,18591,10227,27539,12329,19670,6825,7341,10020,17012,7698,23877,267925,196476,11262,126,16016,0,0
2021-02-15T23:59:59+01:00,6717,6850,11951,17950,12054,27787,14677,40314,17311,28540,9614,10043,15287,24826,11508,32656,3198,3956,7567,11659,8092,18077,9919,26689,11986,19028,6551,7066,9284,15855,7249,22748,264841,188891,10661,82,12660,0,0
2021-02-14T23:59:59+01:00,6425,6709,11712,17672,11833,27342,14446,39868,17126,28301,9572,9994,15035,24456,11367,32301,3143,3910,7452,11494,7959,17873,9748,26342,11815,18755,6444,6935,9063,15452,7087,22254,263844,185692,9727,82,10663,0,0
2021-02-13T23:59:59+01:00,6353,6663,11671,17641,11802,27310,14422,39839,17108,28279,9559,9970,15006,24429,11360,32286,3138,3905,7445,11490,7949,17853,9731,26307,11786,18714,6421,6903,8898,15220,6749,21653,263610,184204,9727,6,10436,0,0
2021-02-12T23:59:59+01:00,5758,6301,11150,17270,11497,26762,14101,39174,16793,27683,9459,9896,14813,24204,11298,32194,3082,3858,7352,11337,7844,17604,9574,25918,11576,18274,6240,6682,8514,14615,6199,20392,261923,179104,9717,5,6787,0,0
2021-02-11T23:59:59+01:00,5227,5935,10599,16610,11086,25917,13616,37938,16330,26910,9168,9650,14529,23752,11044,31547,2885,3487,6719,10127,7175,15816,8703,23261,10548,16424,5630,6008,7431,12840,5493,18319,258764,160907,8080,3,3087,0,0
2021-02-10T23:59:59+01:00,4955,5725,10253,16162,10795,25378,13289,37036,15948,26258,8980,9522,14357,23542,10957,31355,2465,3093,5798,8667,6381,13703,7713,20357,9511,14679,5120,5437,6388,11086,4837,16456,256136,141727,7623,1,826,0,0
2021-02-09T23:59:59+01:00,4879,5601,10132,15888,10689,24967,13110,36392,15737,25833,8807,9394,14156,23330,10839,31153,2027,2631,5003,7404,5606,11860,6811,17802,8463,12943,4570,4802,5308,9418,4215,14602,253708,123497,6847,1,424,0,0
2021-02-08T23:59:59+01:00,4837,5533,10044,15666,10579,24602,12993,35901,15606,25535,8720,9334,13937,23013,10755,31001,1824,2356,4448,6416,4963,10232,5985,15266,7475,11332,4064,4282,4286,7741,3564,12736,251370,106997,6335,1,421,0,0
2021-02-07T23:59:59+01:00,4649,5453,9905,15531,10478,24424,12907,35632,15504,25367,8685,9290,13782,22804,10696,30890,1579,2041,4029,5758,4563,9326,5550,14107,7010,10476,3825,4036,4061,7337,3427,12188,250274,99337,5791,1,0,0,0
2021-02-06T23:59:59+01:00,4640,5439,9894,15516,10464,24384,12887,35581,15486,25316,8667,9273,13760,22771,10596,30696,1397,1794,3804,5482,4384,8871,5325,13505,6731,9959,3706,3931,3939,7181,3156,11746,249930,94934,5508,1,0,0,0
2021-02-05T23:59:59+01:00,4558,5355,9826,15377,10399,24115,12796,35206,15373,25060,8592,9206,13689,22691,10252,30110,1232,1509,3520,5055,4125,8278,5021,12716,6340,9291,3469,3712,3786,6953,2682,10922,248054,88633,4617,0,0,0,0
2021-02-04T23:59:59+01:00,4491,5204,9698,15051,10235,23536,12595,34401,15164,24577,8477,9099,13456,22379,10158,29938,912,1063,2669,3789,3216,6487,4034,10105,5048,7327,2846,3042,3193,5928,2337,9544,244130,71557,4395,0,0,0,0
2021-02-03T23:59:59+01:00,4413,5108,9583,14829,10130,23163,12458,33867,15012,24196,8373,8979,13299,22173,10089,29726,749,830,2013,2865,2482,5013,3083,7748,3842,5554,2063,2203,2347,4443,1711,7189,241235,54147,4229,0,0,0,0
2021-02-02T23:59:59+01:00,4342,5001,9481,14620,10027,22759,12307,33285,14811,23791,8267,8859,13176,21958,10011,29474,596,654,1519,2122,1908,3782,2329,5906,2860,4158,1452,1479,1599,2965,1193,4793,238007,39325,4227,0,0,0,0
2021-02-01T23:59:59+01:00,4297,4889,9390,14382,9921,22336,12169,32635,14632,23337,8154,8723,13075,21822,9968,29307,455,469,1045,1463,1260,2518,1500,3836,1780,2653,910,943,963,1815,682,2766,234875,25065,4227,0,0,0,0
2021-01-31T23:59:59+01:00,4275,4842,9336,14268,9849,22133,12101,32329,14542,23160,8102,8673,13022,21706,9929,29187,415,431,915,1269,1076,2130,1293,3259,1551,2349,823,853,858,1621,619,2481,233402,21948,4116,0,0,0,0
2021-01-30T23:59:59+01:00,4275,4839,9326,14255,9833,22108,12089,32310,14529,23150,8100,8668,12956,21630,9888,29139,397,399,850,1184,1022,2004,1224,3069,1480,2225,801,830,839,1581,606,2432,233088,20947,4071,0,0,0,0
2021-01-29T23:59:59+01:00,4205,4825,9276,14223,9801,22056,12058,32236,14482,23089,8078,8641,12745,21370,9736,28937,320,299,727,1007,878,1630,1071,2682,1274,1933,722,744,790,1525,591,2386,231876,18582,3946,0,0,0,0
2021-01-28T23:59:59+01:00,4069,4703,9069,13827,9584,21533,11814,31650,14175,22645,7949,8547,12271,20676,9437,28442,152,81,289,375,371,628,467,1166,588,859,391,415,468,886,337,1445,227102,8918,3352,0,0,0,0
2021-01-27T23:59:59+01:00,3809,4521,8764,13416,9285,20876,11439,30809,13803,21990,7745,8341,11674,19789,9079,27792,93,51,198,229,244,429,306,813,421,590,294,301,346,655,254,1057,220436,6281,2754,0,0,0,0
2021-01-26T23:59:59+01:00,3623,4396,8480,13057,9023,20294,11123,30028,13410,21436,7524,8119,11041,18796,8504,26745,88,47,185,219,226,390,292,756,388,540,282,275,316,582,232,942,213743,5760,1914,0,0,0,0
2021-01-25T23:59:59+01:00,3524,4264,8185,12565,8731,19565,10725,29022,12930,20749,7280,7928,10374,17884,8113,25971,79,37,164,195,196,331,250,630,339,448,243,235,264,499,187,764,207480,4861,387,0,0,0,0
2021-01-24T23:59:59+01:00,3475,4237,8101,12483,8660,19442,10614,28846,12805,20594,7247,7890,10305,17775,8072,25879,78,35,160,191,194,318,248,609,330,435,235,232,262,491,183,750,206189,4751,292,0,0,0,0
2021-01-23T23:59:59+01:00,3473,4235,8101,12483,8656,19433,10613,28834,12798,20589,7243,7889,10168,17592,7757,25312,78,35,160,191,193,318,247,609,329,435,235,232,262,491,183,750,204941,4748,291,0,0,0,0
2021-01-22T23:59:59+01:00,3402,4183,7978,12370,8575,19282,10505,28674,12726,20482,7213,7859,9940,17247,7271,24333,78,35,159,191,193,318,247,609,329,435,235,232,262,491,183,750,201805,4747,291,0,0,0,0
2021-01-21T23:59:59+01:00,3284,3936,7458,11439,8105,18104,9947,27002,12138,19374,6947,7554,9241,16165,6830,23405,71,32,143,175,177,285,222,534,292,398,211,205,229,404,156,630,190692,4164,291,0,0,0,0
2021-01-20T23:59:59+01:00,2863,3487,6571,10003,7359,16081,8979,24152,11084,17554,6385,6894,8083,14303,6138,21393,70,32,142,169,174,284,214,517,281,380,200,197,220,378,146,595,171088,3999,289,0,0,0,0
2021-01-19T23:59:59+01:00,2365,3013,5656,8620,6481,14099,7959,21300,9848,15540,5651,6009,6652,11932,5253,18647,46,22,95,123,117,175,151,351,181,268,122,112,141,260,99,441,148855,2704,210,0,0,0,0
2021-01-18T23:59:59+01:00,2049,2612,4867,7207,5523,11757,6736,17601,8460,13148,4815,5141,5224,9523,4317,15475,25,11,36,46,54,83,66,154,68,133,59,53,61,140,56,208,124405,1253,88,0,0,0,0
2021-01-17T23:59:59+01:00,1732,2237,4349,6433,5023,10573,6195,16002,7832,12001,4490,4799,4857,8831,4020,14534,11,3,6,14,15,32,19,44,25,49,25,23,15,36,12,42,113854,371,86,0,0,0,0
2021-01-16T23:59:59+01:00,1536,1979,4136,6140,4842,10098,5930,15316,7504,11350,4322,4606,4646,8539,3678,13957,0,0,0,0,2,3,0,0,1,2,0,1,0,0,0,2,108606,11,4,0,0,0,0
2021-01-15T23:59:59+01:00,1364,1697,3881,5738,4589,9514,5641,14455,7090,10599,4044,4342,4466,8227,3177,12971,0,0,0,0,0,0,0,0,0,0,0,0,0,0,0,1,101822,1,2,0,0,0,0
2021-01-14T23:59:59+01:00,1032,1270,3109,4528,3735,7615,4662,11646,5715,8493,3303,3514,3771,6967,2754,11311,0,0,0,0,0,0,0,0,0,0,0,0,0,0,0,0,83447,0,0,0,0,0,0
2021-01-13T23:59:59+01:00,873,1070,2614,3767,3139,6339,3888,9603,4605,6833,2430,2618,2859,5311,2110,8590,0,0,0,0,0,0,0,0,0,0,0,0,0,0,0,0,66667,0,0,0,0,0,0
2021-01-12T23:59:59+01:00,731,904,2189,3089,2582,5157,3132,7768,3618,5346,1729,1785,1963,3661,1499,5906,0,0,0,0,0,0,0,0,0,0,0,0,0,0,0,0,51074,0,0,0,0,0,0
2021-01-11T23:59:59+01:00,584,727,1819,2490,2072,4130,2401,5844,2668,3861,1091,1089,1167,2158,822,3326,0,0,0,0,0,0,0,0,0,0,0,0,0,0,0,0,36260,0,0,0,0,0,0
2021-01-10T23:59:59+01:00,511,622,1546,2046,1725,3377,1975,4826,2214,3245,974,970,1023,1893,732,2907,0,0,0,0,0,0,0,0,0,0,0,0,0,0,0,0,30594,0,0,0,0,0,0
2021-01-09T23:59:59+01:00,476,561,1420,1870,1580,3068,1818,4363,2042,2960,906,906,967,1840,717,2870,0,0,0,0,0,0,0,0,0,0,0,0,0,0,0,0,28370,0,0,0,0,0,0
2021-01-08T23:59:59+01:00,362,410,1166,1503,1308,2399,1493,3582,1693,2436,787,802,884,1712,679,2739,0,0,0,0,0,0,0,0,0,0,0,0,0,0,0,0,23960,0,0,0,0,0,0
2021-01-07T23:59:59+01:00,172,110,400,519,472,810,606,1403,748,1063,447,472,555,1048,411,1733,0,0,0,0,0,0,0,0,0,0,0,0,0,0,0,0,10969,0,0,0,0,0,0
2021-01-06T23:59:59+01:00,130,65,261,292,309,526,407,958,516,734,338,356,421,816,324,1326,0,0,0,0,0,0,0,0,0,0,0,0,0,0,0,0,7779,0,0,0,0,0,0
2021-01-05T23:59:59+01:00,100,49,189,238,242,440,323,843,441,632,326,340,405,781,318,1273,0,0,0,0,0,0,0,0,0,0,0,0,0,0,0,0,6940,0,0,0,0,0,0
2021-01-04T23:59:59+01:00,83,39,168,198,200,347,255,636,351,464,248,251,285,557,210,856,0,0,0,0,0,0,0,0,0,0,0,0,0,0,0,0,5148,0,0,0,0,0,0
2021-01-03T23:59:59+01:00,81,35,162,193,196,331,254,622,342,449,243,248,281,545,208,839,0,0,0,0,0,0,0,0,0,0,0,0,0,0,0,0,5029,0,0,0,0,0,0
2021-01-02T23:59:59+01:00,81,35,162,193,196,331,253,622,341,449,243,248,281,545,208,839,0,0,0,0,0,0,0,0,0,0,0,0,0,0,0,0,5027,0,0,0,0,0,0
2021-01-01T23:59:59+01:00,81,35,161,193,196,330,253,622,340,447,242,247,281,544,208,839,0,0,0,0,0,0,0,0,0,0,0,0,0,0,0,0,5019,0,0,0,0,0,0
2020-12-31T23:59:59+01:00,81,35,161,191,196,330,253,621,340,446,242,247,281,544,208,839,0,0,0,0,0,0,0,0,0,0,0,0,0,0,0,0,5015,0,0,0,0,0,0
2020-12-30T23:59:59+01:00,80,35,161,189,194,328,253,620,340,445,242,247,281,544,208,839,0,0,0,0,0,0,0,0,0,0,0,0,0,0,0,0,5006,0,0,0,0,0,0
2020-12-29T23:59:59+01:00,56,24,114,143,147,222,184,446,239,343,159,159,199,412,152,654,0,0,0,0,0,0,0,0,0,0,0,0,0,0,0,0,3653,0,0,0,0,0,0
2020-12-28T23:59:59+01:00,29,17,65,77,83,126,103,254,112,207,92,92,102,217,93,364,0,0,0,0,0,0,0,0,0,0,0,0,0,0,0,0,2033,0,0,0,0,0,0
2020-12-27T23:59:59+01:00,14,8,17,24,37,53,35,84,35,82,32,28,36,80,30,137,0,0,0,0,0,0,0,0,0,0,0,0,0,0,0,0,732,0,0,0,0,0,0
