Datum,<15_1_m,<15_1_w,15-24_1_m,15-24_1_w,25-34_1_m,25-34_1_w,35-44_1_m,35-44_1_w,45-54_1_m,45-54_1_w,55-64_1_m,55-64_1_w,65-74_1_m,65-74_1_w,75-84_1_m,75-84_1_w,>84_1_m,>84_1_w,<15_2_m,<15_2_w,15-24_2_m,15-24_2_w,25-34_2_m,25-34_2_w,35-44_2_m,35-44_2_w,45-54_2_m,45-54_2_w,55-64_2_m,55-64_2_w,65-74_2_m,65-74_2_w,75-84_2_m,75-84_2_w,>84_2_m,>84_2_w,bp_1,bp_2,mo_1,mo_2,az_1,az_2,ja,unb_1,unb_2
2021-11-16T23:59:59+01:00,59300,56076,341482,321306,446776,407981,448875,435261,502995,507280,541654,538777,360106,402044,249883,320889,73628,135452,45272,42733,293404,280876,397928,364161,408830,397692,467261,472433,514728,513460,349558,389726,243385,311880,71014,129901,4468228,4078787,537353,513645,809332,766148,336438,713,700
2021-11-15T23:59:59+01:00,58497,55368,339501,319660,444764,406164,447355,433868,501792,506131,540803,537944,359777,401672,249738,320665,73591,135371,45068,42564,292667,280318,397177,363541,408190,397157,466767,471955,514360,513110,349374,389516,243288,311728,70983,129820,4451783,4072649,537027,513448,809315,766140,336122,713,700
2021-11-14T23:59:59+01:00,57620,54522,337758,318362,443054,404619,446060,432740,500766,505156,540087,537303,359530,401383,249633,320522,73564,135305,44867,42365,292047,279829,396523,362972,407691,396696,466320,471553,514045,512786,349183,389370,243213,311628,70964,129790,4437746,4067348,536693,513309,809300,766130,335831,712,700
2021-11-13T23:59:59+01:00,57106,54051,336270,317123,441660,403430,444951,431809,499903,504450,539566,536886,359419,401246,249583,320457,73548,135289,44781,42297,291739,279552,396232,362714,407446,396488,466097,471357,513893,512650,349133,389316,243189,311591,70959,129780,4426864,4064962,536518,513239,809287,766126,335663,712,700
2021-11-12T23:59:59+01:00,56291,53246,333720,315065,439516,401639,443254,430285,498601,503191,538690,536150,359232,400996,249487,320314,73522,135257,44591,42092,291003,278967,395542,362159,406845,396012,465579,470926,513540,512379,349028,389183,243149,311531,70943,129757,4409273,4059469,536122,513058,809281,766113,335362,712,700
2021-11-11T23:59:59+01:00,55132,52068,330323,312369,436524,398891,440768,428073,496686,501407,537438,535012,358838,400508,249330,320058,73477,135163,44143,41654,289955,278082,394649,361238,406033,395225,464907,470214,512999,511896,348811,388950,243036,311370,70912,129684,4384262,4050972,535361,512710,809262,766093,334758,712,700
2021-11-10T23:59:59+01:00,54358,51414,327625,310215,433763,396508,438677,426264,495041,499892,536326,533952,358473,400067,249168,319800,73433,135063,43885,41373,289153,277340,393818,360452,405364,394569,464311,469621,512525,511451,348566,388688,242895,311202,70879,129616,4363320,4043763,534889,512485,809234,766064,334171,712,700
2021-11-09T23:59:59+01:00,53727,50776,325368,308404,431494,394672,437042,424775,493642,498622,535364,533072,358155,399728,249026,319595,73400,134969,43605,41119,288474,276769,393175,359830,404854,394036,463867,469096,512088,511017,348363,388446,242784,311040,70841,129533,4346155,4037959,534380,512067,809208,766027,333659,712,699
2021-11-08T23:59:59+01:00,53031,50110,322313,306040,428555,392282,434825,422964,491907,497122,534240,532040,357745,399337,248875,319375,73370,134885,43403,40932,287798,276141,392474,359195,404372,393515,463414,468607,511723,510632,348162,388216,242707,310909,70813,129471,4324723,4032573,533822,511810,809176,766010,332866,712,699
2021-11-07T23:59:59+01:00,52637,49734,320740,304864,426883,390861,433465,421902,490893,496298,533619,531472,357550,399106,248780,319280,73351,134838,43247,40768,287316,275724,391959,358693,403958,393134,463104,468252,511468,510387,348054,388081,242631,310823,70801,129434,4312870,4028649,533428,511596,809160,765980,332384,712,699
2021-11-06T23:59:59+01:00,52331,49444,319901,304063,425924,390096,432751,421331,490282,495812,533287,531185,357491,399036,248744,319247,73345,134829,43195,40727,287132,275558,391741,358526,403824,393009,462997,468142,511393,510322,348025,388051,242618,310807,70797,129428,4305984,4027311,533312,511562,809156,765978,332216,712,699
2021-11-05T23:59:59+01:00,51724,48828,318206,302627,424267,388550,431301,420118,489159,494810,532621,530647,357380,398879,248705,319176,73338,134810,42967,40507,286582,275136,391305,358106,403451,392664,462676,467831,511185,510135,347954,387967,242583,310758,70790,129412,4293086,4023760,532795,511374,809147,765967,331683,712,699
2021-11-04T23:59:59+01:00,51008,48145,315969,300664,421807,386496,429374,418502,487532,493460,531696,529944,357170,398632,248618,319041,73310,134748,42563,40063,285626,274263,390420,357182,402681,391908,462040,467200,510659,509678,347777,387771,242482,310590,70747,129346,4275967,4016402,532244,511099,809133,765937,330332,712,699
2021-11-03T23:59:59+01:00,50627,47762,314603,299535,420111,385225,428117,417524,486538,492630,531052,529433,357015,398461,248549,318937,73286,134699,42264,39776,284842,273597,389672,356464,402113,391370,461543,466757,510282,509346,347614,387561,242375,310436,70714,129259,4264770,4010095,531975,510949,809129,765926,329789,711,699
2021-11-02T23:59:59+01:00,50309,47442,313278,298576,418448,384030,426851,416657,485482,491910,530439,528941,356869,398275,248474,318836,73267,134632,41891,39434,284005,272904,388900,355758,401499,390814,461047,466276,509905,508958,347431,387358,242286,310291,70684,129172,4254354,4003596,531666,510759,809125,765910,329121,711,699
2021-11-01T23:59:59+01:00,49913,47070,311795,297469,416806,382926,425537,415782,484463,491192,529904,528564,356745,398147,248426,318775,73253,134597,41640,39154,283334,272295,388224,355209,400942,390364,460593,465907,509593,508694,347316,387238,242228,310177,70663,129110,4244231,3998862,531432,510539,809093,765896,328157,710,699
2021-10-31T23:59:59+01:00,49856,47036,311610,297360,416598,382813,425336,415657,484345,491113,529846,528520,356731,398139,248424,318770,73253,134595,41583,39110,283217,272233,388120,355131,400854,390307,460543,465874,509561,508671,347306,387229,242225,310172,70659,129105,4243105,3998295,531369,510499,809090,765892,327987,710,699
2021-10-30T23:59:59+02:00,49802,46996,311411,297232,416280,382654,425116,415502,484134,490952,529725,528462,356710,398115,248419,318760,73250,134589,41547,39100,283114,272161,388010,355060,400763,390242,460484,465812,509519,508652,347299,387221,242222,310166,70655,129101,4241424,3997749,531322,510440,809089,765889,327823,710,699
2021-10-29T23:59:59+02:00,49583,46766,310380,296524,414970,381781,423997,414805,483237,490327,529218,528177,356636,398042,248377,318713,73238,134566,41416,38996,282624,271795,387527,354671,400341,389947,460134,465531,509315,508500,347241,387168,242202,310127,70648,129087,4233826,3994928,531025,510282,809085,765884,326948,710,699
2021-10-28T23:59:59+02:00,49135,46337,308596,295206,412920,380381,422385,413657,481940,489355,528487,527647,356481,397873,248312,318630,73227,134524,41107,38705,281671,270951,386574,353863,399576,389289,459521,465008,508850,508183,347093,386981,242132,310029,70626,129032,4221647,3988805,530595,509979,809070,765854,325323,710,699
2021-10-27T23:59:59+02:00,48810,46018,307713,294431,411842,379520,421529,412953,481224,488826,528076,527341,356383,397703,248253,318533,73210,134486,40815,38414,280927,270268,385934,353255,399087,388801,459096,464577,508550,507897,346935,386803,242052,309905,70599,128970,4214292,3983306,530301,509788,809064,765824,324733,710,699
2021-10-26T23:59:59+02:00,48402,45604,306642,293473,410691,378587,420636,412275,480527,488225,527660,527019,356263,397572,248185,318438,73184,134436,40455,38046,280052,269337,385175,352529,398528,388238,458657,464120,508189,507593,346788,386642,241951,309749,70574,128901,4206160,3976796,530085,509626,809051,765808,324059,710,699
2021-10-25T23:59:59+02:00,48247,45468,306132,293027,410122,378167,420157,411938,480119,487946,527472,526859,356220,397515,248172,318413,73178,134429,40389,37985,279824,269150,384929,352354,398356,388103,458509,464002,508087,507517,346767,386609,241940,309730,70571,128890,4202515,3975562,530021,509582,809049,765801,323531,710,699
2021-10-24T23:59:59+02:00,48036,45286,305580,292546,409436,377656,419648,411522,479702,487628,527253,526669,356157,397433,248140,318387,73170,134416,40199,37824,279361,268682,384468,351956,398005,387782,458240,463744,507918,507337,346675,386511,241901,309665,70558,128870,4198351,3972291,529864,509448,809047,765785,322936,710,699
2021-10-23T23:59:59+02:00,48001,45253,305420,292415,409227,377511,419495,411382,479590,487539,527179,526622,356138,397409,248136,318381,73170,134413,40159,37782,279270,268575,384350,351884,397926,387706,458169,463681,507882,507305,346656,386497,241900,309659,70557,128869,4197178,3971639,529804,509383,809045,765782,322787,710,699
2021-10-22T23:59:59+02:00,47747,45020,304645,291851,408345,376823,418758,410832,479018,487063,526822,526373,356081,397340,248117,318347,73164,134401,39908,37540,278712,268052,383852,351448,397507,387343,457866,463408,507656,507133,346588,386432,241878,309617,70551,128859,4191558,3967989,529533,509216,809043,765766,322143,710,699
2021-10-21T23:59:59+02:00,47272,44567,303536,290975,407137,375863,417774,410037,478190,486421,526284,525997,355958,397202,248050,318243,73143,134345,39327,36978,277646,267000,382949,350574,396782,386573,457230,462839,507236,506769,346430,386231,241785,309458,70525,128807,4183052,3960134,529258,508841,809038,765753,321174,710,699
2021-10-20T23:59:59+02:00,47047,44312,302931,290432,406460,375250,417224,409588,477758,486049,525994,525761,355865,397080,247978,318150,73118,134285,38909,36602,276897,266243,382329,349908,396261,385968,456801,462389,506881,506448,346255,386029,241686,309317,70487,128730,4177854,3953682,529110,508667,809030,765741,320813,709,699
2021-10-19T23:59:59+02:00,46763,44037,302384,289957,405955,374786,416855,409251,477477,485776,525762,525555,355748,396953,247915,318055,73085,134230,38457,36148,276010,265411,381617,349198,395783,385428,456393,461929,506544,506125,346069,385799,241581,309168,70450,128647,4173585,3946829,528988,508494,809022,765722,320473,709,698
2021-10-18T23:59:59+02:00,46568,43848,301854,289492,405464,374353,416504,408911,477207,485538,525540,525353,355656,396850,247863,317960,73064,134188,38169,35889,275365,264722,381068,348553,395363,384937,456054,461539,506256,505848,345914,385648,241497,309041,70417,128598,4169767,3941514,528842,508310,809017,765702,320109,709,698
2021-10-17T23:59:59+02:00,46457,43730,301532,289235,405201,374095,416283,408745,477055,485381,525438,525227,355596,396797,247842,317912,73050,134152,37921,35634,274854,264217,380700,348175,395079,384600,455810,461309,506093,505678,345823,385538,241460,308973,70394,128546,4167578,3937841,528764,508154,809007,765666,319899,709,698
2021-10-16T23:59:59+02:00,46428,43697,301456,289173,405127,374038,416240,408701,477011,485344,525413,525211,355590,396789,247838,317906,73048,134150,37881,35590,274747,264108,380620,348105,395022,384527,455769,461265,506065,505654,345814,385529,241457,308968,70393,128541,4167095,3937225,528750,508094,809007,765664,319828,709,698
2021-10-15T23:59:59+02:00,46278,43537,301022,288828,404757,373718,415946,408441,476767,485119,525255,525077,355538,396749,247821,317874,73039,134135,37649,35343,274185,263524,380213,347712,394681,384183,455491,460983,505867,505484,345752,385454,241417,308921,70388,128520,4164268,3933469,528628,507880,809003,765654,319519,709,698
2021-10-14T23:59:59+02:00,45947,43200,300229,288124,404099,373054,415428,407978,476335,484702,524937,524795,355422,396618,247762,317779,73008,134073,37094,34779,272937,262257,379405,346748,393994,383350,454844,460339,505442,505065,345518,385229,241306,308761,70357,128470,4158733,3924755,528366,507377,808985,765598,318920,709,696
2021-10-13T23:59:59+02:00,45634,42920,299649,287567,403609,372537,415022,407574,475998,484366,524672,524543,355298,396472,247694,317680,72981,134013,36763,34496,272168,261450,378800,346000,393471,382714,454421,459875,505075,504699,345341,385029,241208,308570,70321,128391,4154087,3918397,528182,507103,808978,765551,318496,709,696
2021-10-12T23:59:59+02:00,45306,42641,298992,287019,403082,371998,414615,407185,475686,484057,524419,524308,355192,396335,247646,317590,72954,133963,36469,34207,271333,260590,378107,345280,392930,382149,454001,459446,504712,504352,345118,384808,241101,308417,70281,128282,4149385,3911794,528004,506877,808969,765527,318143,708,693
2021-10-11T23:59:59+02:00,45062,42416,298406,286535,402593,371536,414206,406826,475380,483750,524178,524109,355082,396214,247574,317493,72918,133897,36183,33952,270579,259857,377435,344603,392443,381593,453618,458998,504378,504050,344925,384612,241006,308267,70238,128195,4145221,3905911,527825,506594,808957,765501,317684,708,693
2021-10-10T23:59:59+02:00,44902,42282,298046,286254,402251,371226,413973,406573,475200,483557,524033,523978,355032,396158,247550,317455,72900,133868,36015,33825,270100,259437,376977,344134,392111,381250,453329,458712,504154,503873,344829,384511,240950,308198,70221,128162,4142803,3902290,527681,506471,808947,765466,317318,708,693
2021-10-09T23:59:59+02:00,44872,42256,297946,286177,402165,371168,413911,406520,475152,483509,524007,523961,355024,396144,247548,317451,72899,133867,35965,33771,269983,259332,376877,344036,392028,381175,453271,458658,504119,503843,344819,384497,240944,308190,70220,128160,4142293,3901586,527646,506398,808944,765455,317205,708,693
2021-10-08T23:59:59+02:00,44630,42048,297441,285768,401712,370792,413608,406221,474871,483279,523795,523793,354961,396083,247513,317399,72881,133852,35757,33493,269419,258770,376453,343605,391649,380796,452995,458335,503941,503685,344754,384414,240910,308145,70209,128148,4138896,3897763,527519,506234,808940,765436,316801,708,692
2021-10-07T23:59:59+02:00,44247,41623,296463,284895,400925,370019,412962,405605,474356,482787,523390,523474,354831,395908,247418,317287,72849,133786,35105,32833,268037,257376,375460,342420,390840,379797,452285,457587,503393,503184,344498,384134,240772,307966,70150,128057,4131989,3888089,527286,505042,808932,765394,316125,708,691
2021-10-06T23:59:59+02:00,43986,41362,295758,284305,400405,369513,412562,405174,473999,482473,523116,523223,354698,395757,247343,317166,72824,133709,34777,32520,267296,256565,374919,341757,390365,379252,451863,457138,503044,502827,344325,383924,240661,307821,70120,127978,4127135,3881986,527153,504928,808926,765362,315631,708,691
2021-10-05T23:59:59+02:00,43669,41065,295049,283621,399773,368890,412045,404685,473614,482069,522831,522919,354552,395600,247260,317010,72791,133598,34476,32206,266480,255721,374233,341018,389825,378639,451360,456671,502693,502471,344135,383706,240550,307648,70072,127904,4121680,3875542,527016,504783,808919,765340,314896,708,691
2021-10-04T23:59:59+02:00,43391,40825,294213,282916,399047,368289,411539,404210,473196,481671,522528,522644,354419,395426,247186,316887,72761,133506,34172,31889,265573,254785,373516,340239,389230,378042,450885,456134,502305,502102,343943,383476,240394,307482,70032,127817,4116398,3868846,526862,504669,808910,765300,313952,707,691
2021-10-03T23:59:59+02:00,43230,40675,293807,282498,398629,367922,411221,403954,472980,481434,522350,522479,354337,395330,247139,316804,72754,133467,33991,31755,265082,254361,373060,339828,388876,377649,450613,455825,502057,501870,343818,383331,240333,307387,70014,127786,4113519,3865272,526761,504556,808883,765245,313314,707,691
2021-10-02T23:59:59+02:00,43194,40638,293683,282371,398510,367832,411138,403873,472918,481378,522316,522448,354323,395307,247138,316801,72752,133465,33944,31717,264943,254229,372960,339738,388798,377571,450556,455772,502026,501831,343806,383309,240331,307380,70012,127786,4112823,3864575,526683,504498,808881,765222,313165,707,691
2021-10-01T23:59:59+02:00,42983,40382,293064,281813,397943,367331,410683,403487,472583,481109,522049,522265,354239,395230,247109,316752,72740,133447,33645,31425,264281,253580,372467,339302,388413,377194,450229,455456,501800,501636,343730,383243,240305,307335,70003,127769,4108897,3860689,526538,504341,808872,765166,312368,707,691
2021-09-30T23:59:59+02:00,42579,39980,291930,280712,396929,366351,409871,402691,471913,480431,521537,521847,354069,395022,247013,316623,72715,133377,33107,30880,263082,252411,371597,338374,387705,376367,449623,454805,501326,501236,343561,383019,240225,307176,69974,127716,4101100,3853610,526194,503335,808851,765082,310905,706,691
2021-09-29T23:59:59+02:00,42237,39676,291157,279962,396187,365637,409316,402107,471412,479939,521171,521534,353887,394818,246937,316490,72685,133311,32805,30571,262330,251649,370958,337717,387245,375788,449197,454348,500974,500891,343388,382839,240132,307012,69952,127658,4095158,3848119,526034,503183,808843,765014,309881,706,690
2021-09-28T23:59:59+02:00,41902,39362,290283,279129,395381,364915,408705,401538,470886,479429,520788,521174,353677,394599,246841,316335,72645,133209,32494,30301,261464,250861,370249,337073,386733,375255,448752,453892,500620,500540,343208,382635,240035,306867,69925,127602,4088837,3842585,525907,503035,808835,764959,308667,706,690
2021-09-27T23:59:59+02:00,41486,38980,289398,278285,394584,364197,408144,400948,470407,478903,520386,520842,353517,394401,246755,316215,72615,133121,32173,29941,260446,249934,369384,336267,386071,374574,448209,453348,500212,500178,343025,382402,239944,306733,69900,127538,4083157,3836385,525740,502883,808828,764850,306899,706,690
2021-09-26T23:59:59+02:00,41110,38674,288823,277751,394079,363748,407800,400596,470107,478613,520175,520653,353407,394301,246712,316145,72596,133080,32015,29807,259935,249473,368936,335869,385728,374200,447916,453055,500005,499990,342934,382311,239886,306660,69884,127502,4079445,3833412,525597,502732,808803,764734,305964,706,690
2021-09-25T23:59:59+02:00,41056,38614,288653,277583,393924,363626,407682,400506,470013,478528,520114,520610,353395,394281,246703,316136,72594,133077,31972,29752,259768,249319,368790,335743,385607,374100,447844,452954,499943,499956,342914,382288,239876,306647,69884,127500,4078686,3832693,525522,502672,808800,764703,305525,706,690
2021-09-24T23:59:59+02:00,40857,38400,288015,276927,393273,363057,407154,400020,469562,478120,519814,520367,353289,394196,246662,316084,72588,133052,31712,29493,259104,248632,368176,335200,385157,373658,447425,452594,499619,499709,342797,382182,239833,306593,69872,127476,4074907,3828967,525372,502569,808790,764633,303799,706,689
2021-09-23T23:59:59+02:00,40219,37731,286301,275259,391788,361694,405962,398807,468511,477152,519060,519683,352990,393920,246530,315868,72545,132936,31318,29077,257804,247544,367018,334209,384217,372832,446615,451859,499021,499196,342563,381940,239721,306444,69846,127400,4064992,3822883,524963,502297,808778,764533,299644,706,689
2021-09-22T23:59:59+02:00,39883,37413,285299,274270,390928,360841,405208,398033,467843,476545,518517,519241,352758,393651,246420,315668,72495,132848,31030,28813,257021,246791,366268,333517,383586,372235,446100,451337,498554,498846,342360,381731,239617,306306,69812,127336,4058099,3817760,524741,502127,808755,764417,297685,705,689
2021-09-21T23:59:59+02:00,39465,36931,284216,273184,389961,359930,404444,397272,467214,475953,518065,518809,352534,393386,246318,315489,72441,132735,30712,28534,256160,245932,365504,332799,382946,371627,445600,450851,498137,498447,342164,381523,239511,306142,69778,127250,4050472,3812113,524580,501928,808744,764338,295964,705,689
2021-09-20T23:59:59+02:00,39111,36653,283072,272104,388903,358989,403615,396461,466510,475335,517567,518353,352288,393159,246208,315306,72397,132638,30327,28163,255034,244944,364510,331953,382151,370854,444875,450269,497672,498003,341936,381307,239403,305953,69742,127172,4043402,3805595,524433,501753,808729,764133,293511,705,688
2021-09-19T23:59:59+02:00,38950,36518,282475,271690,388326,358497,403204,396063,466167,475021,517299,518119,352200,393034,246168,315227,72386,132600,30210,28043,254520,244505,364005,331526,381725,370515,444506,449924,497388,497779,341827,381178,239346,305867,69732,127141,4040049,3802753,524289,501570,808705,763834,292303,705,688
2021-09-18T23:59:59+02:00,38895,36447,282313,271529,388126,358335,403020,395919,466056,474907,517231,518060,352184,393021,246160,315218,72384,132596,30080,27912,254204,244159,363751,331273,381487,370324,444343,449790,497294,497690,341797,381152,239327,305848,69729,127133,4039096,3800871,524173,501489,808702,763821,291830,705,688
2021-09-17T23:59:59+02:00,38563,36080,281407,270697,387331,357575,402292,395261,465443,474382,516849,517697,352035,392875,246097,315148,72360,132564,29812,27645,253459,243475,363061,330676,380894,369820,443876,449377,496956,497402,341676,381017,239277,305769,69716,127111,4033744,3797084,523838,501086,808693,763790,289774,704,688
2021-09-16T23:59:59+02:00,37992,35483,279820,269124,385971,356117,401082,393938,464425,473403,516074,516999,351717,392546,245966,314960,72314,132472,29375,27222,252310,242457,362095,329737,380064,368956,443208,448682,496439,496953,341449,380795,239179,305641,69685,127051,4022818,3790447,523087,500684,808650,763643,287238,704,686
2021-09-15T23:59:59+02:00,37613,35172,278687,268025,385068,355136,400222,393075,463751,472714,515539,516483,351494,392256,245796,314787,72280,132359,29074,26933,251451,241643,361307,328940,379375,368280,442639,448164,495933,496513,341240,380558,239043,305495,69662,126974,4015270,3784781,522796,500449,808637,763569,285136,704,686
2021-09-14T23:59:59+02:00,37301,34865,277714,267058,384124,354272,399487,392304,463141,472060,515007,516029,351251,392014,245667,314617,72237,132290,28798,26694,250668,240850,360571,328270,378766,367679,442094,447652,495512,496128,341044,380343,238932,305348,69638,126919,4008422,3779645,522466,500226,808606,763420,283324,703,685
2021-09-13T23:59:59+02:00,36913,34469,276471,265788,383169,353226,398708,391422,462445,471339,514482,515524,351028,391761,245545,314462,72198,132217,28338,26271,249539,239795,359745,327483,378164,367025,441535,447125,495053,495748,340850,380116,238832,305201,69609,126865,4000195,3772700,521741,499941,808573,763323,282034,703,685
2021-09-12T23:59:59+02:00,36769,34340,275889,265347,382693,352778,398318,390996,462117,471037,514269,515308,350921,391649,245499,314387,72187,132182,28180,26152,249008,239381,359239,327039,377794,366670,441231,446832,494804,495525,340725,379985,238774,305113,69594,126821,3996991,3769668,521573,499748,808537,763196,280960,703,683
2021-09-11T23:59:59+02:00,36690,34291,275698,265136,382467,352589,398157,390841,461983,470913,514198,515247,350891,391618,245490,314371,72185,132179,28033,26053,248726,239197,359016,326881,377644,366530,441082,446714,494736,495470,340701,379957,238766,305100,69594,126817,3995955,3768584,521484,499615,808528,763175,280348,703,681
2021-09-10T23:59:59+02:00,36359,33952,274617,264142,381507,351688,397274,390030,461184,470228,513638,514800,350683,391418,245402,314259,72167,132149,27824,25853,247815,238490,358186,326144,376856,365899,440391,446190,494243,495090,340540,379801,238685,304996,69572,126787,3990599,3765112,521341,499398,808517,763153,276404,703,679
2021-09-09T23:59:59+02:00,35921,33502,273306,262982,380455,350506,396328,388993,460380,469351,513056,514287,350443,391135,245275,314105,72132,132089,27441,25463,246740,237527,357269,325272,376036,365087,439698,445581,493655,494648,340324,379571,238564,304854,69541,126735,3982379,3758994,521037,498999,808472,763001,273718,701,675
2021-09-08T23:59:59+02:00,35518,33101,272341,261990,379647,349652,395628,388207,459745,468747,512616,513822,350240,390892,245170,313929,72103,132031,27146,25174,245813,236667,356453,324532,375351,364362,439091,445015,493207,494194,340124,379326,238449,304693,69507,126647,3975882,3753293,520812,498678,808417,762866,271620,700,673
2021-09-07T23:59:59+02:00,35143,32764,271318,261061,378812,348867,394982,387531,459213,468223,512173,513426,350048,390682,245069,313765,72070,131960,26870,24963,244934,235883,355647,323847,374699,363804,438584,444508,492762,493805,339916,379109,238362,304556,69480,126592,3969769,3748288,520568,498339,808403,762685,269714,700,672
2021-09-06T23:59:59+02:00,34744,32355,270197,259955,377862,347915,394292,386751,458612,467584,511733,512991,349827,390436,244980,313643,72040,131890,26634,24752,244161,235122,354899,323189,374082,363212,438121,444001,492350,493418,339705,378904,238284,304422,69451,126537,3962527,3743458,520429,498098,808355,762555,267837,700,672
2021-09-05T23:59:59+02:00,34588,32207,269787,259541,377549,347569,393995,386432,458376,467345,511556,512811,349756,390343,244938,313581,72024,131863,26498,24597,243731,234727,354500,322803,373726,362899,437859,443751,492153,493211,339607,378786,238242,304358,69434,126505,3959917,3740820,520326,497823,808327,762417,267031,699,672
2021-09-04T23:59:59+02:00,34529,32169,269618,259409,377427,347441,393867,386326,458299,467260,511505,512765,349744,390325,244931,313569,72024,131862,26460,24544,243564,234583,354338,322638,373579,362783,437767,443649,492086,493162,339586,378766,238234,304346,69434,126504,3959202,3740034,520272,497685,808322,762394,266613,699,672
2021-09-03T23:59:59+02:00,34211,31853,268718,258603,376684,346775,393274,385733,457721,466776,511043,512428,349573,390146,244865,313463,72001,131828,26136,24202,242542,233723,353541,321921,372908,362130,437114,443060,491596,492748,339389,378567,238148,304240,69414,126477,3954812,3735735,519568,496145,808294,762321,264357,699,672
2021-09-02T23:59:59+02:00,33845,31512,267659,257718,375815,345933,392535,384978,457031,466141,510508,511996,349307,389894,244742,313285,71976,131749,25837,23938,241514,232920,352645,321139,372167,361418,436397,442431,491029,492290,339142,378303,238040,304089,69388,126399,3948822,3730539,519279,495660,808258,761994,261595,699,671
2021-09-01T23:59:59+02:00,33518,31145,266805,256875,375051,345262,392003,384426,456558,465657,510121,511647,349130,389703,244653,313167,71952,131688,25449,23536,240422,231859,351774,320282,371476,360723,435780,441826,490501,491804,338911,378036,237909,303936,69361,126344,3943355,3723725,519093,495114,808223,761779,260014,699,667
2021-08-31T23:59:59+02:00,33120,30801,265934,255958,374307,344538,391423,383838,456042,465169,509664,511280,348937,389509,244557,313020,71920,131645,25164,23240,239468,230962,350961,319532,370810,360084,435220,441316,489978,491402,338709,377821,237821,303787,69327,126289,3937770,3718398,518903,494727,808197,761356,258110,697,667
2021-08-30T23:59:59+02:00,32573,30313,264627,254774,373303,343615,390606,383019,455287,464456,509100,510780,348707,389288,244464,312866,71884,131576,24844,22923,238306,229972,349954,318633,370018,359339,434517,440732,489420,490885,338454,377576,237696,303608,69286,126212,3930257,3712334,518786,494284,808152,761102,255354,696,665
2021-08-29T23:59:59+02:00,32383,30122,264058,254263,372818,343197,390223,382677,454990,464167,508870,510557,348609,389179,244414,312802,71874,131552,24618,22708,237588,229331,349341,318088,369520,358867,434087,440355,489108,490624,338313,377421,237635,303534,69268,126187,3927151,3708438,518665,493884,808122,760842,254124,696,665
2021-08-28T23:59:59+02:00,32293,30026,263829,254084,372640,343043,390067,382554,454865,464048,508794,510504,348584,389156,244403,312790,71873,131549,24553,22604,237269,229072,349090,317891,369300,358701,433904,440191,488979,490532,338271,377379,237615,303508,69266,126183,3926106,3706858,518624,493767,808116,760816,253560,696,665
2021-08-27T23:59:59+02:00,32062,29775,263184,253518,372124,342522,389595,382100,454408,463650,508421,510218,348455,389022,244345,312704,71854,131529,24407,22453,236665,228573,348474,317386,368827,358267,433450,439836,488676,490282,338141,377261,237560,303444,69255,126176,3922293,3703631,518555,493553,808057,760757,251882,696,664
2021-08-26T23:59:59+02:00,31679,29388,262179,252536,371269,341704,388836,381356,453719,462973,507867,509737,348222,388762,244224,312586,71826,131468,24058,22088,235182,227205,347239,316192,367705,357272,432572,439027,488004,489706,337853,376940,237396,303275,69225,126131,3916088,3695246,518310,492906,808018,760398,249202,696,662
2021-08-25T23:59:59+02:00,31314,29054,261253,251672,370515,340924,388173,380657,453082,462381,507309,509279,347984,388505,244099,312422,71791,131400,23452,21513,233128,225339,345752,314784,366513,356073,431568,438065,487200,488976,337471,376549,237242,303040,69181,126043,3910341,3683233,518178,492498,807989,760247,246588,694,660
2021-08-24T23:59:59+02:00,30995,28786,260520,250889,369908,340290,387633,380080,452598,461866,506896,508904,347775,388279,243982,312258,71765,131328,23135,21197,231914,224270,344784,313860,365723,355323,430894,437413,486640,488429,337191,376234,237109,302880,69156,125979,3905382,3676029,517890,492048,807969,759941,244790,694,655
2021-08-23T23:59:59+02:00,30473,28257,259130,249571,368874,339373,386798,379285,451817,461182,506242,508333,347491,387995,243842,312068,71738,131267,22825,20898,230429,222950,343467,312786,364772,354469,430031,436651,485933,487860,336885,375900,236973,302689,69130,125920,3897908,3668595,517741,491567,807934,759654,241422,694,654
2021-08-22T23:59:59+02:00,30327,28143,258721,249198,368518,339039,386526,379019,451579,460937,506052,508182,347394,387900,243801,312011,71721,131241,22643,20716,229705,222269,342773,312122,364232,353960,429590,436244,485611,487591,336719,375715,236909,302584,69112,125884,3895669,3664179,517592,491100,807895,759353,240417,693,650
2021-08-21T23:59:59+02:00,30076,27938,258224,248736,368200,338719,386268,378761,451374,460759,505903,508043,347339,387844,243779,311973,71718,131232,22367,20462,228961,221615,342287,311723,363826,353548,429225,435936,485381,487394,336634,375647,236882,302541,69106,125872,3893116,3661190,517448,489894,807887,759297,239694,693,650
2021-08-20T23:59:59+02:00,29884,27739,257564,248072,367458,338087,385587,378231,450778,460261,505427,507720,347193,387684,243724,311876,71701,131197,21962,20122,227152,219993,340871,310522,362706,352589,428267,435135,484661,486841,336390,375398,236780,302421,69081,125842,3889623,3652911,517124,488733,807874,758930,236821,691,650
2021-08-19T23:59:59+02:00,29551,27425,256575,247218,366451,337296,384797,377538,450066,459622,504861,507234,346951,387420,243616,311728,71667,131124,21467,19629,224383,217555,338554,308677,360997,351108,426862,433861,483500,485885,335970,374972,236586,302174,69047,125773,3884080,3638509,516757,486964,807831,758456,233724,691,649
2021-08-18T23:59:59+02:00,29264,27164,255778,246511,365744,336674,384214,376963,449464,459121,504387,506818,346679,387180,243498,311580,71635,131058,21089,19256,221903,215028,336492,306912,359343,349453,425332,432528,482354,484845,335453,374420,236354,301878,68996,125679,3878943,3625214,516577,483022,807801,758070,231660,690,649
2021-08-17T23:59:59+02:00,28945,26888,254993,245791,365121,335988,383650,376404,448970,458632,503953,506397,346476,386969,243381,311449,71608,131005,20617,18821,219151,212271,334412,305079,357649,347984,423892,431249,481226,483852,334958,373877,236118,301585,68942,125603,3873873,3610111,516276,480238,807775,757639,229944,689,645
2021-08-16T23:59:59+02:00,28652,26625,254297,245137,364547,335432,383187,375941,448531,458191,503533,506033,346291,386761,243282,311285,71577,130965,20063,18337,215974,209192,332118,302955,356121,346529,422684,430105,480275,483008,334570,373429,235932,301314,68903,125513,3869447,3592651,516120,479530,807748,757289,228197,689,643
2021-08-15T23:59:59+02:00,28455,26462,253801,244690,364112,335040,382825,375601,448232,457931,503290,505836,346178,386642,243233,311205,71566,130944,19278,17608,211956,205125,330215,301331,354854,345300,421651,429164,479488,482345,334236,373095,235807,301137,68879,125463,3866575,3574967,515976,478615,807710,756961,227027,689,641
2021-08-14T23:59:59+02:00,28386,26403,253553,244491,363876,334863,382649,375450,448075,457801,503172,505728,346128,386608,243215,311182,71563,130939,18952,17310,210881,204019,329391,300567,354131,344618,421154,428703,479099,482023,334097,372966,235769,301080,68870,125446,3865393,3568258,515903,478244,807704,756883,226327,689,641
2021-08-13T23:59:59+02:00,28129,26160,252844,243903,363373,334434,382209,375014,447637,457435,502833,505468,346000,386457,243150,311105,71551,130910,18348,16753,208991,202228,327959,299245,352860,343425,420100,427761,478349,481379,333852,372675,235656,300937,68852,125392,3861552,3556284,515830,477640,807694,756690,224781,686,639
2021-08-12T23:59:59+02:00,27931,25934,252119,243265,362751,333841,381673,374525,447100,456985,502409,505112,345817,386256,243048,310998,71538,130862,17764,16255,206388,199950,325071,296695,350838,341616,418588,426503,477121,480308,333399,372141,235411,300660,68812,125309,3857577,3538804,515638,476459,807656,755659,222535,684,637
2021-08-11T23:59:59+02:00,27695,25687,251389,242572,362125,333257,381146,374042,446634,456553,501997,504681,345589,386013,242931,310864,71511,130807,16944,15567,203335,196957,321880,293747,348663,339545,417083,425090,475836,479016,332855,371497,235161,300253,68762,125180,3852705,3516888,515417,475388,807616,754716,220998,681,636
2021-08-10T23:59:59+02:00,27449,25428,250553,241834,361405,332700,380601,373490,446135,456073,501541,504278,345390,385816,242845,310725,71488,130763,16147,14782,199123,192811,317197,289511,345665,336756,414957,423140,474231,477554,332165,370823,234862,299844,68705,125061,3847599,3486662,515129,474273,807578,753562,219450,679,636
2021-08-09T23:59:59+02:00,27251,25227,249923,241257,360820,332211,380152,373107,445722,455724,501194,503991,345228,385668,242779,310613,71468,130727,15153,13838,194572,188206,311473,284750,342897,334255,413038,421362,472607,476087,331520,370130,234586,299472,68646,124926,3843854,3456206,514949,471495,807546,752469,217954,677,632
2021-08-08T23:59:59+02:00,27078,25068,249440,240842,360420,331854,379799,372813,445417,455461,500949,503799,345120,385558,242716,310534,71451,130694,14931,13643,193218,186833,309842,283406,341573,333086,412156,420602,472033,475566,331257,369857,234458,299304,68620,124875,3841244,3447034,514791,470125,807493,751981,216721,676,631
2021-08-07T23:59:59+02:00,26929,24892,248909,240392,360020,331514,379461,372530,445123,455224,500722,503623,345048,385463,242682,310484,71443,130683,13759,12598,189534,183238,307791,281549,339847,331558,410819,419333,471104,474770,330902,369482,234327,299115,68586,124838,3838375,3427359,514684,468789,807481,751767,215837,676,628
2021-08-06T23:59:59+02:00,26703,24657,248040,239720,359234,330901,378784,371951,444467,454698,500185,503231,344814,385259,242583,310368,71432,130661,12851,11771,185784,179675,304308,278727,337719,329714,409214,417985,469806,473802,330521,369094,234167,298960,68562,124791,3835782,3407981,513315,467056,807469,750661,212355,676,625
2021-08-05T23:59:59+02:00,26379,24333,246861,238779,358329,330024,377952,371217,443719,454007,499515,502686,344530,384956,242469,310193,71391,130598,11845,10837,181293,175719,298900,274299,333582,326137,406393,415489,467542,472015,329852,368388,233904,298586,68501,124680,3829379,3379942,513049,462335,807399,746941,209335,676,624
2021-08-04T23:59:59+02:00,26005,23990,245718,237787,357324,329106,377170,370503,443087,453407,498937,502153,344257,384687,242346,310020,71364,130527,11031,10125,177805,172404,295119,271157,329163,322219,404133,413390,465828,470458,329156,367689,233628,298233,68441,124578,3822846,3352696,512704,460564,807364,745189,206685,673,623
2021-08-03T23:59:59+02:00,25541,23568,244348,236598,356408,328272,376455,369807,442430,452746,498335,501617,343965,384386,242217,309843,71320,130459,10468,9624,174304,168947,290996,267495,324037,317591,401376,410826,463477,468352,328312,366817,233276,297759,68373,124439,3814890,3320472,512539,458679,807315,743109,204779,673,622
2021-08-02T23:59:59+02:00,25223,23261,243292,235635,355554,327510,375749,369207,441852,452194,497809,501168,343701,384109,242099,309687,71294,130400,9912,9083,170654,165344,286281,263516,318151,312625,398612,408261,461237,466352,327539,365978,232980,297360,68311,124321,3808508,3286911,512289,456693,807255,740575,202898,672,620
2021-08-01T23:59:59+02:00,25064,23071,242658,235026,354952,326993,375304,368808,441415,451871,497463,500888,343559,383942,242023,309571,71280,130374,9645,8874,169098,163884,283785,261507,313506,308904,396744,406677,459756,465099,327103,365493,232808,297142,68282,124262,3804795,3268939,511983,454544,807161,738120,201526,669,614
2021-07-31T23:59:59+02:00,24954,22966,242313,234705,354669,326765,375060,368637,441224,451717,497355,500785,343526,383902,242003,309558,71279,130368,8409,7777,165314,160028,280954,258951,311410,306899,395342,405393,458608,464108,326783,365115,232674,296968,68256,124216,3803165,3245950,511793,453604,807155,737325,200876,668,614
2021-07-30T23:59:59+02:00,24663,22706,241508,233982,354087,326233,374566,368165,440759,451312,496991,500493,343388,383761,241958,309478,71266,130352,7471,6907,161556,156254,277549,255826,308374,304074,393106,403273,456756,462519,326271,364582,232463,296676,68223,124158,3799046,3220799,511422,452397,807135,734121,199266,667,612
2021-07-29T23:59:59+02:00,24316,22364,239970,232706,352914,325154,373595,367248,439899,450514,496175,499867,343055,383447,241820,309293,71228,130285,6486,6033,156689,151755,272144,251621,302446,299278,388728,399770,453697,460103,325435,363732,232150,296265,68163,124058,3791429,3186747,510740,447513,807049,729000,195826,666,612
2021-07-28T23:59:59+02:00,24014,22076,238816,231663,352028,324309,372843,366551,439257,449842,495602,499372,342799,383147,241684,309107,71193,130213,5995,5589,152912,148092,267627,247941,297988,295307,385452,396902,451598,458245,324772,362969,231881,295876,68099,123932,3784649,3155879,510200,445584,806969,726350,193891,665,609
2021-07-27T23:59:59+02:00,23741,21849,237805,230687,351179,323565,372135,365956,438667,449223,495075,498913,342553,382842,241550,308912,71157,130114,5425,5062,147870,142948,261683,242791,292671,290524,381425,393190,448403,455423,323780,361863,231514,295370,68007,123774,3778325,3114153,509643,443249,806911,722599,192239,663,607
2021-07-26T23:59:59+02:00,23508,21609,236826,229699,350387,322856,371524,365396,438110,448732,494620,498540,342320,382601,241423,308753,71133,130056,5002,4702,143510,138539,256109,237991,287485,286034,376945,389216,444874,452390,322824,360895,231184,294888,67932,123636,3772612,3074598,509011,440988,806828,718237,190834,660,607
2021-07-25T23:59:59+02:00,23149,21308,235483,228539,349439,322082,370839,364730,437529,448189,494153,498132,342120,382384,241333,308623,71112,129992,4747,4469,141656,136773,253408,235760,284967,283924,374800,387431,442776,450585,322305,360374,230978,294658,67907,123559,3765497,3059474,508631,438798,806760,713867,189432,659,607
2021-07-24T23:59:59+02:00,22900,21112,234553,227675,348714,321428,370264,364208,436999,447749,493791,497854,342004,382285,241289,308562,71109,129981,4425,4184,138754,133966,250669,233431,282396,281698,372535,385569,441534,449597,321954,360036,230833,294480,67888,123525,3761464,3041081,507864,435774,806745,713523,187584,659,607
2021-07-23T23:59:59+02:00,22482,20725,233047,226327,347378,320479,369210,363337,436113,446962,493092,497321,341766,382012,241199,308450,71088,129945,4001,3792,133254,129113,245280,229109,277904,277897,368830,382355,438875,447388,321250,359310,230577,294168,67834,123444,3753957,3005418,507392,433995,806689,711379,184062,659,607
2021-07-22T23:59:59+02:00,21976,20249,230937,224343,345619,318929,367704,362042,434795,445811,492108,496418,341332,381560,241023,308201,71044,129864,3579,3448,128894,125044,239265,224583,271501,272816,361916,376843,433405,442861,320062,358045,230136,293641,67740,123290,3741476,2963214,505802,427998,806556,705048,181273,658,605
2021-07-21T23:59:59+02:00,21467,19725,229046,222515,343912,317390,366082,360466,433217,444423,490880,495249,340778,381035,240775,307917,70990,129769,3376,3251,125122,121461,233790,220334,265955,268278,353771,369893,428784,439114,318940,356894,229672,293075,67659,123110,3730429,2927602,502043,417084,806329,700258,177978,658,603
2021-07-20T23:59:59+02:00,21164,19445,227575,221031,342670,316211,365117,359585,432352,443631,490155,494603,340437,380660,240627,307696,70961,129679,3115,2961,120771,117210,227427,215143,260115,263087,346639,363773,424073,434789,317841,355636,229257,292485,67561,122926,3721072,2883704,501635,409841,806197,695858,175833,656,602
2021-07-19T23:59:59+02:00,20850,19149,225838,219332,341352,314953,364073,358605,431536,442852,489483,493982,340140,380295,240475,307463,70916,129582,2919,2752,118007,114600,223024,211546,255484,259126,342913,360591,421446,432600,317115,354907,228956,292091,67486,122802,3710455,2858567,501210,404447,806102,691525,174243,656,602
2021-07-18T23:59:59+02:00,20696,19016,224536,218054,339728,313517,362998,357673,430711,442125,488944,493438,339907,380008,240346,307286,70894,129520,2827,2659,116499,113206,220352,209352,253121,257016,340660,358733,419407,430904,316623,354418,228796,291872,67465,122734,3700960,2846219,500672,400161,806026,687815,172865,655,599
2021-07-17T23:59:59+02:00,20297,18593,223382,216994,339146,312975,362405,357159,430190,441674,488527,493150,339803,379891,240304,307230,70891,129509,2563,2402,114426,111100,217888,207043,250645,254813,338226,356588,417954,429638,316286,354026,228661,291704,67442,122694,3695378,2828655,500469,397433,806001,687025,171398,652,599
2021-07-16T23:59:59+02:00,19753,18079,220843,214849,337407,311671,360896,355866,428722,440467,487429,492290,339397,379520,240133,307071,70866,129473,2296,2161,111310,108290,213108,203106,246098,251170,333917,352879,414605,426912,315362,353093,228310,291286,67388,122613,3685167,2800900,499708,395065,805842,683206,165127,651,598
2021-07-15T23:59:59+02:00,19111,17451,218051,212421,335495,309959,359303,354426,427378,439276,486480,491435,338991,379093,239930,306815,70824,129368,2119,2019,107394,105054,204712,196840,238576,245549,327297,347625,407517,420447,313614,351274,227761,290614,67316,122414,3670070,2754160,499105,386599,805724,675763,161994,648,598
2021-07-14T23:59:59+02:00,18265,16725,215604,210090,333787,308424,357896,353077,426150,438077,485451,490474,338536,378630,239689,306503,70770,129281,1968,1874,103770,101702,198212,191650,232841,240864,322990,344135,403331,416813,312298,349958,227351,290053,67232,122260,3655111,2720406,498519,381043,805600,668943,159276,647,594
2021-07-13T23:59:59+02:00,17611,16067,213416,208063,332181,307041,356557,351842,424971,436982,484485,489612,338094,378156,239486,306256,70735,129188,1856,1766,100000,98153,191707,186223,225684,234789,316293,338056,394915,408934,310497,348029,226744,289259,67119,122058,3641229,2677466,497960,368341,805440,659446,157184,647,590
2021-07-12T23:59:59+02:00,16592,15132,210121,204872,330112,305302,354973,350367,423725,435773,483498,488707,337677,377683,239308,306027,70695,129110,1776,1695,96889,95425,186408,181906,218691,229098,309441,332007,389802,404650,308758,346155,226151,288524,67019,121887,3622691,2639049,497403,361186,805260,651009,155382,645,588
2021-07-11T23:59:59+02:00,16083,14655,208758,203592,329357,304577,354305,349736,423155,435266,483049,488360,337484,377479,239247,305921,70673,129070,1742,1669,95463,94131,183611,179589,215681,226796,306745,329847,386965,402256,306280,343524,225772,288053,66965,121789,3616400,2623998,496760,359186,805125,640491,153546,638,584
2021-07-10T23:59:59+02:00,15608,14195,206905,201800,327883,303305,353166,348757,422422,434667,482572,487962,337314,377314,239181,305835,70663,129050,1701,1622,94152,92854,181062,177465,212638,224309,304213,327680,385797,401218,305633,342853,225592,287865,66949,121762,3607787,2607152,496115,358954,804890,638732,150862,637,584
2021-07-09T23:59:59+02:00,15283,13914,204993,199954,326271,301845,352093,347792,421515,433949,481999,487482,337106,377090,239085,305714,70648,129016,1027,966,91358,90128,177522,174231,208287,220148,299183,323072,382347,398230,304536,341622,225286,287495,66911,121697,3598602,2578098,495245,356885,804693,631124,148259,634,584
2021-07-08T23:59:59+02:00,14814,13486,201497,196960,322951,299164,349711,345798,419800,432485,480564,486410,336664,376648,238906,305466,70603,128938,909,855,87051,86353,170267,168549,200139,213740,291795,316939,375382,392006,301805,338691,224505,286553,66794,121437,3583199,2531797,491192,348202,804174,620742,143324,633,583
2021-07-07T23:59:59+02:00,14313,13032,197748,193085,319770,296294,347390,343743,418240,431008,479356,485305,336185,376083,238714,305193,70564,128832,775,759,83362,82898,162948,162820,191072,206547,283792,310364,368330,385179,298487,335066,223593,285449,66652,121190,3561846,2483720,489821,334742,803787,610724,140378,630,580
2021-07-06T23:59:59+02:00,13853,12658,194310,189704,316505,293550,344910,341444,416520,429441,478085,484170,335683,375522,238517,304903,70511,128747,653,641,79788,79311,156253,157297,183649,200333,274838,302401,361826,379075,295284,331812,222707,284357,66544,120961,3541939,2431097,486744,327752,803369,601198,137947,627,580
2021-07-05T23:59:59+02:00,13455,12321,189905,185454,312439,290204,342393,339103,414837,427890,476938,483095,335210,375004,238337,304657,70478,128661,577,546,76715,76474,151121,153195,178877,196203,267915,296123,355708,373532,292004,328363,221819,283235,66434,120790,3519038,2391951,485576,323256,802873,590830,133847,624,577
2021-07-04T23:59:59+02:00,13276,12162,186060,181572,309795,288168,341075,338025,413954,427109,476354,482600,334986,374749,238250,304531,70452,128607,545,517,74529,74595,148007,150616,176537,194155,265458,294059,352586,371315,288690,324962,221238,282569,66378,120670,3506755,2378108,484279,320955,802309,579277,129330,624,576
2021-07-03T23:59:59+02:00,12080,11104,179625,175567,305517,284705,338734,335850,412136,425299,475138,481542,334585,374303,238076,304284,70428,128564,514,498,72747,73015,145571,148731,174092,192067,262388,291329,350301,369457,286933,322976,220970,282206,66346,120621,3480343,2362336,482869,320754,802126,574785,123128,624,576
2021-07-02T23:59:59+02:00,10980,10012,175908,172098,303088,282499,336981,334143,410884,424108,474362,480851,334326,373988,237962,304102,70400,128516,475,447,70048,70324,141638,145438,169646,188015,256327,285872,345067,364744,283674,319242,220329,281433,66297,120536,3462211,2329059,481387,317961,801944,562187,120592,619,561
2021-07-01T23:59:59+02:00,9882,9083,172226,168643,299040,279194,334482,331866,409082,422524,473266,479889,333906,373525,237761,303833,70354,128436,403,374,65147,65597,135300,140087,162351,181499,246056,276999,334255,354935,278884,313960,218473,279174,66118,120223,3439598,2272611,479289,305583,801598,544435,117426,619,556
2021-06-30T23:59:59+02:00,9392,8690,168949,165553,293413,274560,330802,328524,407309,420984,472244,478918,333482,373038,237569,303532,70320,128347,321,313,62010,62744,129649,135402,155694,175493,235990,267836,320834,341642,273665,308403,216579,276848,65950,119901,3414450,2217484,477115,292756,801305,525573,113662,618,554
2021-06-29T23:59:59+02:00,8854,8167,165138,161766,288863,270282,327231,325218,405193,418897,470694,477502,332893,372398,237314,303177,70265,128238,263,242,59210,59740,124692,130978,149661,169956,224124,257118,312264,333264,267200,301208,214604,274386,65747,119555,3386851,2158123,475112,288081,800979,508158,110038,616,551
2021-06-28T23:59:59+02:00,8449,7786,161804,158300,283818,265955,323920,322370,403048,416968,469206,476188,332374,371786,237081,302868,70221,128145,203,192,56931,57383,120781,127457,145304,165866,214891,248689,306464,327849,262251,295907,212841,272150,65599,119289,3362871,2122329,471141,279448,800320,491618,106829,616,549
2021-06-27T23:59:59+02:00,8301,7663,160289,156769,281709,264144,322115,320829,401345,415609,468310,475471,332084,371494,236978,302705,70202,128096,177,172,55726,56268,118650,125745,142731,163729,210771,245292,303090,324984,258436,291895,210380,269235,65488,119094,3352825,2106813,469066,275943,799275,475460,103819,615,547
2021-06-26T23:59:59+02:00,7146,6564,157017,153428,279603,262260,319699,318586,400154,414453,467612,474773,331814,371213,236870,302547,70178,128066,166,160,55178,55676,117301,124586,141303,162488,208525,243283,300556,322566,256896,290233,210045,268825,65461,119024,3333673,2089961,466239,275851,799269,472962,103684,594,528
2021-06-25T23:59:59+02:00,5924,5447,152706,149139,276202,259302,317644,316623,398841,413201,466610,473946,331525,370878,236743,302391,70151,128017,137,138,53883,54046,114813,121881,137209,157915,199749,234825,294857,316689,255171,288112,209452,268023,65390,118908,3308682,2047389,464808,274152,799218,466375,103457,594,525
2021-06-24T23:59:59+02:00,5058,4658,148252,145004,271360,255347,313361,312839,396639,411322,465234,472809,331098,370416,236575,302153,70117,127930,118,108,51228,51447,109668,117146,129850,151256,187682,224356,283433,306446,249784,282262,207612,265675,65187,118507,3277423,1985218,462798,262337,799052,452604,101759,593,522
2021-06-23T23:59:59+02:00,4836,4452,145083,141881,267653,252181,308116,308032,394145,408972,463829,471489,330570,369796,236344,301841,70069,127823,86,78,49283,49357,105863,113230,124167,145566,177774,215682,271447,294435,245167,277438,206276,263975,65026,118147,3249820,1928783,459270,252464,798891,441904,99984,591,520
2021-06-22T23:59:59+02:00,4585,4222,142003,138752,263933,248795,301983,302596,391510,406410,462283,470002,330020,369186,236124,301488,70022,127716,56,57,47588,47608,102246,109915,119357,140981,165166,204529,260526,284121,241092,272962,204353,261563,64774,117675,3217725,1870321,457333,244725,798699,430942,98708,590,511
2021-06-21T23:59:59+02:00,4326,3976,138736,135804,259216,244886,296735,297724,388459,403534,460810,468647,329501,368622,235903,301176,69982,127604,48,49,46353,46375,99854,107687,116613,138270,158937,198746,253634,277480,235734,267115,200413,257034,64589,117298,3185938,1839263,455285,239207,798493,411131,96745,587,510
2021-06-20T23:59:59+02:00,4182,3857,137223,134292,254952,241385,294147,295481,387067,402215,460018,467897,329275,368333,235791,301043,69962,127542,41,46,45217,45445,97586,105883,114327,136278,155901,196204,249315,273396,232728,263584,199423,255779,64508,117172,3168411,1818829,453519,235652,798333,403255,95210,585,503
2021-06-19T23:59:59+02:00,3766,3506,135067,132190,252200,239057,292361,293825,385221,400647,459176,467168,329053,368080,235688,300905,69942,127510,40,44,44670,44796,96311,104614,112847,134806,154390,194762,246086,270364,232001,262732,199252,255515,64486,117119,3152054,1802815,450691,234066,798322,402965,95096,585,502
2021-06-18T23:59:59+02:00,2814,2593,131780,129049,248676,236000,288347,290411,382817,398517,457837,466009,328677,367680,235533,300670,69916,127461,40,44,43884,43879,94732,102829,110545,132135,150837,190721,239214,263068,230270,260723,198764,254874,64410,116985,3126226,1773450,446250,233536,798296,396249,94812,585,500
2021-06-17T23:59:59+02:00,2578,2370,128066,125758,242642,231550,283114,286021,378018,394523,455510,464170,328080,366957,235288,300315,69851,127348,39,44,41639,42050,90678,99347,105631,127378,142960,183035,227804,251662,225057,254778,197112,252712,64151,116565,3091365,1717681,443254,229386,798032,385323,90340,535,490
2021-06-16T23:59:59+02:00,2307,2134,124827,122348,237737,227197,278408,281759,372846,390023,452911,462025,327339,366159,234997,299900,69785,127233,39,41,39803,40445,87135,96311,101266,123542,134711,175681,215688,239728,218814,247655,195185,250384,63899,116077,3057774,1657778,437705,223775,797541,377196,87734,532,487
2021-06-15T23:59:59+02:00,1918,1802,119908,117476,231748,222047,273052,276767,367773,385387,450061,459603,326469,365179,234646,299388,69703,127049,38,39,38185,38830,83801,93259,97292,119483,127647,169298,203319,227685,212775,240857,193221,247948,63589,115504,3013006,1600403,435774,217917,796978,369507,85018,531,484
2021-06-14T23:59:59+02:00,1655,1527,115849,113311,226514,217136,267687,271790,362482,380627,446939,457006,325681,364319,234337,298999,69641,126928,34,38,37206,37940,81523,91155,94577,116957,123527,165544,196710,221178,209657,237346,192085,246474,63370,115110,2970805,1570755,433418,215635,796718,361839,82271,530,480
2021-06-13T23:59:59+02:00,1582,1442,114355,111931,224060,215026,265142,269529,360226,378664,445766,455980,325405,364013,234201,298828,69609,126854,31,38,36336,37202,79660,89477,92561,115133,120701,162928,192826,217462,206563,233899,191049,245102,63138,114697,2955790,1556712,430977,208352,796417,353595,80206,530,479
2021-06-12T23:59:59+02:00,1433,1304,111703,109180,222164,213296,263756,268247,358786,377264,444872,455212,325116,363703,234109,298725,69591,126826,31,38,35966,36794,78669,88381,91303,113828,119118,161360,189258,214154,205529,232770,189651,243443,63128,114665,2939599,1543518,429997,208339,796395,346212,80069,529,478
2021-06-11T23:59:59+02:00,1286,1168,109150,106664,219265,210670,260086,265055,355647,374529,443157,453741,324679,363252,233972,298516,69564,126771,31,37,35290,35676,76659,84996,89066,110288,115003,156208,182544,206688,203431,230397,189045,242672,63065,114566,2915160,1515951,427194,207641,796211,332747,79369,528,477
2021-06-10T23:59:59+02:00,1124,1011,104397,102247,213186,205901,253024,259225,349550,369229,438661,449963,323819,362281,233652,298070,69480,126618,29,36,33708,34183,72650,80809,84139,104774,108321,147972,170170,193026,197339,223494,187313,240526,62811,114161,2871485,1468672,420081,205892,795377,305703,75229,523,472
2021-06-09T23:59:59+02:00,975,882,100473,98532,207207,201170,246206,253508,342881,363275,434976,446939,323138,361535,233379,297687,69416,126486,28,35,32170,32920,69407,78154,80436,101602,103588,143681,159004,182238,186696,211468,185446,238279,62538,113666,2832425,1414509,411545,201906,794864,294405,70562,505,467
2021-06-08T23:59:59+02:00,793,701,95935,93980,200563,195599,239241,247488,334615,355988,429866,442265,322301,360532,233004,297200,69337,126350,26,33,31094,32061,66813,75849,77146,98864,98992,139758,151375,174723,177965,201734,183636,236025,62307,113298,2780387,1375188,405767,196981,794277,283518,66034,505,458
2021-06-07T23:59:59+02:00,634,560,92709,90875,194487,190890,232677,242238,326784,349814,426815,439816,321754,359893,232787,296872,69283,126254,25,31,30220,31212,64341,73889,74187,96701,95221,136820,143273,166912,173906,197094,182202,234211,62083,112912,2741324,1347997,399590,193673,793709,272376,61206,505,458
2021-06-06T23:59:59+02:00,596,525,91127,89557,191190,188327,229316,239459,322497,346409,425378,438736,321479,359595,232679,296714,69260,126207,25,31,29617,30654,62562,72201,72100,94680,92019,133748,137566,161101,171367,194455,181090,232811,61854,112533,2725871,1336097,392188,183957,793220,261922,58447,504,451
2021-06-05T23:59:59+02:00,514,445,89180,87539,186309,184104,226848,237325,320680,344787,424382,437823,321195,359276,232529,296547,69246,126175,25,30,29156,29893,61357,70241,70696,92526,90334,131466,132793,155750,168352,190780,180604,232152,61820,112467,2702346,1312416,392055,183490,793118,256481,58053,502,449
2021-06-04T23:59:59+02:00,414,360,86823,85006,182636,180481,222831,233372,317082,341144,422020,435626,320738,358741,232334,296318,69207,126113,25,28,28686,29216,60228,68581,69399,90430,88540,128835,129410,152084,164107,185998,179611,230885,61772,112379,2673065,1293497,388228,182715,792999,246395,57605,501,445
2021-06-03T23:59:59+02:00,322,283,83531,81926,176893,175800,215551,227260,309354,334434,414260,428758,319702,357556,231963,295865,69151,125980,23,27,27794,28199,58323,66375,66996,87670,84886,124703,122627,145396,157754,178370,178034,228850,61658,112142,2624039,1264200,377974,177362,792577,233627,54629,499,436
2021-06-02T23:59:59+02:00,272,224,81444,79754,172784,172059,211889,224091,305759,331069,412208,426922,319290,357098,231810,295658,69123,125929,22,25,27322,27715,57185,65244,65382,86383,82809,122747,117638,140498,149858,169381,177310,227892,61573,111971,2595182,1231876,376585,175388,792552,230000,53685,495,425
2021-06-01T23:59:59+02:00,172,156,77171,75924,164497,165476,202510,216350,296643,323175,403991,419081,317780,355485,231269,294918,69011,125702,22,22,25769,26297,52865,62281,60529,83083,77365,118231,110196,133262,138730,155933,175195,225148,61366,111545,2536415,1181570,364924,171272,791793,218210,46775,489,413
2021-05-31T23:59:59+02:00,150,139,74424,73433,158836,161147,195190,210367,289253,316783,398244,414108,316781,354368,230882,294396,68921,125531,22,21,24856,25233,50238,60052,57349,80540,73745,114941,105683,128803,134559,151002,173820,223418,61197,111212,2495934,1159058,355520,168901,791153,207793,40919,488,409
2021-05-30T23:59:59+02:00,139,131,73370,72363,156349,159106,192558,208008,286456,314267,396359,412362,316418,353957,230721,294155,68883,125450,22,21,24250,24445,48642,58306,55601,78676,71494,112365,103020,125928,132400,148467,173027,222481,61103,111001,2480087,1149230,352994,167588,790524,196400,38013,487,398
2021-05-29T23:59:59+02:00,136,129,72761,71770,154834,157703,190257,205979,284617,312680,395522,411592,316195,353712,230640,294076,68872,125431,21,21,23925,23917,47719,56807,54254,76793,69566,109518,100695,123124,129584,145036,172371,221573,61076,110949,2466191,1135573,352833,167521,790461,185852,37987,485,394
2021-05-28T23:59:59+02:00,132,126,71675,70655,152429,155444,186586,202435,281340,309547,393659,409823,315784,353206,230494,293862,68853,125374,21,20,23390,22913,46107,54677,52418,74227,67514,105563,96360,117234,125187,139966,171393,220262,61029,110835,2442346,1112857,351778,167306,790252,171331,37606,483,387
2021-05-27T23:59:59+02:00,121,117,68354,67637,145934,150495,178394,196175,274932,304376,387347,404135,314514,351758,230034,293330,68781,125191,19,19,22063,21230,42851,51621,48535,70407,62944,99540,89992,109712,121245,135329,168578,216551,60855,110520,2397704,1084329,344144,164563,788441,151221,31877,479,378
2021-05-26T23:59:59+02:00,117,114,66198,65451,140979,146403,172286,191108,268176,298704,380606,397444,312989,350141,229539,292630,68677,124978,19,18,21317,20309,41020,49479,46179,67664,59901,95742,85401,104581,116254,129591,164762,211197,60645,110091,2360364,1052289,330927,162980,786617,139727,29152,477,373
2021-05-25T23:59:59+02:00,116,107,64168,63453,136770,142913,167234,186809,261103,292409,375174,392047,311699,348724,229125,291979,68594,124800,19,18,20739,19642,39617,47957,44340,65643,57423,92734,81310,100191,111293,123874,159195,203916,60475,109783,2322739,1020597,323413,159555,784070,130483,27514,473,367
2021-05-24T23:59:59+02:00,114,104,62922,62237,134007,140802,163953,184391,254151,286410,370225,387363,310869,347805,228839,291593,68523,124669,19,18,20394,19230,38593,46880,42995,64154,55736,90722,79070,97665,109857,122212,158585,203125,60362,109580,2298967,1011193,312288,158248,782263,123782,25961,472,359
2021-05-23T23:59:59+02:00,109,103,62424,61719,132906,139902,162755,183354,252907,285385,368634,385933,310246,347146,228666,291365,68503,124633,19,15,20160,19040,38038,46320,42235,63452,54566,89722,77571,96295,108675,120806,157604,201901,60291,109438,2287441,1002969,311700,155164,782219,122179,25829,471,352
2021-05-22T23:59:59+02:00,106,101,61729,61093,131405,138815,160377,181728,249934,283088,366153,383702,309716,346550,228488,291097,68477,124582,18,15,19842,18615,37422,45714,41595,62922,53913,88992,76799,95144,107124,118996,156830,200930,60264,109384,2269413,996251,311683,155159,782180,118741,24357,471,352
2021-05-21T23:59:59+02:00,102,99,60388,59650,128490,136213,157076,178400,244694,278318,360050,378014,308779,345455,228193,290699,68416,124474,18,15,19476,18247,36806,44942,40939,61867,52956,87593,75068,92841,103879,115042,155689,199477,60171,109208,2233282,983191,310037,154831,780600,112137,24069,465,346
2021-05-20T23:59:59+02:00,93,97,57335,56856,122748,131333,150135,172080,234374,269551,351012,369724,306235,342708,227424,289686,68284,124254,17,15,18179,17310,34630,42697,38478,58960,50128,83811,71133,88330,99744,110381,153215,196448,59989,108853,2175209,963803,303364,152869,774640,94459,21172,460,343
2021-05-19T23:59:59+02:00,91,95,55122,54663,117733,126650,142962,165457,223822,260186,340458,358808,303585,339844,226674,288635,68133,123977,17,15,17596,16522,33404,41111,37069,56892,48109,81027,67889,84747,95855,105907,149576,191700,59727,108361,2109216,940340,297106,150885,771658,84937,19350,455,328
2021-05-18T23:59:59+02:00,87,91,53020,52697,112943,122386,136570,159884,212245,249810,330572,349003,300914,336873,225792,287436,67983,123722,17,15,17076,15916,32188,39643,35708,55097,46290,78613,64997,81515,91839,101366,146373,187624,59516,107927,2049293,920037,287722,148018,768065,76277,17369,451,327
2021-05-17T23:59:59+02:00,84,87,51985,51700,110600,120322,133753,157227,205713,243790,322994,341904,299119,334902,225202,286613,67875,123510,17,15,16616,15465,31137,38598,34529,53797,44806,76810,62727,79112,86993,95490,144906,185737,59368,107614,2022446,908293,275403,140543,764636,69573,15307,447,320
2021-05-16T23:59:59+02:00,83,84,51195,51045,109151,118998,132006,155559,202739,241103,315556,334943,298097,333771,224892,286128,67822,123412,17,15,16332,15092,30385,37816,33655,52875,43744,75493,61391,77640,83575,91407,144115,184658,59281,107472,2007079,902174,264966,133778,761387,65433,13555,443,313
2021-05-15T23:59:59+02:00,82,84,50656,50411,108147,118005,130990,154442,200802,239164,311984,331724,297474,333086,224696,285857,67802,123348,17,15,16191,14928,30129,37505,33369,52442,43255,74843,60538,76652,82977,90590,143597,183990,59245,107424,1990848,896918,264945,133631,760517,64297,12843,441,308
2021-05-14T23:59:59+02:00,81,83,49394,48981,105887,115906,127394,150988,192585,232090,305667,325834,296492,331948,224410,285409,67753,123254,17,15,15691,14497,29337,36680,32588,51247,42177,73050,58965,74700,81060,88096,142985,182995,59204,107339,1953533,887222,263242,132749,755970,58860,11791,438,306
2021-05-13T23:59:59+02:00,78,81,47474,47026,102032,112665,122667,146870,182550,223497,295053,316008,293527,328527,223600,284271,67653,123046,15,14,14831,14050,28479,35977,31828,50345,41226,71953,57455,73127,77277,83741,140215,179385,59094,107122,1901886,874648,254595,125689,749738,55008,10773,431,298
2021-05-12T23:59:59+02:00,76,79,46559,46313,100110,111228,120596,145201,179990,221384,290320,310675,292364,327255,223360,283953,67615,122961,15,13,14665,13898,28156,35757,31420,50056,40778,71577,56912,72555,75924,82107,139435,178248,59007,106962,1878752,868871,252429,123890,749246,54736,9973,427,296
2021-05-11T23:59:59+02:00,72,73,44310,44835,96067,108142,114774,140466,166614,210109,278663,299905,288962,323341,222407,282554,67465,122662,15,12,14232,13331,27140,34325,30281,48248,39470,69302,55202,70285,72828,78516,138073,176410,58846,106602,1819848,856536,242696,121198,740727,46873,8489,423,295
2021-05-10T23:59:59+02:00,71,69,43055,43855,93461,106132,111511,137833,158224,203080,270781,292794,286786,320887,221836,281694,67341,122421,15,11,13887,12887,26376,33340,29486,46987,38470,67446,53973,68555,70739,75956,136928,174895,58727,106312,1784247,847643,236650,120143,733748,39674,7515,419,285
2021-05-09T23:59:59+02:00,70,69,41930,43080,90777,104372,108843,136059,153206,199657,265254,287846,285540,319495,221459,281165,67275,122275,15,11,13570,12666,25678,32669,28759,46182,37674,66482,53045,67609,69506,74552,136330,174055,58672,106181,1764879,843055,229548,119162,727744,34893,6528,412,282
2021-05-08T23:59:59+02:00,69,69,41638,42777,89930,103638,107741,135195,151753,198439,262690,285779,285038,318955,221340,280988,67259,122243,15,11,13469,12603,25545,32577,28612,46050,37484,66286,52704,67288,68540,73628,135260,172686,58625,106088,1752803,838423,229035,118412,727519,34112,6511,405,275
2021-05-07T23:59:59+02:00,67,68,40714,42059,87991,102296,104906,132972,147132,194630,256432,280265,283696,317354,220994,280535,67207,122121,15,11,12721,12122,24717,31840,27844,44988,36619,65022,51521,65773,66288,70939,133028,169858,58536,105911,1726979,828715,225825,116136,723395,27324,5563,399,272
2021-05-06T23:59:59+02:00,63,67,38071,40333,83238,98833,98904,128215,136932,186114,239984,265848,278578,311558,219705,278847,67033,121808,15,11,12036,11603,23777,30735,26842,43635,35260,63019,49778,63792,63794,67805,130917,167093,58422,105694,1661384,817591,215917,113021,712481,18947,4654,384,268
2021-05-05T23:59:59+02:00,61,64,36180,39134,79575,96244,94299,124562,129102,179579,225225,251802,272392,304422,218131,276855,66787,121286,15,10,11800,11327,23229,30008,26236,42713,34333,61616,48623,62374,61179,64685,127972,163388,58324,105443,1595145,805252,210832,109449,706434,14978,3586,383,262
2021-05-04T23:59:59+02:00,61,62,35073,38022,76843,93916,90788,121515,123525,174844,214587,241519,266905,297972,216688,275013,66578,120819,15,10,11636,11121,22819,29467,25772,41938,33607,60520,47509,61097,58455,61493,125605,160451,58175,105207,1546046,793320,205705,106808,700342,11830,2932,377,258
2021-05-03T23:59:59+02:00,60,61,34200,36970,74550,92091,87910,119158,119084,171198,207924,235511,263620,294106,215891,273925,66456,120524,15,10,11388,10848,22423,28885,25289,41236,32916,59552,46481,59953,55654,58148,121826,155553,57918,104768,1514257,777419,202590,105093,695401,9071,1280,373,249
2021-05-02T23:59:59+02:00,60,61,33845,36654,73369,91182,86431,118059,116653,169328,204824,232990,262657,293018,215606,273518,66389,120416,15,9,11315,10774,22232,28668,25053,40950,32568,59145,46024,59476,54464,56685,118753,151871,57834,104636,1503625,772373,199791,99525,691522,8169,412,365,238
2021-05-01T23:59:59+02:00,59,61,33526,36274,72605,90387,85357,117016,115180,167961,201736,229959,261965,292191,215395,273238,66378,120377,15,9,11301,10758,22179,28637,24988,40912,32506,59088,45942,59398,54222,56391,118596,151674,57825,104619,1488506,771058,199782,99485,691255,8121,405,364,236
2021-04-30T23:59:59+02:00,56,59,32982,35673,71397,89165,83891,115285,111394,164388,194332,222843,259974,289822,214946,272630,66318,120269,15,9,10978,10562,21814,28359,24710,40485,32178,58525,45477,58763,53325,55226,117644,150488,57770,104500,1455589,767369,199455,97491,690454,5779,203,360,231
2021-04-29T23:59:59+02:00,54,58,31481,34720,68464,87135,80254,112674,106275,160268,181508,211290,252036,280715,213750,271000,66184,119926,15,9,10668,10347,21336,27910,24280,39987,31589,57785,44674,57830,51490,53028,115793,148246,57669,104303,1400639,758516,192169,94817,685076,3459,180,349,228
2021-04-28T23:59:59+02:00,53,57,30246,34107,66594,85821,77771,110849,102848,157409,171811,202101,241179,268112,212468,269315,65988,119600,15,9,10479,10186,21032,27550,23911,39514,31160,57125,43946,57000,49350,50395,113208,145005,57544,104091,1347945,748905,188803,90256,679702,2236,148,343,212
2021-04-27T23:59:59+02:00,50,56,29487,33420,65011,84348,75753,109034,100082,155010,167071,197366,232668,258299,211322,267700,65868,119378,15,9,10354,10074,20749,27257,23674,39183,30798,56622,43254,56311,47340,47852,110566,141566,57425,103891,1313847,739075,186494,86242,671703,1514,146,335,199
2021-04-26T23:59:59+02:00,49,56,29056,33036,63910,83460,74249,107863,97788,153295,158454,189360,228475,253450,210615,266703,65775,119178,15,9,10259,9984,20531,27065,23434,38969,30497,56279,42635,55734,45533,45704,108671,139083,57329,103737,1284879,731102,185051,83135,664973,1132,140,323,194
2021-04-25T23:59:59+02:00,49,55,28803,32795,63130,82930,73181,107123,96054,152061,153059,184485,224141,248565,210025,265921,65709,119055,15,9,10203,9949,20451,26983,23346,38886,30388,56151,42473,55574,45120,45207,107991,138176,57301,103666,1272067,729426,178911,81367,656295,1000,137,319,194
2021-04-24T23:59:59+02:00,49,54,28458,32367,62188,81704,71994,105671,94500,150395,148148,179330,221353,245227,209556,265247,65675,119005,15,9,10189,9929,20410,26940,23291,38819,30307,56064,42322,55438,44876,44897,107739,137879,57280,103638,1247163,728325,178879,80666,655006,957,136,315,192
2021-04-23T23:59:59+02:00,47,54,27708,31743,60621,80187,70193,103650,91908,147747,143353,174930,216795,239672,208901,264259,65612,118890,15,9,10136,9865,20300,26853,23155,38668,30073,55854,41959,55107,44260,44137,106675,136591,57124,103362,1222230,724961,177693,78187,646468,905,133,312,189
2021-04-22T23:59:59+02:00,45,53,27090,31142,59083,78749,67723,101431,87775,144253,135304,167432,207767,228677,206863,261631,65413,118494,14,9,10011,9768,20048,26555,22799,38230,29557,55340,41207,54471,43103,42821,104678,134139,56895,102964,1180682,717465,170234,74277,638126,784,133,305,182
2021-04-21T23:59:59+02:00,45,49,26594,30621,57751,77643,65838,99796,84729,141612,128119,160612,194683,213340,204714,258745,65187,118068,14,9,9879,9681,19814,26304,22510,37904,29199,54886,40653,53933,42252,41802,102482,131343,56640,102548,1129162,710888,167346,70179,631749,709,133,302,175
2021-04-20T23:59:59+02:00,44,48,26166,30150,56579,76495,64158,98209,82174,139039,123028,155535,183208,199880,202286,255609,64950,117637,13,9,9774,9589,19594,26114,22215,37630,28786,54466,40111,53402,41432,40866,100257,128347,56301,102013,1086479,703298,163857,66927,624966,628,131,300,166
2021-04-19T23:59:59+02:00,44,47,25799,29791,55605,75678,62870,97031,80038,137115,119498,152141,177443,193040,200577,253378,64765,117307,13,9,9666,9495,19362,25892,21967,37355,28469,54072,39596,52869,40636,39959,97146,124351,55895,101298,1061899,692891,162022,64505,618359,590,130,291,164
2021-04-18T23:59:59+02:00,43,42,25490,29528,54835,75129,61744,96082,78177,135685,116131,149743,172328,187479,199561,252149,64653,117115,13,9,9592,9420,19172,25714,21789,37188,28254,53792,39336,52619,40307,39576,95934,122798,55711,100997,1047879,689009,160354,62575,607788,575,130,287,161
2021-04-17T23:59:59+02:00,42,41,25379,29434,54463,74929,61225,95728,77522,135084,115281,149001,168073,182596,199028,251423,64619,117052,13,9,9547,9361,19033,25525,21601,36959,28026,53516,39071,52351,40003,39250,95167,121870,55646,100913,1036987,684977,160325,62259,603715,564,130,286,160
2021-04-16T23:59:59+02:00,42,41,25004,29184,53470,74318,59935,94848,75892,133753,111129,144858,160426,173831,197369,249221,64511,116844,13,9,9341,9186,18639,25090,21012,36382,26914,52609,37042,50745,36675,36289,91967,118342,55244,100260,1011060,669840,159531,55325,594191,534,129,284,157
2021-04-15T23:59:59+02:00,40,37,24527,28735,52212,73148,57970,93124,72611,130909,105661,139581,152563,164854,192715,243351,64215,116228,13,9,9166,9022,18267,24665,20518,35718,26236,51809,35652,49512,34561,34237,88841,114598,54735,99403,978851,656692,157474,49732,576259,484,128,279,150
2021-04-14T23:59:59+02:00,38,34,24188,28408,51272,72210,56626,91735,70225,128746,101661,135807,143364,154467,184974,233471,63874,115562,13,9,8756,8749,17789,24156,19980,35065,25323,50932,34363,48391,32510,32077,85860,110941,54241,98540,940956,641744,154804,45504,561011,394,127,268,149
2021-04-13T23:59:59+02:00,38,34,23946,28188,50573,71675,55672,90901,68585,127330,97933,132363,131531,141338,178578,225147,63536,114973,13,9,8519,8574,17438,23743,19550,34520,24654,50138,33288,47369,31126,30711,83696,108536,53880,97995,907657,632322,150285,41113,544507,272,127,264,147
2021-04-12T23:59:59+02:00,38,33,23737,27998,50017,71162,54803,90164,67111,126038,95298,130041,124411,133304,175351,221198,63265,114482,13,9,8282,8384,17070,23442,19178,34082,24181,49601,32623,46741,29592,29167,82032,106598,53554,97474,891230,623854,148741,37858,528595,259,125,255,144
2021-04-11T23:59:59+02:00,37,33,23563,27834,49486,70740,54064,89708,65962,125230,93435,128559,118924,127278,171437,216596,63095,114185,13,9,8146,8250,16770,23163,18859,33765,23823,49219,32178,46355,28953,28499,81014,105350,53345,97155,883728,618550,144336,36027,512228,245,119,246,140
2021-04-10T23:59:59+02:00,37,33,23501,27777,49319,70602,53860,89547,65630,124958,92909,128120,116840,124746,169997,214745,63053,114086,13,9,7557,7643,15877,22376,17899,32924,22702,48185,31065,45358,28290,27787,78917,102741,53077,96719,876719,603204,143479,35648,509694,241,112,244,140
2021-04-09T23:59:59+02:00,36,33,23253,27527,48814,70110,53210,88854,64631,123829,91081,126211,108006,113796,166618,210336,62853,113728,12,9,6596,6741,14344,21050,16178,31365,20559,46215,28850,43346,26508,25960,75406,98555,52533,95879,857257,575703,136422,34131,499386,229,100,238,138
2021-04-08T23:59:59+02:00,36,33,22955,27280,48234,69617,52453,88155,63319,122743,88655,124041,97685,101789,161071,203486,62523,113159,12,9,5951,6152,13148,20030,14914,30025,18919,44499,26358,41014,23483,22983,70737,92752,51377,94112,838540,544043,127526,32193,481315,202,90,235,134
2021-04-07T23:59:59+02:00,34,32,22640,27051,47424,69154,51516,87535,61922,121753,85501,121590,88480,91487,154058,194699,62229,112602,12,9,5570,5828,12486,19351,14096,29195,17879,43449,24449,39119,20942,20457,66766,87970,50379,92493,818078,520528,121922,29714,459863,177,81,224,130
2021-04-06T23:59:59+02:00,33,32,22427,26892,46892,68770,50925,87006,60888,120975,83388,119845,80712,82673,147682,186733,61884,111976,12,9,5373,5669,12132,18989,13741,28762,17343,42884,23589,38304,19812,19426,63598,83860,49455,91102,798766,507122,118710,26750,442419,165,75,216,128
2021-04-05T23:59:59+02:00,33,31,22327,26767,46579,68421,50533,86605,60336,120281,82205,118692,76231,77579,142702,180647,61683,111660,12,9,5233,5530,11871,18735,13446,28446,17022,42507,23141,37843,19350,18956,60704,80298,48757,90036,789320,497762,116958,23955,427205,160,69,207,128
2021-04-04T23:59:59+02:00,33,31,22278,26705,46456,68147,50361,86290,60055,119779,81693,118060,74786,75866,142000,179674,61646,111578,12,9,5227,5521,11852,18720,13434,28429,17003,42490,23042,37771,18944,18635,59264,78445,48550,89724,786768,492957,116847,23950,422005,153,63,202,126
2021-04-03T23:59:59+02:00,33,31,22216,26624,46332,68038,50197,86114,59740,119466,81125,117482,73440,74230,140886,178138,61563,111430,12,9,5216,5512,11839,18701,13412,28409,16970,42443,22936,37696,18808,18484,58911,77879,48461,89577,780405,491163,116805,23950,420057,151,62,201,126
2021-04-02T23:59:59+02:00,33,31,22138,26538,46169,67869,49974,85864,59269,119011,80243,116669,71883,72345,138607,175156,61369,111070,12,9,5195,5475,11791,18657,13357,28327,16881,42294,22662,37220,18452,18121,56572,74992,47648,88476,771277,482676,115024,23308,418123,151,58,198,123
2021-04-01T23:59:59+02:00,30,30,21943,26334,45754,67349,49329,85120,58394,118072,78359,114999,68619,68915,134518,169978,61053,110499,12,9,5048,5331,11515,18392,13132,28090,16559,41986,22157,36777,17623,17369,51708,68938,45957,86001,759622,464532,108933,21935,410931,138,53,193,119
2021-03-31T23:59:59+02:00,29,30,21614,26115,45352,66821,48827,84469,57662,117132,77199,113759,66569,66591,129759,163859,60648,109775,11,9,4970,5278,11415,18269,12968,27937,16320,41717,21563,36260,16487,16464,46473,62508,44570,84007,749844,446106,101759,20996,404804,135,46,191,116
2021-03-30T23:59:59+02:00,29,29,21437,25891,44949,66202,48319,83668,56950,116080,76059,112380,64724,64569,125379,158108,60181,108877,11,9,4903,5192,11310,18142,12774,27746,15989,41393,20988,35714,15653,15662,43708,59093,43458,82208,739649,434234,97533,19629,396859,108,39,183,113
2021-03-29T23:59:59+02:00,28,29,21239,25652,44486,65650,47838,82976,56214,114998,74822,110944,62231,61818,118644,149492,59413,107486,11,9,4805,5120,11203,18025,12619,27581,15742,41069,20525,35245,15002,15120,41103,56097,42350,80378,719111,422990,94113,18944,390947,91,37,182,111
2021-03-28T23:59:59+02:00,28,29,21033,25360,43986,64957,47321,82231,55533,113990,73872,109833,60973,60381,113936,143525,58969,106728,11,9,4748,5059,11057,17874,12359,27281,15549,40823,20357,35011,14763,14873,40027,54686,41998,79837,712560,418663,86805,17618,383530,70,37,178,103
2021-03-27T23:59:59+01:00,28,29,20912,25201,43692,64593,46956,81702,55028,113302,73196,109096,59818,59295,112448,141816,58902,106646,11,9,4734,5047,11030,17854,12341,27251,15187,40392,19957,34573,14471,14663,39542,53999,41526,79020,707283,414607,86101,16966,379485,65,37,175,101
2021-03-26T23:59:59+01:00,28,28,20660,24689,42884,62887,45982,79677,53692,110280,71181,105479,57805,57406,109697,138584,58574,106128,9,9,4714,5014,11006,17802,12270,27158,15108,40282,19615,33978,14000,14009,36458,50146,39467,75762,695876,400042,82784,16747,367210,51,34,171,101
2021-03-25T23:59:59+01:00,28,25,20228,24016,42008,61120,44885,77125,52181,106747,68790,101715,55207,54768,106383,134616,58003,105134,9,9,4668,4958,10915,17699,12148,27014,14923,40064,19336,33671,13522,13515,32611,45090,36464,71209,684437,381659,78582,16154,350173,46,31,166,98
2021-03-24T23:59:59+01:00,28,25,19824,23565,41221,59845,43863,75583,50795,104819,66686,99382,52423,51850,102133,129524,57364,104057,9,9,4613,4891,10821,17557,11981,26811,14693,39776,18969,33251,13062,13068,30038,41874,33346,66369,671623,366082,73700,15056,337880,40,27,163,95
2021-03-23T23:59:59+01:00,28,25,19577,23263,40661,58922,43134,74484,49754,103304,65015,97518,50125,49509,99382,126313,56806,103219,9,9,4553,4819,10721,17430,11834,26626,14447,39462,18552,32861,12561,12561,27598,38760,29645,60435,663461,348419,70358,14467,327438,37,25,161,95
2021-03-22T23:59:59+01:00,28,25,19352,22844,40014,58036,42465,73443,48808,101917,63540,95885,48295,47619,96987,123574,56337,102453,6,8,4496,4773,10633,17312,11702,26448,14288,39223,18310,32558,12244,12187,25754,36394,25641,53955,657138,332030,67554,13910,317145,32,25,159,93
2021-03-21T23:59:59+01:00,28,25,19213,22585,39516,57278,41909,72594,48153,100760,62595,94650,47247,46593,95345,121721,55965,101875,6,8,4480,4764,10596,17264,11653,26361,14227,39135,18229,32457,12123,12051,25324,35946,25287,53395,654537,329824,65523,13497,308205,32,22,158,88
2021-03-20T23:59:59+01:00,27,25,19152,22441,39304,56783,41669,72034,47839,100125,62154,94049,46590,45826,92749,118493,55677,101391,6,8,4471,4755,10586,17251,11625,26343,14184,39100,18148,32382,11969,11891,24683,35174,24522,52313,648067,326117,65073,13309,303397,32,22,157,88
2021-03-19T23:59:59+01:00,26,24,18796,21875,38172,54658,40385,70038,46104,98037,59272,91292,42151,41953,87528,112736,54976,100315,6,8,4450,4740,10553,17201,11560,26232,14092,38926,17911,32082,11616,11610,23003,33110,22838,49745,630309,316758,57862,12945,290375,28,21,153,87
2021-03-18T23:59:59+01:00,26,23,18402,21225,36992,52503,38848,67248,43948,93562,55423,85495,38117,38147,82796,107259,53887,98660,6,8,4430,4711,10487,17098,11481,26076,13947,38738,17697,31880,11382,11427,21757,31588,21123,47145,613363,308670,52126,12332,267272,26,20,151,85
2021-03-17T23:59:59+01:00,26,22,17973,20872,36262,51580,38079,66290,42868,92204,53633,83673,35438,35355,78783,102435,52947,97189,5,8,4407,4683,10424,17001,11406,25942,13834,38549,17501,31687,11144,11201,20503,30170,19533,44739,596680,301144,47728,11620,261416,24,18,148,81
2021-03-16T23:59:59+01:00,25,22,17613,20452,35510,50509,37263,65092,41769,90530,51792,81686,33229,33336,74746,97470,52064,95877,5,6,4357,4631,10351,16871,11316,25789,13734,38311,17368,31445,10965,11018,19222,28645,18052,42412,583387,293344,43038,11185,252753,24,15,145,79
2021-03-15T23:59:59+01:00,25,22,17332,20087,34796,49524,36469,63899,40862,89050,50531,80084,31505,31502,71454,93375,51368,94745,5,6,4335,4596,10284,16748,11250,25588,13617,38023,17219,31172,10798,10859,18491,27678,16786,40550,572246,287513,39709,10535,244876,24,4,140,76
2021-03-14T23:59:59+01:00,25,21,17061,19660,33941,48315,35566,62582,39800,87223,49274,78354,30336,30260,69457,90813,50926,94068,5,6,4311,4577,10239,16670,11194,25446,13557,37801,17128,31010,10726,10773,18312,27398,16524,39988,565124,286316,37829,9404,234932,15,1,136,76
2021-03-13T23:59:59+01:00,25,21,16241,18597,32440,46272,33989,60441,37761,84145,47136,75794,28982,28903,67438,88188,50658,93679,5,6,4311,4576,10237,16664,11189,25437,13548,37793,17120,31001,10692,10742,17563,26511,15476,38534,548767,282057,37545,9403,224580,14,1,136,75
2021-03-12T23:59:59+01:00,24,20,15140,17221,29995,43620,31321,57298,34894,79290,43921,71326,26141,25714,63129,82885,49673,92277,5,5,4298,4542,10218,16602,11171,25384,13503,37674,17030,30871,10414,10514,16671,25262,14405,37006,520701,276240,36234,9391,207126,11,1,133,74
2021-03-11T23:59:59+01:00,23,20,14097,15758,27735,40924,28996,54113,32300,74897,40161,66434,22732,22235,57111,75568,47746,89450,5,5,4256,4501,10138,16483,11057,25157,13385,37364,16865,30565,10110,10301,16039,24416,13737,35728,488616,272229,34645,7948,187192,9,1,126,67
2021-03-10T23:59:59+01:00,23,20,13503,15057,26323,39308,27341,52287,30734,72575,37638,63307,19976,19674,51193,68427,46194,87112,5,5,4219,4457,10039,16316,10936,24905,13237,36944,16666,30191,9868,10115,15297,23643,13078,34702,462158,267487,32599,7203,176086,6,1,124,65
2021-03-09T23:59:59+01:00,22,19,13219,14591,25198,38265,25924,51102,29668,70920,36257,61473,18791,18551,47683,63977,45072,85323,5,5,4194,4431,9954,16149,10832,24645,13083,36627,16488,29954,9742,10011,14632,22804,12579,33927,448549,263768,30056,6365,167588,6,1,124,60
2021-03-08T23:59:59+01:00,21,19,12888,13980,24117,37150,24653,49965,28731,69437,35016,59852,17719,17668,43563,58998,43845,83337,5,5,4179,4395,9892,15951,10729,24382,12949,36269,16357,29689,9658,9927,14136,22197,12263,33484,433092,260569,28046,5972,159957,2,1,121,59
2021-03-07T23:59:59+01:00,21,19,12654,13684,23521,36296,23954,49088,28127,68567,34404,59091,17454,17414,42496,57546,43480,82777,5,5,4167,4382,9869,15909,10702,24308,12918,36099,16300,29575,9636,9898,13937,21941,12128,33279,428319,259505,26229,5628,156182,0,1,115,59
2021-03-06T23:59:59+01:00,20,19,12540,13392,23117,35560,23418,48296,27077,67033,33303,57326,17067,17084,41850,56655,43180,82309,5,5,4164,4368,9857,15882,10684,24274,12908,36058,16282,29544,9618,9857,13890,21903,12025,33068,424244,259125,26165,5344,148973,0,1,113,57
2021-03-05T23:59:59+01:00,20,19,12126,12789,22433,34356,22732,47066,26321,65399,32068,54908,16417,16248,38390,52356,41029,78869,5,5,4137,4321,9787,15781,10634,24126,12840,35863,16195,29338,9523,9787,13705,21692,11653,32455,409059,257429,24711,4496,139905,0,1,113,55
2021-03-04T23:59:59+01:00,18,19,11366,11775,21245,32629,21517,45016,24964,62747,30373,52551,15687,15528,34384,47190,37950,74185,5,5,4087,4230,9673,15487,10531,23768,12707,35328,16050,28936,9344,9632,13547,21482,11568,32309,390608,254365,22633,4402,126029,0,1,112,52
2021-03-03T23:59:59+01:00,16,19,11055,11278,20557,31411,20742,43652,24052,60995,29327,50911,15207,15023,31768,43868,34860,69415,5,5,4045,4165,9593,15316,10450,23514,12600,34905,15869,28588,9159,9505,13421,21262,11423,32037,375148,251709,21837,4234,117294,0,1,108,46
2021-03-02T23:59:59+01:00,16,19,10794,10850,19911,30437,20029,42631,23264,59605,28353,49634,14579,14373,29097,40505,30965,63199,5,5,3997,4093,9530,15149,10380,23249,12495,34473,15767,28279,9032,9402,13281,21071,11346,31892,356950,249296,20328,4230,111102,0,0,106,46
2021-03-01T23:59:59+01:00,14,18,10622,10590,19397,29631,19467,41748,22673,58534,27638,48509,14156,13918,27023,37922,26695,56299,5,5,3981,4043,9475,14994,10316,22949,12412,34098,15658,27956,8948,9340,13098,20802,11230,31709,339693,246867,19212,4230,106065,0,0,104,46
2021-02-28T23:59:59+01:00,13,18,10451,10387,18926,28980,18930,41007,22190,57677,27146,47713,13947,13675,26417,37265,26290,55696,5,5,3965,4029,9449,14961,10297,22897,12395,34028,15631,27908,8921,9316,12967,20623,11166,31560,337224,246011,18350,4192,101267,0,0,104,44
2021-02-27T23:59:59+01:00,13,17,10272,9872,18597,28116,18672,40218,21907,56695,26821,46926,13675,13376,25748,36464,25367,54279,5,5,3951,4017,9427,14940,10265,22850,12356,33946,15584,27834,8900,9300,12947,20600,11144,31540,333319,245648,17628,4043,96197,0,0,104,44
2021-02-26T23:59:59+01:00,12,16,9475,9089,17699,26678,17891,38012,20975,53847,25359,44106,13208,12976,24156,34474,23838,51971,5,5,3870,3948,9349,14780,10191,22594,12276,33580,15467,27541,8821,9220,12881,20533,11104,31470,324183,243746,17373,3969,82329,0,0,103,43
2021-02-25T23:59:59+01:00,12,16,8319,8237,16378,25070,16626,35762,19739,50965,23650,41325,12730,12575,22878,32884,22340,49689,5,5,3746,3802,9183,14463,9970,21988,12019,32723,15139,26886,8624,9069,12620,20208,10964,31201,316561,239589,16600,3107,66131,0,0,98,41
2021-02-24T23:59:59+01:00,11,15,7954,7713,15724,24038,16001,34526,19024,49453,22860,40126,12336,12239,21571,31389,20665,47062,4,5,3672,3733,9040,14171,9792,21532,11815,32094,14876,26351,8482,8931,12477,20035,10899,30989,308333,236806,15633,2172,58835,0,0,98,40
2021-02-23T23:59:59+01:00,11,15,7470,7234,14911,22862,15315,33311,18301,48044,22140,39055,12022,11914,20231,29817,19055,44510,4,5,3630,3656,8920,13967,9651,21134,11627,31515,14574,25847,8312,8786,12349,19824,10827,30752,300215,233954,14833,1506,51259,0,0,97,39
2021-02-22T23:59:59+01:00,10,13,7363,7028,14529,22246,14963,32585,17834,47035,21645,38322,11820,11664,19482,28805,17736,42556,4,5,3600,3554,8782,13676,9489,20632,11372,30769,14204,25249,8064,8591,12149,19569,10721,30442,294334,230632,14226,318,47161,0,0,94,39
2021-02-21T23:59:59+01:00,10,13,7273,6902,14204,21799,14544,32003,17418,46385,21207,37827,11713,11562,19320,28591,17488,42222,4,5,3560,3514,8698,13552,9408,20414,11300,30477,14081,24977,8004,8530,12091,19458,10650,30278,293184,228777,13856,301,43524,0,0,92,38
2021-02-20T23:59:59+01:00,10,13,7156,6852,14077,21719,14426,31867,17299,46233,21047,37644,11613,11478,18537,27673,16429,40752,4,5,3558,3507,8687,13544,9398,20393,11285,30452,14066,24966,7999,8521,12026,19394,10596,30209,288918,228388,13659,300,42329,0,0,91,37
2021-02-19T23:59:59+01:00,8,12,6854,6599,13724,21281,14054,31198,16826,45437,20341,36772,11007,11076,17488,26345,15273,39143,4,5,3478,3482,8611,13515,9355,20334,11247,30359,14007,24872,7957,8461,11806,19122,10403,29879,282530,226678,13282,298,37704,0,0,89,36
2021-02-18T23:59:59+01:00,8,12,6457,6126,13097,20137,13413,29826,16010,43568,19465,35192,10776,10859,16896,25592,14696,38259,4,5,3291,3345,8277,12976,9059,19582,10896,29315,13636,24042,7750,8152,11217,18168,9906,28722,278946,218124,12704,298,28816,0,0,86,35
2021-02-17T23:59:59+01:00,8,11,6291,5783,12652,19259,12921,28638,15310,41847,18817,33867,10545,10605,16140,24778,13920,37075,3,5,3041,3184,7936,12459,8759,18792,10529,28268,13250,23191,7516,7914,10661,17315,9469,27906,274283,209979,11972,294,22287,0,0,82,35
2021-02-16T23:59:59+01:00,8,11,5965,5481,12115,18426,12419,27566,14765,40472,18223,32834,10388,10501,15473,23949,13412,36294,3,5,2859,3064,7631,12004,8453,18068,10132,27175,12789,22291,7244,7618,9945,16141,8739,26353,270761,200453,11475,138,16144,0,0,77,32
2021-02-15T23:59:59+01:00,8,11,5859,5298,11818,17782,12152,26783,14416,39478,17874,32064,10259,10389,14915,23296,13051,35757,3,5,2770,2984,7439,11681,8236,17560,9830,26327,12437,21609,6974,7332,9248,15083,8227,25072,267659,192802,10872,92,12761,0,0,72,31
2021-02-14T23:59:59+01:00,8,11,5591,5183,11570,17511,11929,26350,14184,39032,17683,31787,10213,10337,14680,22956,12887,35364,3,5,2719,2946,7324,11514,8108,17352,9653,25994,12258,21306,6877,7206,9024,14700,8040,24536,266656,189554,9936,90,10766,0,0,70,28
2021-02-13T23:59:59+01:00,8,11,5531,5145,11519,17474,11898,26318,14155,38999,17663,31768,10199,10309,14653,22923,12873,35346,3,5,2715,2943,7319,11506,8096,17330,9636,25959,12230,21262,6845,7171,8868,14487,7687,23904,266409,188040,9932,8,10534,0,0,69,24
2021-02-12T23:59:59+01:00,8,10,5014,4828,10950,17111,11581,25768,13836,38358,17332,31129,10088,10202,14470,22710,12792,35238,3,5,2664,2910,7223,11348,7995,17098,9488,25567,12016,20815,6662,6935,8504,13924,7094,22557,264719,182886,9920,6,6868,0,0,68,22
2021-02-11T23:59:59+01:00,8,10,4553,4528,10364,16429,11168,24959,13358,37097,16844,30272,9772,9939,14190,22263,12511,34551,3,5,2495,2635,6624,10153,7304,15362,8626,22949,10958,18730,6008,6219,7454,12308,6276,20240,261487,164427,8277,3,3133,0,0,66,15
2021-02-10T23:59:59+01:00,8,10,4304,4361,10030,15981,10858,24421,13045,36213,16430,29522,9553,9801,14007,22057,12419,34343,3,5,2132,2342,5686,8686,6493,13314,7641,20039,9828,16687,5464,5631,6465,10645,5503,18186,258830,144829,7775,2,840,0,0,60,3
2021-02-09T23:59:59+01:00,8,9,4241,4263,9906,15713,10749,24017,12871,35595,16216,29050,9374,9660,13811,21844,12276,34120,3,5,1736,1989,4902,7416,5718,11513,6722,17520,8743,14689,4888,5002,5415,9080,4768,16066,256379,126245,6993,1,434,0,0,58,2
2021-02-08T23:59:59+01:00,8,9,4207,4209,9812,15503,10640,23655,12750,35137,16071,28690,9279,9593,13608,21559,12169,33923,3,5,1571,1792,4339,6420,5053,9934,5907,14992,7726,12829,4334,4471,4440,7486,4005,13978,253999,109349,6478,1,428,0,0,54,2
2021-02-07T23:59:59+01:00,8,9,4042,4142,9655,15369,10538,23490,12669,34875,15958,28497,9238,9547,13464,21378,12094,33779,3,5,1357,1546,3919,5746,4634,9053,5478,13828,7238,11866,4080,4211,4208,7090,3844,13378,252904,101546,5933,1,0,0,0,50,1
2021-02-06T23:59:59+01:00,8,9,4032,4133,9644,15353,10525,23455,12647,34825,15939,28440,9219,9534,13446,21343,11988,33583,3,5,1204,1351,3686,5442,4449,8628,5259,13244,6958,11309,3945,4076,4081,6941,3566,12922,252559,97128,5649,1,0,0,0,50,0
2021-02-05T23:59:59+01:00,8,8,3959,4064,9572,15210,10459,23205,12562,34458,15825,28156,9135,9461,13374,21271,11639,32988,3,4,1063,1120,3404,4996,4190,8044,4944,12465,6574,10581,3689,3830,3921,6709,3056,12031,250680,90680,4757,0,0,0,0,50,0
2021-02-04T23:59:59+01:00,8,8,3901,3939,9451,14894,10281,22657,12373,33662,15611,27592,9013,9350,13149,20976,11525,32781,3,2,800,787,2578,3742,3255,6298,3991,9917,5250,8363,3013,3116,3304,5723,2667,10536,246722,73387,4532,0,0,0,0,49,0
2021-02-03T23:59:59+01:00,8,8,3831,3866,9348,14674,10178,22320,12240,33153,15463,27176,8902,9235,13009,20800,11449,32614,3,2,664,618,1946,2822,2517,4864,3015,7616,4020,6305,2198,2242,2410,4232,1933,7887,243999,55325,4359,0,0,0,0,48,0
2021-02-02T23:59:59+01:00,8,8,3764,3770,9249,14478,10078,21941,12099,32589,15260,26726,8774,9119,12886,20592,11366,32349,2,2,528,488,1477,2088,1925,3656,2269,5793,3002,4718,1559,1543,1647,2789,1347,5245,240785,40099,4356,0,0,0,0,45,0
2021-02-01T23:59:59+01:00,7,8,3724,3678,9170,14247,9971,21556,11961,31953,15075,26223,8654,8971,12777,20447,11317,32171,1,0,393,354,1031,1440,1269,2440,1480,3794,1868,2992,990,983,976,1703,772,3032,237639,25530,4356,0,0,0,0,43,0
2021-01-31T23:59:59+01:00,7,8,3704,3642,9116,14138,9899,21350,11893,31656,14972,26028,8598,8912,12725,20334,11272,32042,1,0,362,333,907,1250,1079,2065,1278,3240,1634,2622,892,892,874,1519,701,2724,236142,22383,4239,0,0,0,0,41,0
2021-01-30T23:59:59+01:00,7,8,3703,3639,9105,14124,9885,21326,11880,31636,14960,26014,8594,8907,12656,20265,11206,31964,1,0,346,309,846,1166,1022,1941,1214,3050,1559,2487,864,866,855,1479,686,2671,235818,21371,4146,0,0,0,0,41,0
2021-01-29T23:59:59+01:00,7,8,3642,3622,9044,14095,9856,21274,11848,31560,14911,25947,8570,8884,12470,20042,11024,31720,1,0,279,226,724,992,877,1579,1059,2661,1347,2160,774,775,807,1425,668,2618,234592,18979,4017,0,0,0,0,40,0
2021-01-28T23:59:59+01:00,7,7,3524,3535,8840,13707,9636,20763,11616,30978,14584,25450,8433,8781,12037,19425,10669,31142,1,0,132,59,305,368,383,619,467,1157,614,971,407,428,473,822,383,1587,229808,9179,3413,0,0,0,0,38,0
2021-01-27T23:59:59+01:00,7,7,3292,3397,8547,13288,9336,20140,11232,30144,14198,24714,8216,8567,11487,18619,10246,30378,1,0,81,35,212,229,249,422,310,807,437,670,309,312,351,613,288,1165,223095,6493,2801,0,0,0,0,38,0
2021-01-26T23:59:59+01:00,6,7,3127,3299,8263,12947,9073,19571,10927,29390,13802,24081,7976,8343,10910,17704,9599,29226,1,0,75,31,197,219,233,388,294,754,406,608,294,286,323,549,261,1035,216377,5956,1958,0,0,0,0,34,0
2021-01-25T23:59:59+01:00,5,7,3039,3204,7979,12464,8783,18867,10541,28385,13322,23315,7694,8142,10293,16886,9143,28325,1,0,67,23,173,196,199,329,254,633,354,503,256,241,269,471,212,848,210064,5031,414,0,0,0,0,32,0
2021-01-24T23:59:59+01:00,5,7,2995,3183,7894,12384,8709,18740,10432,28225,13192,23132,7651,8104,10226,16773,9095,28230,1,0,66,22,168,192,196,315,251,611,345,489,247,237,267,464,208,833,208752,4914,310,0,0,0,0,30,0
2021-01-23T23:59:59+01:00,5,7,2994,3182,7892,12380,8704,18729,10429,28211,13186,23127,7643,8101,10101,16607,8766,27643,1,0,65,21,168,191,196,313,249,610,343,489,247,237,267,464,208,831,207489,4902,306,0,0,0,0,27,0
2021-01-22T23:59:59+01:00,5,7,2931,3136,7768,12266,8620,18586,10319,28038,13104,23012,7612,8064,9902,16303,8248,26618,1,0,65,20,167,190,196,313,249,610,342,489,247,237,267,464,208,831,204328,4898,304,0,0,0,0,22,0
2021-01-21T23:59:59+01:00,5,7,2845,2966,7268,11352,8136,17438,9782,26412,12497,21802,7328,7739,9269,15368,7734,25574,1,0,59,18,150,176,178,281,223,535,305,447,223,210,234,380,175,693,193309,4290,304,0,0,0,0,17,0
2021-01-20T23:59:59+01:00,5,7,2485,2622,6384,9941,7387,15478,8832,23586,11388,19729,6726,7088,8171,13600,6922,23353,1,0,57,18,148,171,175,279,214,521,292,425,211,203,228,355,161,655,173485,4116,300,0,0,0,0,15,0
2021-01-19T23:59:59+01:00,5,7,2046,2267,5482,8551,6523,13584,7811,20801,10118,17493,5975,6209,6796,11424,5902,20329,0,0,41,12,98,126,119,171,150,357,192,296,134,115,141,238,113,489,151175,2793,218,0,0,0,0,14,0
2021-01-18T23:59:59+01:00,4,7,1774,1978,4726,7167,5569,11349,6612,17209,8693,14779,5087,5331,5412,9172,4833,16853,0,0,22,7,39,47,54,79,66,163,76,147,60,54,66,131,61,221,126525,1294,94,0,0,0,0,14,0
2021-01-17T23:59:59+01:00,3,7,1499,1691,4211,6374,5061,10217,6076,15643,8052,13518,4750,4985,5037,8497,4506,15852,0,0,8,2,9,15,16,29,20,50,29,57,24,23,20,31,13,47,115947,393,89,0,0,0,0,13,0
2021-01-16T23:59:59+01:00,3,6,1333,1488,3994,6052,4881,9777,5816,14980,7722,12824,4558,4756,4822,8221,4153,15249,0,0,0,0,0,1,1,2,1,1,1,2,0,1,1,0,0,1,110679,12,9,0,0,0,0,13,0
2021-01-15T23:59:59+01:00,3,6,1183,1261,3738,5630,4625,9209,5526,14141,7316,12024,4267,4459,4632,7912,3616,14204,0,0,0,0,0,0,0,0,0,0,0,0,0,0,0,0,0,0,103797,0,4,0,0,0,0,13,0
2021-01-14T23:59:59+01:00,3,4,910,948,2990,4442,3758,7393,4582,11395,5920,9677,3466,3587,3890,6681,3133,12399,0,0,0,0,0,0,0,0,0,0,0,0,0,0,0,0,0,0,85214,0,0,0,0,0,0,13,0
2021-01-13T23:59:59+01:00,3,3,775,793,2517,3706,3172,6165,3810,9446,4827,7793,2596,2672,2932,5092,2399,9481,0,0,0,0,0,0,0,0,0,0,0,0,0,0,0,0,0,0,68211,0,0,0,0,0,0,12,0
2021-01-12T23:59:59+01:00,2,3,642,661,2108,3039,2614,5010,3050,7601,3806,6121,1865,1851,2006,3453,1700,6479,0,0,0,0,0,0,0,0,0,0,0,0,0,0,0,0,0,0,52046,0,0,0,0,0,0,0,0
2021-01-11T23:59:59+01:00,1,1,497,525,1756,2461,2093,4005,2363,5778,2830,4443,1202,1144,1202,2036,938,3690,0,0,0,0,0,0,0,0,0,0,0,0,0,0,0,0,0,0,36990,0,0,0,0,0,0,0,0
2021-01-10T23:59:59+01:00,1,1,439,456,1494,2034,1750,3278,1953,4793,2351,3724,1061,1018,1058,1788,837,3237,0,0,0,0,0,0,0,0,0,0,0,0,0,0,0,0,0,0,31289,0,0,0,0,0,0,0,0
2021-01-09T23:59:59+01:00,1,1,408,411,1369,1857,1604,2987,1800,4345,2166,3394,988,949,1003,1735,819,3194,0,0,0,0,0,0,0,0,0,0,0,0,0,0,0,0,0,0,29045,0,0,0,0,0,0,0,0
2021-01-08T23:59:59+01:00,1,1,311,282,1118,1511,1324,2316,1479,3564,1794,2775,852,841,915,1611,771,3037,0,0,0,0,0,0,0,0,0,0,0,0,0,0,0,0,0,0,24514,0,0,0,0,0,0,0,0
2021-01-07T23:59:59+01:00,1,0,146,77,408,513,487,799,597,1376,783,1211,466,486,564,972,468,1917,0,0,0,0,0,0,0,0,0,0,0,0,0,0,0,0,0,0,11274,0,0,0,0,0,0,0,0
2021-01-06T23:59:59+01:00,1,0,112,45,279,292,314,523,402,935,535,833,360,364,427,754,361,1450,0,0,0,0,0,0,0,0,0,0,0,0,0,0,0,0,0,0,7990,0,0,0,0,0,0,0,0
2021-01-05T23:59:59+01:00,1,0,87,33,199,237,247,435,324,825,451,711,344,348,410,722,354,1396,0,0,0,0,0,0,0,0,0,0,0,0,0,0,0,0,0,0,7127,0,0,0,0,0,0,0,0
2021-01-04T23:59:59+01:00,1,0,69,27,179,198,205,341,260,641,357,521,269,255,291,525,237,940,0,0,0,0,0,0,0,0,0,0,0,0,0,0,0,0,0,0,5318,0,0,0,0,0,0,0,0
2021-01-03T23:59:59+01:00,1,0,67,23,171,192,200,325,258,624,348,503,261,253,287,512,235,923,0,0,0,0,0,0,0,0,0,0,0,0,0,0,0,0,0,0,5185,0,0,0,0,0,0,0,0
2021-01-02T23:59:59+01:00,1,0,67,22,171,192,200,324,254,624,345,503,261,253,287,512,235,922,0,0,0,0,0,0,0,0,0,0,0,0,0,0,0,0,0,0,5175,0,0,0,0,0,0,0,0
2021-01-01T23:59:59+01:00,1,0,66,21,170,192,200,322,253,624,342,501,261,253,287,510,235,922,0,0,0,0,0,0,0,0,0,0,0,0,0,0,0,0,0,0,5162,0,0,0,0,0,0,0,0
2020-12-31T23:59:59+01:00,1,0,66,21,169,190,200,321,251,623,341,500,261,253,287,510,235,922,0,0,0,0,0,0,0,0,0,0,0,0,0,0,0,0,0,0,5153,0,0,0,0,0,0,0,0
2020-12-30T23:59:59+01:00,1,0,65,21,168,189,198,318,250,621,340,498,261,253,287,510,234,922,0,0,0,0,0,0,0,0,0,0,0,0,0,0,0,0,0,0,5138,0,0,0,0,0,0,0,0
2020-12-29T23:59:59+01:00,1,0,46,13,119,142,148,213,182,446,239,383,179,165,199,381,173,720,0,0,0,0,0,0,0,0,0,0,0,0,0,0,0,0,0,0,3750,0,0,0,0,0,0,0,0
2020-12-28T23:59:59+01:00,1,0,25,9,66,79,82,123,101,254,118,234,98,93,104,200,102,388,0,0,0,0,0,0,0,0,0,0,0,0,0,0,0,0,0,0,2078,0,0,0,0,0,0,0,0
2020-12-27T23:59:59+01:00,0,0,12,3,18,27,37,47,36,90,37,96,33,29,41,73,31,145,0,0,0,0,0,0,0,0,0,0,0,0,0,0,0,0,0,0,755,0,0,0,0,0,0,0,0
