Datum,<15_1_m,<15_1_w,15-24_1_m,15-24_1_w,25-34_1_m,25-34_1_w,35-44_1_m,35-44_1_w,45-54_1_m,45-54_1_w,55-64_1_m,55-64_1_w,65-74_1_m,65-74_1_w,75-84_1_m,75-84_1_w,>84_1_m,>84_1_w,<15_2_m,<15_2_w,15-24_2_m,15-24_2_w,25-34_2_m,25-34_2_w,35-44_2_m,35-44_2_w,45-54_2_m,45-54_2_w,55-64_2_m,55-64_2_w,65-74_2_m,65-74_2_w,75-84_2_m,75-84_2_w,>84_2_m,>84_2_w,bp_1,bp_2,mo_1,mo_2,az_1,az_2,ja,unb_1,unb_2
2021-11-05T23:59:59+01:00,51470,48607,317215,301792,423000,387583,430321,419309,488414,494183,532113,530214,357195,398692,248657,319130,73331,134756,42817,40373,285994,274593,390599,357429,402773,392063,462108,467338,510700,509687,347704,387706,242458,310588,70751,129326,4285172,4018039,532440,511023,808786,765622,331108,621,577
2021-11-04T23:59:59+01:00,50877,48033,315415,300148,420988,385867,428700,417987,487040,493054,531317,529617,357009,398473,248584,319002,73303,134704,42464,39984,285164,273845,389832,356647,402111,391422,461565,466793,510253,509303,347560,387539,242367,310439,70716,129267,4271047,4011815,531958,510788,808777,765593,329860,621,577
2021-11-03T23:59:59+01:00,50540,47688,314172,299137,419477,384728,427558,417104,486110,492293,530704,529149,356861,398306,248515,318900,73280,134659,42203,39724,284502,273264,389201,356018,401617,390941,461127,466399,509913,509009,347411,387340,242273,310293,70685,129188,4260811,4006246,531702,510646,808772,765582,329419,620,577
2021-11-02T23:59:59+01:00,50226,47370,312862,298187,417845,383540,426307,416240,485065,491583,530098,528655,356709,398118,248437,318794,73261,134596,41839,39388,283679,272587,388446,355332,401021,390398,460642,465927,509547,508631,347233,387144,242187,310151,70657,129114,4250471,3999908,531397,510460,808768,765566,328773,620,577
2021-11-01T23:59:59+01:00,49835,46999,311392,297090,416218,382444,425002,415372,484049,490869,529565,528284,356577,397986,248381,318727,73245,134562,41587,39110,283014,271987,387778,354787,400469,389952,460192,465562,509235,508373,347119,387024,242130,310038,70637,129052,4240389,3995225,531164,510241,808747,765552,327812,619,577
2021-10-31T23:59:59+01:00,49779,46964,311205,296980,416011,382332,424802,415246,483930,490790,529509,528240,356562,397977,248379,318722,73245,134561,41530,39068,282900,271927,387674,354709,400387,389898,460143,465530,509203,508351,347108,387015,242127,310033,70634,129047,4239262,3994675,531100,510202,808744,765548,327643,619,577
2021-10-30T23:59:59+02:00,49725,46925,311007,296853,415693,382173,424584,415091,483720,490629,529389,528182,356541,397951,248373,318711,73242,134555,41493,39059,282799,271856,387563,354636,400297,389833,460085,465468,509161,508332,347101,387007,242123,310027,70630,129043,4237584,3994130,531053,510143,808743,765545,327479,619,577
2021-10-29T23:59:59+02:00,49507,46697,310013,296169,414441,381324,423488,414406,482840,490019,528892,527903,356466,397880,248331,318665,73228,134532,41367,38959,282321,271495,387090,354255,399888,389548,459745,465197,508962,508184,347043,386955,242104,309990,70623,129029,4230198,3991390,530756,509987,808739,765540,326622,619,577
2021-10-28T23:59:59+02:00,49065,46272,308250,294867,412409,379931,421888,413268,481545,489056,528173,527370,356308,397711,248257,318571,73215,134490,41063,38673,281373,270656,386144,353459,399124,388904,459136,464678,508500,507867,346895,386771,242037,309893,70601,128974,4218094,3985325,530330,509685,808726,765513,325007,619,577
2021-10-27T23:59:59+02:00,48740,45953,307369,294091,411332,379072,421031,412570,480831,488532,527760,527065,356206,397543,248196,318472,73195,134450,40776,38383,280634,269978,385506,352852,398640,388422,458721,464254,508205,507582,346739,386592,241955,309769,70574,128913,4210748,3979878,530030,509496,808722,765483,324419,619,577
2021-10-26T23:59:59+02:00,48335,45541,306300,293135,410186,378146,420139,411897,480135,487932,527341,526744,356084,397405,248122,318370,73166,134399,40416,38016,279765,269052,384757,352129,398084,387862,458284,463801,507843,507281,346592,386433,241857,309614,70550,128844,4202609,3973412,529818,509335,808715,765468,323746,619,577
2021-10-25T23:59:59+02:00,48180,45405,305793,292689,409617,377728,419662,411562,479727,487653,527153,526584,356041,397348,248109,318345,73159,134392,40350,37955,279541,268867,384512,351957,397911,387731,458137,463685,507742,507206,346571,386400,241847,309595,70547,128833,4198969,3972194,529756,509291,808713,765464,323219,619,577
2021-10-24T23:59:59+02:00,47969,45226,305244,292215,408935,377217,419153,411149,479312,487340,526933,526395,355978,397265,248077,318319,73151,134380,40161,37795,279085,268404,384053,351560,397566,387411,457871,463431,507576,507028,346482,386306,241809,309533,70536,128820,4194834,3968975,529599,509158,808709,765450,322625,619,577
2021-10-23T23:59:59+02:00,47935,45193,305084,292083,408724,377073,418997,411011,479200,487252,526858,526347,355959,397241,248073,318313,73151,134377,40123,37753,278995,268300,383933,351487,397486,387337,457800,463369,507539,506995,346463,386292,241808,309527,70535,128819,4193663,3968328,529538,509095,808707,765447,322472,619,577
2021-10-22T23:59:59+02:00,47681,44961,304310,291521,407845,376386,418263,410468,478630,486779,526503,526098,355903,397172,248053,318278,73145,134365,39871,37512,278441,267779,383438,351055,397073,386976,457499,463098,507316,506823,346396,386228,241786,309485,70529,128809,4188073,3964713,529265,508928,808705,765429,321825,619,577
2021-10-21T23:59:59+02:00,47208,44510,303207,290650,406639,375430,417285,409677,477805,486138,525962,525721,355777,397031,247980,318169,73123,134309,39294,36952,277379,266732,382536,350185,396349,386207,456869,462529,506898,506461,346240,386026,241693,309326,70503,128758,4179578,3956891,528992,508553,808699,765416,320857,619,577
2021-10-20T23:59:59+02:00,46988,44259,302606,290108,405967,374819,416743,409230,477376,485771,525676,525487,355682,396907,247910,318077,73097,134256,38878,36578,276633,265979,381921,349526,395831,385606,456446,462082,506541,506142,346065,385825,241595,309185,70465,128682,4174415,3950476,528851,508379,808695,765405,320500,618,577
2021-10-19T23:59:59+02:00,46705,43985,302064,289636,405466,374362,416378,408896,477099,485499,525447,525279,355565,396778,247846,317983,73064,134201,38428,36126,275746,265152,381215,348821,395357,385068,456041,461623,506207,505819,345879,385596,241490,309037,70428,128599,4170171,3943651,528730,508208,808692,765390,320162,618,576
2021-10-18T23:59:59+02:00,46513,43795,301540,289175,404976,373933,416028,408557,476834,485261,525227,525078,355472,396675,247790,317887,73041,134156,38142,35867,275104,264465,380668,348180,394937,384577,455703,461238,505919,505542,345724,385446,241404,308909,70395,128549,4166363,3938347,528586,508026,808689,765372,319800,618,576
2021-10-17T23:59:59+02:00,46402,43678,301223,288920,404723,373684,415820,408394,476686,485107,525126,524955,355408,396618,247769,317839,73026,134121,37895,35611,274595,263961,380302,347803,394657,384244,455461,461010,505758,505375,345634,385336,241367,308840,70372,128497,4164209,3934697,528510,507870,808688,765336,319590,618,576
2021-10-16T23:59:59+02:00,46373,43646,301147,288858,404650,373627,415778,408350,476642,485072,525101,524940,355402,396610,247765,317833,73024,134119,37855,35567,274489,263852,380222,347733,394599,384172,455421,460966,505732,505351,345626,385327,241364,308835,70371,128492,4163732,3934085,528496,507811,808688,765334,319519,618,576
2021-10-15T23:59:59+02:00,46224,43484,300715,288517,404282,373309,415486,408090,476400,484848,524945,524806,355350,396570,247748,317801,73015,134104,37625,35321,273931,263270,379816,347343,394260,383830,455144,460686,505536,505181,345564,385253,241324,308788,70366,128471,4160917,3930348,528375,507598,808684,765324,319213,618,576
2021-10-14T23:59:59+02:00,45894,43154,299932,287819,403637,372649,414976,407630,475976,484442,524627,524527,355232,396438,247685,317701,72982,134038,37071,34756,272689,262007,379013,346379,393574,382997,454498,460043,505113,504765,345332,385029,241213,308628,70335,128421,4155414,3921655,528122,507095,808679,765269,318616,618,576
2021-10-13T23:59:59+02:00,45585,42875,299364,287271,403156,372142,414584,407233,475642,484112,524365,524281,355109,396296,247615,317601,72954,133978,36740,34474,271920,261207,378417,345632,393053,382364,454079,459581,504747,504403,345158,384829,241115,308438,70299,128342,4150845,3915334,527944,506822,808675,765223,318191,618,576
2021-10-12T23:59:59+02:00,45260,42600,298712,286728,402639,371608,414182,406846,475334,483804,524113,524044,355000,396156,247566,317513,72927,133926,36446,34185,271089,260353,377728,344913,392519,381801,453664,459154,504387,504060,344938,384611,241008,308286,70258,128233,4146173,3908769,527768,506599,808667,765199,317841,617,573
2021-10-11T23:59:59+02:00,45015,42376,298131,286247,402158,371152,413779,406491,475031,483502,523877,523847,354890,396039,247494,317418,72891,133858,36160,33930,270336,259621,377059,344236,392034,381248,453284,458709,504056,503758,344746,384416,240911,308137,70215,128146,4142053,3902901,527591,506316,808656,765174,317386,617,573
2021-10-10T23:59:59+02:00,44857,42245,297774,285967,401819,370848,413548,406240,474855,483313,523736,523719,354840,395983,247470,317379,72873,133827,35993,33803,269859,259202,376602,343773,391703,380905,452995,458426,503834,503581,344650,384315,240855,308068,70198,128113,4139657,3899290,527450,506193,808649,765140,317026,617,573
2021-10-09T23:59:59+02:00,44827,42221,297675,285891,401735,370790,413487,406188,474807,483265,523710,523702,354832,395969,247468,317375,72872,133826,35943,33749,269742,259097,376504,343675,391620,380830,452937,458372,503799,503551,344640,384301,240849,308060,70197,128111,4139153,3898586,527415,506120,808646,765129,316915,617,573
2021-10-08T23:59:59+02:00,44589,42014,297177,285489,401289,370416,413191,405892,474528,483042,523502,523536,354769,395908,247432,317324,72854,133812,35735,33472,269180,258536,376082,343245,391244,380452,452661,458049,503621,503393,344575,384218,240815,308015,70186,128099,4135804,3894769,527290,505956,808642,765110,316515,617,573
2021-10-07T23:59:59+02:00,44209,41593,296209,284630,400519,369655,412552,405279,474017,482552,523098,523217,354640,395734,247338,317214,72822,133748,35083,32812,267802,257144,375091,342063,390435,379456,451952,457301,503073,502891,344320,383937,240676,307835,70127,128008,4128977,3885102,527057,504764,808633,765068,315844,617,572
2021-10-06T23:59:59+02:00,43950,41333,295512,284050,400007,369159,412158,404855,473661,482243,522824,522967,354506,395582,247259,317094,72797,133671,34756,32499,267061,256335,374553,341401,389960,378916,451532,456853,502724,502535,344147,383726,240565,307689,70097,127929,4124171,3879011,526928,504652,808629,765036,315350,617,572
2021-10-05T23:59:59+02:00,43634,41038,294805,283371,399383,368542,411644,404371,473278,481845,522541,522663,354361,395425,247176,316939,72764,133560,34456,32185,266249,255496,373869,340664,389422,378305,451030,456387,502374,502179,343958,383508,240454,307516,70050,127855,4118760,3872587,526790,504509,808622,765014,314616,617,572
2021-10-04T23:59:59+02:00,43358,40800,293982,282672,398671,367953,411154,403909,472871,481453,522239,522394,354228,395252,247102,316814,72733,133469,34152,31868,265349,254562,373153,339890,388831,377711,450555,455853,501988,501812,343766,383278,240298,307348,70010,127768,4113568,3865909,526641,504399,808615,764974,313678,616,572
2021-10-03T23:59:59+02:00,43197,40651,293581,282257,398259,367591,410839,403658,472657,481220,522061,522230,354146,395157,247053,316728,72725,133431,33971,31734,264859,254138,372699,339481,388476,377317,450285,455545,501740,501580,343641,383132,240236,307255,69992,127737,4110714,3862337,526541,504287,808591,764920,313042,616,572
2021-10-02T23:59:59+02:00,43162,40614,293457,282130,398140,367501,410757,403577,472595,481162,522028,522199,354132,395134,247052,316725,72723,133429,33924,31696,264720,254007,372599,339391,388398,377239,450228,455493,501710,501541,343629,383110,240234,307248,69990,127737,4110018,3861641,526463,504230,808589,764897,312894,616,572
2021-10-01T23:59:59+02:00,42952,40358,292841,281575,397576,367001,410305,403192,472260,480897,521763,522017,354048,395056,247023,316676,72711,133411,33625,31406,264060,253360,372106,338957,388016,376862,449902,455176,501485,501346,343553,383044,240209,307204,69981,127720,4106110,3857764,526318,504074,808581,764843,312099,616,572
2021-09-30T23:59:59+02:00,42552,39962,291714,280490,396572,366033,409508,402410,471602,480229,521258,521616,353885,394848,246929,316547,72686,133343,33087,30861,262864,252191,371239,338032,387310,376038,449303,454527,501013,500947,343383,382820,240129,307046,69952,127667,4098450,3850709,525975,503068,808560,764759,310639,615,572
2021-09-29T23:59:59+02:00,42211,39660,290946,279744,395835,365320,408956,401826,471105,479738,520893,521304,353702,394645,246851,316413,72656,133276,32787,30553,262118,251431,370603,337379,386851,375461,448880,454070,500661,500603,343210,382639,240036,306883,69930,127609,4092536,3845242,525813,502918,808552,764691,309616,615,571
2021-09-28T23:59:59+02:00,41876,39346,290076,278911,395037,364605,408349,401260,470580,479229,520511,520944,353494,394425,246755,316258,72616,133174,32476,30282,261254,250643,369897,336737,386341,374931,448437,453615,500308,500257,343030,382436,239941,306738,69903,127553,4086238,3839724,525687,502770,808544,764637,308409,615,571
2021-09-27T23:59:59+02:00,41461,38963,289193,278072,394239,363888,407790,400671,470104,478705,520110,520613,353334,394228,246669,316138,72584,133081,32155,29923,260235,249717,369038,335935,385681,374257,447895,453073,499905,499896,342847,382203,239850,306604,69878,127489,4080565,3833550,525522,502618,808537,764530,306644,615,571
2021-09-26T23:59:59+02:00,41085,38657,288622,277539,393739,363441,407446,400320,469806,478416,519899,520424,353224,394128,246626,316068,72565,133040,31997,29789,259732,249256,368596,335537,385341,373886,447605,452779,499699,499709,342756,382112,239792,306531,69862,127452,4076865,3830597,525379,502467,808513,764414,305713,615,571
2021-09-25T23:59:59+02:00,41031,38596,288453,277372,393584,363319,407328,400230,469712,478331,519838,520381,353212,394108,246617,316059,72563,133037,31954,29734,259568,249103,368450,335411,385220,373786,447535,452678,499637,499675,342736,382089,239782,306518,69862,127450,4076106,3829884,525305,502407,808510,764383,305274,615,571
2021-09-24T23:59:59+02:00,40832,38382,287816,276717,392934,362749,406803,399746,469263,477924,519539,520139,353107,394023,246576,316007,72557,133012,31694,29477,258906,248418,367838,334870,384771,373345,447117,452320,499315,499429,342620,381983,239738,306464,69850,127426,4072333,3826168,525156,502305,808500,764313,303555,615,570
2021-09-23T23:59:59+02:00,40195,37715,286106,275051,391451,361389,405612,398531,468214,476957,518786,519455,352808,393746,246444,315790,72513,132896,31301,29061,257608,247333,366682,333883,383833,372516,446307,451588,498718,498918,342386,381740,239626,306312,69822,127347,4062433,3820092,524747,502033,808488,764213,299400,615,570
2021-09-22T23:59:59+02:00,39860,37397,285106,274065,390598,360536,404857,397758,467547,476352,518244,519013,352579,393478,246335,315591,72464,132809,31013,28797,256827,246583,365933,333196,383205,371920,445795,451067,498253,498569,342183,381531,239521,306174,69788,127284,4055558,3814990,524530,501863,808465,764097,297442,615,570
2021-09-21T23:59:59+02:00,39443,36914,284023,272983,389633,359626,404095,397000,466920,475762,517794,518581,352354,393214,246232,315412,72410,132696,30695,28520,255970,245726,365171,332479,382567,371315,445298,450581,497837,498169,341987,381325,239414,306009,69754,127198,4047944,3809361,524370,501664,808455,764018,295723,615,570
2021-09-20T23:59:59+02:00,39089,36636,282883,271907,388580,358686,403266,396191,466217,475143,517298,518127,352108,392987,246121,315229,72366,132599,30311,28149,254847,244742,364180,331636,381774,370545,444575,450002,497377,497726,341761,381109,239306,305822,69718,127122,4040887,3802874,524224,501489,808440,763814,293275,615,568
2021-09-19T23:59:59+02:00,38928,36501,282287,271495,388003,358197,402856,395793,465873,474829,517032,517894,352021,392862,246082,315150,72355,132561,30194,28029,254332,244305,363676,331211,381349,370207,444205,449657,497094,497504,341652,380980,239249,305736,69707,127091,4037542,3800038,524080,501306,808418,763515,292069,615,568
2021-09-18T23:59:59+02:00,38873,36430,282125,271335,387804,358035,402673,395649,465761,474715,516964,517835,352005,392849,246074,315141,72353,132557,30064,27900,254017,243959,363422,330959,381111,370016,444043,449523,497000,497415,341622,380954,239230,305717,69704,127083,4036590,3798161,523964,501225,808415,763502,291597,615,568
2021-09-17T23:59:59+02:00,38541,36064,281222,270503,387011,357275,401945,394992,465148,474190,516583,517472,351855,392704,246011,315071,72329,132525,29796,27633,253273,243278,362736,330362,380518,369513,443576,449111,496663,497127,341502,380819,239180,305638,69691,127061,4031243,3794382,523628,500822,808406,763471,289545,614,568
2021-09-16T23:59:59+02:00,37971,35467,279638,268935,385655,355819,400738,393672,464131,473209,515809,516774,351537,392375,245881,314883,72281,132433,29359,27212,252125,242262,361774,329425,379691,368651,442907,448416,496147,496679,341275,380597,239082,305511,69660,126999,4020338,3787761,522877,500421,808363,763324,287008,614,566
2021-09-15T23:59:59+02:00,37592,35156,278505,267836,384757,354839,399879,392809,463455,472520,515274,516258,351313,392085,245708,314702,72242,132313,29059,26923,251266,241450,360986,328627,379003,367977,442339,447898,495641,496240,341065,380360,238945,305364,69637,126922,4012773,3782100,522588,500188,808350,763250,284903,614,566
2021-09-14T23:59:59+02:00,37279,34849,277532,266873,383815,353979,399145,392041,462848,471868,514743,515804,351069,391843,245578,314532,72199,132244,28784,26684,250483,240657,360250,327957,378394,367378,441793,447387,495221,495856,340868,380145,238834,305217,69613,126867,4005942,3776970,522258,499965,808320,763101,283089,613,565
2021-09-13T23:59:59+02:00,36892,34455,276294,265604,382862,352933,398369,391162,462151,471147,514219,515300,350847,391591,245456,314378,72160,132171,28324,26262,249357,239603,359427,327171,377792,366723,441233,446863,494762,495476,340675,379919,238734,305070,69584,126813,3997730,3770035,521537,499680,808287,763004,281801,613,565
2021-09-12T23:59:59+02:00,36748,34326,275717,265162,382387,352486,397980,390735,461825,470845,514006,515084,350740,391479,245410,314303,72149,132136,28166,26143,248828,239190,358923,326727,377423,366368,440929,446573,494513,495253,340550,379788,238675,304983,69569,126768,3994530,3767006,521371,499488,808251,762878,280729,613,564
2021-09-11T23:59:59+02:00,36669,34277,275525,264952,382161,352297,397819,390579,461692,470722,513935,515023,350710,391449,245401,314287,72147,132133,28019,26044,248547,239007,358699,326569,377273,366227,440781,446455,494446,495198,340526,379761,238667,304970,69569,126764,3993494,3765924,521282,499355,808243,762857,280118,613,563
2021-09-10T23:59:59+02:00,36341,33940,274447,263959,381204,351397,396940,389771,460893,470038,513378,514576,350503,391249,245313,314175,72129,132103,27810,25844,247637,238301,357871,325832,376486,365601,440089,445932,493956,494817,340365,379605,238586,304866,69547,126734,3988158,3762461,521141,499138,808234,762835,276175,613,563
2021-09-09T23:59:59+02:00,35903,33490,273139,262800,380152,350217,395997,388736,460093,469163,512797,514064,350264,390966,245187,314021,72094,132043,27428,25453,246563,237338,356957,324963,375674,364792,439398,445324,493369,494375,340149,379376,238465,304724,69516,126682,3979955,3756359,520837,498739,808189,762684,273494,611,561
2021-09-08T23:59:59+02:00,35501,33090,272180,261808,379350,349367,395300,387954,459463,468561,512359,513601,350061,390723,245082,313845,72065,131985,27134,25164,245637,236479,356144,324226,374989,364070,438793,444760,492920,493921,339949,379130,238350,304562,69482,126594,3973483,3750666,520614,498419,808137,762548,271402,611,559
2021-09-07T23:59:59+02:00,35126,32753,271157,260879,378518,348585,394655,387280,458933,468039,511916,513206,349870,390513,244982,313680,72031,131914,26858,24953,244760,235694,355338,323540,374339,363512,438287,444251,492475,493532,339740,378912,238263,304424,69455,126539,3967381,3745661,520373,498078,808124,762369,269495,611,558
2021-09-06T23:59:59+02:00,34728,32344,270037,259775,377574,347637,393968,386503,458332,467401,511475,512771,349648,390265,244893,313558,72001,131844,26622,24742,243986,234935,354593,322884,373725,362923,437824,443745,492061,493147,339527,378705,238183,304289,69426,126484,3960155,3740835,520236,497837,808076,762240,267620,611,558
2021-09-05T23:59:59+02:00,34572,32195,269628,259364,377265,347290,393671,386184,458099,467162,511298,512591,349578,390172,244851,313496,71985,131817,26486,24587,243557,234541,354194,322497,373368,362611,437563,443495,491864,492940,339429,378587,238141,304225,69409,126452,3957556,3738201,520133,497562,808048,762102,266812,611,558
2021-09-04T23:59:59+02:00,34513,32157,269462,259233,377144,347163,393543,386078,458023,467077,511247,512546,349566,390154,244844,313484,71985,131816,26448,24534,243390,234397,354033,322333,373221,362495,437471,443393,491798,492891,339408,378567,238133,304213,69409,126451,3956847,3737416,520079,497424,808043,762079,266396,611,558
2021-09-03T23:59:59+02:00,34195,31841,268567,258427,376404,346502,392952,385484,457445,466593,510786,512208,349395,389975,244778,313378,71962,131782,26124,24193,242369,233537,353236,321615,372550,361841,436819,442804,491310,492476,339211,378368,238047,304107,69389,126424,3952470,3733117,519375,495885,808015,762006,264141,611,558
2021-09-02T23:59:59+02:00,33829,31503,267516,257544,375539,345661,392215,384732,456759,465961,510252,511776,349129,389724,244655,313200,71937,131703,25826,23929,241342,232736,352343,320835,371812,361132,436104,442178,490744,492019,338964,378103,237938,303956,69363,126346,3946498,3727929,519089,495401,807980,761680,261389,611,557
2021-09-01T23:59:59+02:00,33502,31137,266665,256702,374778,344990,391683,384182,456288,465480,509866,511431,348952,389533,244565,313083,71913,131643,25437,23527,240251,231674,351474,319979,371122,360436,435487,441570,490219,491534,338732,377837,237807,303802,69335,126291,3941050,3721113,518903,494856,807945,761465,259810,611,553
2021-08-31T23:59:59+02:00,33104,30795,265798,255791,374037,344269,391108,383597,455775,464994,509414,511064,348762,389340,244469,312935,71881,131600,25152,23232,239297,230783,350664,319230,370459,359800,434929,441060,489697,491133,338530,377623,237719,303653,69301,126236,3935495,3715793,518713,494469,807920,761048,257915,609,553
2021-08-30T23:59:59+02:00,32557,30307,264493,254609,373036,343354,390292,382780,455020,464281,508851,510563,348533,389122,244376,312781,71845,131531,24833,22915,238139,229797,349661,318333,369668,359057,434228,440476,489138,490616,338275,377379,237594,303474,69260,126159,3927994,3709740,518596,494026,807876,760794,255168,608,551
2021-08-29T23:59:59+02:00,32367,30116,263926,254098,372553,342937,389912,382441,454725,463992,508621,510341,348436,389013,244326,312717,71835,131507,24608,22700,237422,229160,349051,317789,369172,358586,433800,440100,488829,490356,338134,377224,237534,303400,69242,126134,3924896,3705859,518476,493627,807848,760535,253942,608,551
2021-08-28T23:59:59+02:00,32277,30019,263697,253919,372374,342784,389756,382318,454600,463872,508546,510289,348412,388990,244315,312705,71834,131504,24543,22596,237103,228901,348800,317593,368952,358420,433617,439935,488700,490264,338092,377182,237514,303374,69240,126130,3923854,3704280,518435,493510,807842,760509,253378,608,551
2021-08-27T23:59:59+02:00,32046,29769,263052,253353,371858,342263,389286,381865,454144,463474,508173,510004,348283,388856,244257,312619,71815,131484,24397,22445,236499,228402,348185,317089,368481,357990,433165,439581,488397,490016,337962,377064,237459,303310,69229,126123,3920045,3701063,518366,493296,807783,760450,251702,608,551
2021-08-26T23:59:59+02:00,31665,29382,262047,252374,371004,341447,388527,381120,453456,462796,507622,509523,348051,388596,244136,312502,71787,131423,24048,22081,235018,227038,346953,315901,367363,356996,432289,438774,487724,489440,337675,376743,237295,303141,69199,126078,3913850,3692700,518121,492650,807745,760091,249024,608,549
2021-08-25T23:59:59+02:00,31300,29048,261122,251512,370253,340669,387864,380422,452820,462206,507065,509065,347813,388340,244010,312338,71752,131356,23442,21507,232965,225173,345471,314493,366172,355798,431287,437812,486921,488712,337293,376351,237141,302906,69155,125990,3908114,3680698,517989,492242,807717,759942,246412,606,547
2021-08-24T23:59:59+02:00,30981,28780,260389,250730,369645,340035,387323,379846,452336,461692,506653,508692,347603,388114,243892,312174,71726,131284,23125,21191,231752,224107,344505,313568,365387,355049,430612,437163,486361,488165,337013,376036,237007,302746,69130,125926,3903157,3673504,517701,491793,807696,759636,244613,606,543
2021-08-23T23:59:59+02:00,30459,28252,258998,249413,368613,339121,386489,379053,451554,461006,506003,508124,347321,387831,243752,311985,71699,131225,22815,20892,230268,222788,343190,312496,364435,354195,429747,436402,485654,487596,336709,375702,236871,302555,69104,125866,3895705,3666077,517552,491312,807661,759351,241242,606,542
2021-08-22T23:59:59+02:00,30313,28137,258591,249042,368258,338790,386216,378787,451316,460761,505814,507974,347224,387737,243711,311928,71682,131199,22633,20710,229547,222107,342497,311835,363900,353688,429306,435996,485331,487327,336545,375518,236807,302451,69086,125830,3893474,3661675,517403,490847,807622,759051,240238,606,538
2021-08-21T23:59:59+02:00,30062,27932,258094,248580,367939,338470,385958,378529,451111,460583,505666,507835,347169,387681,243689,311890,71679,131190,22358,20456,228804,221453,342011,311437,363495,353276,428941,435689,485102,487130,336460,375450,236780,302408,69080,125818,3890922,3658692,517259,489641,807614,758995,239515,606,538
2021-08-20T23:59:59+02:00,29870,27733,257433,247917,367198,337839,385277,378000,450516,460088,505191,507512,347023,387521,243634,311793,71662,131155,21953,20116,226996,219832,340597,310237,362375,352319,427984,434889,484382,486578,336216,375201,236678,302288,69055,125788,3887436,3650424,516935,488480,807601,758628,236641,606,538
2021-08-19T23:59:59+02:00,29538,27418,256446,247063,366193,337050,384488,377307,449805,459449,504626,507027,346782,387257,243526,311646,71628,131082,21458,19623,224227,217393,338286,308397,360667,350840,426579,433615,483221,485621,335797,374775,236485,302041,69021,125719,3881899,3636031,516569,486713,807559,758154,233548,606,537
2021-08-18T23:59:59+02:00,29251,27157,255649,246356,365488,336428,383907,376738,449207,458950,504151,506611,346509,387017,243408,311498,71596,131016,21080,19250,221748,214866,336224,306633,359016,349186,425051,432282,482075,484582,335279,374223,236253,301745,68970,125625,3876777,3622738,516389,482773,807529,757772,231484,605,537
2021-08-17T23:59:59+02:00,28933,26881,254864,245636,364866,335741,383343,376180,448715,458465,503717,506190,346308,386807,243291,311367,71569,130964,20609,18815,218998,212109,334146,304801,357325,347719,423612,431004,480948,483588,334784,373680,236016,301452,68916,125549,3871717,3607644,516088,479989,807503,757342,229770,604,534
2021-08-16T23:59:59+02:00,28642,26618,254170,244982,364294,335184,382880,375717,448275,458025,503298,505826,346123,386600,243192,311203,71538,130924,20055,18331,215822,209031,331853,302680,355799,346265,422403,429863,479998,482743,334396,373233,235830,301181,68877,125459,3867299,3590196,515932,479282,807477,756993,228022,604,532
2021-08-15T23:59:59+02:00,28445,26455,253674,244535,363862,334793,382520,375379,447976,457766,503055,505630,346009,386481,243143,311123,71527,130903,19270,17602,211809,204967,329951,301058,354533,345039,421373,428923,479213,482081,334061,372899,235705,301004,68853,125409,3864437,3572534,515788,478367,807438,756666,226852,604,530
2021-08-14T23:59:59+02:00,28376,26396,253426,244336,363626,334616,382344,375228,447819,457636,502937,505523,345960,386449,243125,311100,71524,130898,18944,17304,210734,203862,329126,300294,353812,344360,420877,428462,478825,481759,333922,372770,235667,300947,68844,125392,3863258,3565832,515716,477996,807432,756589,226152,604,530
2021-08-13T23:59:59+02:00,28119,26153,252718,243747,363125,334187,381905,374794,447383,457269,502599,505264,345832,386297,243060,311023,71512,130869,18340,16747,208844,202072,327698,298974,352542,343167,419823,427520,478075,481116,333678,372480,235554,300804,68826,125338,3859422,3553865,515645,477393,807422,756397,224607,600,530
2021-08-12T23:59:59+02:00,27921,25927,251993,243109,362503,333595,381371,374307,446848,456823,502179,504908,345648,386096,242958,310916,71499,130821,17756,16249,206244,199797,324812,296427,350522,341360,418313,426265,476850,480047,333226,371945,235308,300527,68786,125255,3855457,3536401,515453,476213,807384,755369,222365,598,528
2021-08-11T23:59:59+02:00,27686,25680,251263,242418,361876,333013,380844,373825,446382,456393,501767,504478,345422,385854,242842,310781,71471,130766,16936,15561,203192,196806,321622,293480,348345,339291,416810,424854,475566,478755,332683,371301,235059,300120,68735,125126,3850597,3514499,515233,475142,807344,754429,220825,595,527
2021-08-10T23:59:59+02:00,27440,25422,250428,241681,361159,332460,380303,373274,445883,455915,501311,504076,345225,385657,242756,310642,71448,130722,16139,14776,198985,192664,316945,289248,345353,336506,414684,422904,473962,477291,331993,370628,234760,299710,68678,125007,3845503,3484294,514947,474027,807306,753277,219283,593,527
2021-08-09T23:59:59+02:00,27242,25221,249799,241105,360576,331971,379857,372893,445471,455567,500965,503790,345064,385509,242690,310530,71428,130686,15145,13832,194436,188061,311226,284491,342590,334005,412766,421127,472339,475824,331346,369935,234484,299339,68619,124872,3841772,3453860,514767,471249,807274,752183,217787,591,523
2021-08-08T23:59:59+02:00,27070,25062,249316,240691,360179,331616,379507,372600,445166,455306,500722,503598,344956,385399,242627,310451,71411,130653,14923,13637,193085,186688,309597,283150,341270,332839,411887,420368,471764,475303,331083,369664,234355,299170,68593,124821,3839175,3444705,514610,469880,807221,751695,216554,591,522
2021-08-07T23:59:59+02:00,26921,24886,248785,240242,359781,331276,379171,372317,444872,455069,500495,503423,344884,385304,242593,310401,71403,130642,13751,12593,189404,183093,307547,281295,339545,331312,410550,419099,470837,474507,330727,369290,234224,298981,68559,124784,3836311,3425041,514503,468544,807210,751481,215670,591,519
2021-08-06T23:59:59+02:00,26695,24651,247914,239572,358995,330664,378494,371739,444215,454543,499956,503032,344650,385100,242494,310285,71392,130620,12843,11766,185653,179533,304068,278476,337418,329471,408944,417754,469536,473540,330347,368902,234064,298826,68535,124737,3833723,3405674,513135,466814,807198,750379,212183,591,518
2021-08-05T23:59:59+02:00,26371,24327,246735,238632,358093,329790,377663,371005,443468,453856,499285,502487,344366,384798,242380,310111,71351,130557,11837,10832,181163,175578,298668,274052,333288,325894,406126,415260,467273,471752,329678,368197,233801,298452,68474,124626,3827329,3377656,512870,462096,807129,746660,209166,591,517
2021-08-04T23:59:59+02:00,25997,23984,245588,237641,357090,328875,376883,370291,442838,453256,498707,501954,344093,384529,242257,309938,71324,130486,11023,10120,177674,172268,294888,270917,328872,321979,403868,413160,465559,470195,328982,367497,233525,298099,68414,124524,3820806,3350431,512525,460325,807094,744909,206515,587,516
2021-08-03T23:59:59+02:00,25532,23562,244219,236456,356178,328039,376170,369596,442182,452596,498105,501418,343801,384229,242127,309761,71280,130418,10462,9619,174178,168812,290769,267261,323750,317358,401110,410596,463211,468090,328138,366627,233173,297625,68346,124385,3812853,3318236,512361,458442,807050,742831,204611,587,516
2021-08-02T23:59:59+02:00,25214,23255,243165,235493,355327,327278,375465,368995,441608,452047,497578,500969,343538,383953,242009,309605,71254,130359,9906,9078,170531,165209,286058,263283,317865,312396,398347,408031,460972,466092,327365,365790,232877,297226,68284,124267,3806480,3284690,512111,456457,806992,740297,202733,586,514
2021-08-01T23:59:59+02:00,25057,23065,242533,234884,354727,326762,375022,368600,441172,451724,497232,500690,343396,383786,241933,309489,71240,130333,9639,8869,168976,163750,283563,261277,313223,308678,396484,406450,459491,464841,326930,365304,232704,297008,68255,124208,3802779,3266733,511807,454308,806898,737845,201362,583,510
2021-07-31T23:59:59+02:00,24947,22960,242189,234563,354445,326534,374780,368429,440982,451570,497123,500589,343362,383746,241913,309476,71239,130327,8404,7772,165196,159896,280734,258723,311129,306673,395083,405167,458342,463850,326609,364926,232570,296834,68229,124162,3801154,3243758,511617,453368,806892,737050,200711,583,510
2021-07-30T23:59:59+02:00,24657,22700,241384,233840,353865,326002,374287,367958,440518,451166,496761,500297,343224,383605,241868,309396,71226,130311,7466,6902,161441,156124,277330,255601,308095,303848,392848,403049,456492,462261,326097,364392,232360,296542,68196,124104,3797043,3218619,511246,452162,806872,733849,199102,582,508
2021-07-29T23:59:59+02:00,24310,22359,239847,232565,352695,324922,373314,367043,439658,450370,495945,499672,342890,383291,241731,309211,71188,130244,6481,6028,156574,151627,271929,251400,302169,299053,388477,399547,453434,459845,325262,363542,232047,296131,68136,124004,3789436,3184582,510564,447284,806787,728734,195660,581,508
2021-07-28T23:59:59+02:00,24008,22071,238692,231524,351810,324078,372562,366348,439016,449698,495376,499180,342635,382991,241596,309024,71153,130172,5990,5584,152800,147966,267416,247723,297717,295086,385203,396680,451339,457986,324600,362779,231778,295744,68072,123878,3782662,3153739,510023,445355,806709,726084,193731,580,505
2021-07-27T23:59:59+02:00,23735,21844,237682,230548,350962,323335,371856,365754,438428,449080,494848,498721,342390,382686,241462,308828,71117,130073,5420,5057,147762,142827,261474,242577,292402,290306,381177,392971,448149,455165,323608,361673,231411,295237,67980,123719,3776346,3112042,509466,443021,806651,722333,192078,579,503
2021-07-26T23:59:59+02:00,23502,21604,236704,229562,350169,322627,371246,365196,437871,448588,494395,498348,342157,382445,241335,308669,71093,130015,4998,4699,143404,138420,255907,237777,287219,285817,376700,388999,444621,452133,322653,360707,231082,294755,67905,123581,3770638,3072515,508834,440761,806568,717971,190675,576,503
2021-07-25T23:59:59+02:00,23143,21303,235363,228403,349222,321854,370562,364530,437290,448045,493931,497941,341958,382231,241245,308539,71072,129951,4744,4466,141552,136657,253206,235548,284706,283712,374559,387213,442524,450331,322137,360188,230877,294524,67880,123504,3763538,3057423,508454,438571,806501,713600,189272,575,503
2021-07-24T23:59:59+02:00,22894,21106,234433,227539,348496,321201,369987,364008,436761,447605,493569,497663,341842,382132,241201,308478,71069,129940,4422,4181,138650,133851,250467,233220,282136,281489,372295,385353,441282,449343,321787,359850,230732,294346,67861,123470,3759505,3039035,507689,435552,806486,713257,187423,575,503
2021-07-23T23:59:59+02:00,22476,20719,232925,226191,347165,320253,368934,363140,435879,446817,492871,497131,341606,381859,241112,308366,71048,129904,3999,3790,133152,128998,245082,228899,277649,277691,368598,382142,438625,447136,321085,359125,230477,294034,67807,123389,3752006,3003400,507217,433773,806431,711116,183910,575,503
2021-07-22T23:59:59+02:00,21970,20243,230814,224207,345407,318705,367427,361846,434559,445668,491888,496228,341171,381407,240935,308117,71004,129823,3577,3446,128796,124929,239069,224377,271248,272610,361688,376631,433157,442613,319897,357860,230036,293505,67713,123235,3739527,2961214,505626,427778,806298,704785,181122,574,501
2021-07-21T23:59:59+02:00,21461,19719,228923,222382,343704,317169,365807,360270,432979,444278,490661,495057,340618,380882,240687,307833,70950,129728,3374,3249,125025,121347,233600,220128,265707,268074,353546,369685,428535,438864,318777,356711,229574,292939,67632,123055,3728492,2925619,501865,416872,806071,699997,177827,574,499
2021-07-20T23:59:59+02:00,21158,19439,227451,220899,342465,315994,364843,359391,432115,443487,489937,494409,340277,380507,240539,307612,70921,129638,3113,2959,120678,117097,227240,214943,259870,262886,346417,363568,423826,434541,317678,355453,229159,292350,67534,122873,3719143,2881749,501457,409631,805940,695598,175684,572,498
2021-07-19T23:59:59+02:00,20844,19143,225714,219202,341149,314737,363800,358412,431300,442708,489265,493790,339982,380142,240387,307379,70876,129541,2917,2750,117915,114488,222838,211347,255240,258927,342693,360386,421199,432353,316952,354724,228857,291957,67459,122749,3708536,2856621,501033,404238,805846,691265,174094,572,498
2021-07-18T23:59:59+02:00,20690,19010,224414,217925,339526,313297,362726,357481,430476,441983,488724,493246,339749,379856,240259,307202,70854,129479,2826,2657,116411,113094,220169,209157,252881,256818,340439,358530,419160,430658,316460,354234,228697,291738,67438,122681,3699049,2844289,500494,399954,805770,687557,172715,571,494
2021-07-17T23:59:59+02:00,20291,18587,223259,216865,338944,312755,362134,356967,429955,441532,488308,492958,339644,379739,240217,307146,70851,129468,2562,2400,114338,110991,217708,206849,250407,254617,338006,356385,417708,429394,316124,353842,228562,291570,67415,122641,3693467,2826741,500291,397225,805746,686769,171247,568,494
2021-07-16T23:59:59+02:00,19747,18073,220718,214719,337205,311449,360624,355674,428487,440324,487209,492098,339238,379369,240046,306987,70826,129432,2294,2159,111220,108181,212931,202911,245863,250973,333698,352678,414359,426668,315201,352910,228211,291152,67361,122560,3683258,2798996,499530,394860,805588,682950,164969,567,493
2021-07-15T23:59:59+02:00,19105,17445,217928,212293,335297,309738,359033,354236,427142,439134,486261,491243,338833,378942,239843,306731,70784,129327,2117,2018,107304,104947,204541,196650,238345,245354,327081,347429,407273,420203,313453,351092,227662,290481,67289,122361,3668178,2752284,498928,386399,805470,675512,161831,566,493
2021-07-14T23:59:59+02:00,18259,16719,215480,209965,333588,308203,357627,352888,425915,437933,485232,490282,338377,378480,239602,306419,70730,129240,1965,1873,103681,101598,198044,191461,232613,240671,322777,343942,403088,416569,312138,349777,227252,289920,67205,122207,3653223,2718547,498342,380847,805346,668693,159113,565,489
2021-07-13T23:59:59+02:00,17605,16061,213291,207938,331982,306824,356288,351655,424737,436838,484269,489420,337936,378006,239399,306172,70695,129147,1853,1765,99914,98050,191541,186036,225459,234596,316086,337870,394679,408692,310338,347848,226646,289126,67092,122006,3639352,2675635,497783,368148,805186,659200,157022,564,485
2021-07-12T23:59:59+02:00,16585,15126,210000,204749,329914,305085,354705,350182,423491,435629,483283,488516,337520,377533,239220,305943,70655,129069,1774,1694,96808,95325,186243,181720,218467,228907,309235,331825,389569,404409,308601,345974,226051,288393,66992,121835,3620830,2637239,497225,360994,805005,650769,155217,563,483
2021-07-11T23:59:59+02:00,16076,14649,208638,203470,329161,304361,354039,349551,422923,435121,482833,488171,337329,377329,239159,305837,70633,129029,1740,1668,95385,94034,183450,179405,215458,226606,306539,329664,386733,402016,306125,343344,225671,287922,66938,121737,3614546,2622199,496584,358997,804872,640253,153381,557,479
2021-07-10T23:59:59+02:00,15601,14189,206787,201679,327689,303090,352901,348572,422190,434522,482355,487773,337159,377164,239093,305751,70623,129009,1699,1621,94077,92758,180904,177282,212415,224119,304008,327497,385566,400979,305478,342674,225491,287733,66922,121710,3605936,2605360,495940,358765,804637,638496,150699,556,479
2021-07-09T23:59:59+02:00,15276,13908,204877,199836,326078,301630,351828,347605,421284,433804,481782,487295,336951,376940,238997,305630,70608,128975,1025,965,91281,90032,177366,174048,208064,219959,298980,322890,382117,397991,304381,341443,225185,287366,66884,121646,3596756,2576313,495070,356697,804442,630890,148095,554,479
2021-07-08T23:59:59+02:00,14807,13480,201381,196843,322759,298955,349446,345611,419571,432341,480347,486223,336512,376499,238819,305381,70563,128897,907,854,86974,86257,170111,168371,199915,213549,291596,316762,375157,391768,301650,338515,224405,286425,66767,121386,3581364,2530020,491018,348020,803922,620511,143165,553,478
2021-07-07T23:59:59+02:00,14306,13026,197633,192970,319578,296084,347128,343557,418011,430864,479140,485117,336035,375934,238627,305108,70524,128791,773,758,83286,82804,162793,162641,190849,206360,283596,310188,368105,384942,298334,334892,223493,285322,66625,121139,3560016,2481955,489647,334563,803535,610495,140221,550,475
2021-07-06T23:59:59+02:00,13846,12652,194196,189587,316313,293342,344649,341260,416290,429298,477869,483981,335533,375375,238430,304818,70471,128706,651,640,79713,79217,156102,157122,183427,200145,274645,302226,361605,378842,295132,331639,222607,284230,66517,120910,3540115,2429356,486570,327574,803118,600970,137790,547,475
2021-07-05T23:59:59+02:00,13448,12315,189794,185337,312246,289996,342132,338920,414611,427748,476723,482906,335060,374858,238250,304573,70438,128620,575,545,76642,76381,150970,153017,178653,196015,267724,295949,355489,373299,291852,328190,221718,283108,66407,120739,3517225,2390219,485404,323073,802622,590603,133687,544,472
2021-07-04T23:59:59+02:00,13270,12156,185948,181461,309602,287962,340816,337843,413726,426969,476139,482411,334836,374604,238163,304447,70412,128566,543,516,74454,74508,147860,150439,176313,193969,265272,293886,352372,371086,288541,324790,221137,282442,66351,120619,3504951,2376391,484107,320774,802057,579059,129174,544,471
2021-07-03T23:59:59+02:00,12074,11099,179515,175456,305326,284498,338478,335670,411906,425159,474923,481353,334435,374158,237989,304201,70388,128523,512,497,72671,72926,145426,148555,173869,191881,262201,291156,350088,369229,286786,322804,220868,282080,66319,120570,3478552,2360630,482698,320573,801874,574565,122968,544,471
2021-07-02T23:59:59+02:00,10974,10007,175800,171988,302903,282294,336727,333963,410655,423970,474148,480662,334176,373843,237875,304019,70360,128475,473,446,69972,70238,141494,145262,169424,187831,256140,285703,344857,364518,283528,319071,220227,281307,66270,120485,3460428,2327362,481217,317783,801693,561969,120436,542,457
2021-07-01T23:59:59+02:00,9876,9078,172122,168537,298855,278995,334229,331687,408858,422387,473051,479701,333757,373379,237674,303749,70314,128395,401,373,65075,65513,135160,139916,162130,181316,245874,276831,334047,354714,278739,313790,218372,279049,66091,120172,3437833,2270935,479119,305410,801346,544223,117275,542,452
2021-06-30T23:59:59+02:00,9386,8685,168847,165449,293225,274365,330551,328346,407087,420846,472028,478729,333334,372895,237482,303448,70280,128306,319,312,61941,62660,129513,135233,155478,175311,235810,267670,320631,341424,273522,308234,216481,276723,65923,119849,3412697,2215830,476945,292585,801052,525369,113512,541,450
2021-06-29T23:59:59+02:00,8849,8162,165040,161663,288677,270089,326982,325044,404978,418760,470478,477314,332745,372257,237228,303093,70225,128197,261,241,59145,59658,124557,130812,149448,169775,223948,256956,312064,333047,267057,301038,214507,274260,65720,119503,3385121,2156493,474945,287912,800726,507951,109891,539,447
2021-06-28T23:59:59+02:00,8444,7782,161706,158198,283633,265765,323673,322196,402833,416832,468991,476001,332226,371645,236995,302784,70181,128104,201,191,56865,57302,120644,127294,145094,165689,214719,248530,306266,327632,262108,295740,212742,272024,65573,119237,3361156,2120715,470974,279282,800067,491415,106678,539,445
2021-06-27T23:59:59+02:00,8296,7659,160197,156668,281527,263954,321870,320657,401131,415472,468096,475284,331936,371354,236892,302621,70162,128055,175,171,55662,56189,118516,125583,142524,163554,210603,245135,302894,324769,258295,291728,210283,269110,65462,119042,3351123,2105216,468899,275779,799021,475263,103672,538,443
2021-06-26T23:59:59+02:00,7142,6560,156926,153328,279422,262070,319455,318416,399940,414316,467397,474586,331667,371074,236785,302463,70138,128025,164,159,55114,55597,117170,124425,141097,162313,208358,243126,300361,322351,256755,290065,209949,268700,65435,118972,3331978,2088371,466075,275688,799015,472763,103537,516,425
2021-06-25T23:59:59+02:00,5920,5444,152616,149040,276023,259114,317402,316455,398630,413069,466394,473760,331378,370738,236658,302307,70111,127976,135,138,53824,53971,114683,121721,137007,157741,199588,234670,294666,316474,255028,287943,209356,267897,65364,118855,3307007,2045827,464644,273989,798963,466171,103310,516,424
2021-06-24T23:59:59+02:00,5056,4656,148162,144906,271187,255160,313124,312671,396433,411191,465018,472623,330951,370275,236490,302069,70077,127889,116,108,51169,51372,109542,116995,129660,151088,187528,224206,283245,306233,249642,282096,207519,265549,65161,118454,3275765,1983688,462633,262183,798796,452407,101618,515,423
2021-06-23T23:59:59+02:00,4834,4450,144993,141785,267481,252001,307879,307864,393938,408843,463610,471306,330422,369656,236259,301757,70029,127782,84,78,49225,49283,105739,113080,123983,145402,177621,215532,271258,294230,245027,277277,206184,263849,65000,118095,3248174,1927288,459108,252310,798635,441708,99839,513,421
2021-06-22T23:59:59+02:00,4583,4220,141913,138655,263761,248618,301747,302428,391302,406283,462066,469820,329872,369047,236039,301405,69982,127675,54,57,47532,47535,102122,109768,119175,140817,165015,204380,260336,283921,240957,272799,204262,261437,64748,117623,3216090,1868843,457171,244577,798443,430748,98562,512,411
2021-06-21T23:59:59+02:00,4324,3974,138647,135709,259049,244708,296498,297558,388252,403408,460593,468465,329354,368484,235818,301093,69942,127563,46,49,46297,46306,99733,107543,116435,138106,158790,198599,253446,277278,235601,266959,200321,256910,64563,117246,3184315,1837801,455123,239058,798236,410952,96601,509,410
2021-06-20T23:59:59+02:00,4180,3855,137138,134198,254792,241209,293914,295317,386860,402091,459802,467717,329128,368195,235706,300961,69922,127501,40,46,45164,45378,97467,105742,114154,136115,155754,196055,249129,273197,232594,263425,199332,255655,64482,117120,3166809,1817381,453357,235504,798076,403074,95071,507,403
2021-06-19T23:59:59+02:00,3764,3504,134985,132100,252040,238884,292129,293661,385015,400523,458962,466989,328906,367942,235603,300823,69902,127469,39,44,44618,44730,96192,104474,112677,134646,154243,194614,245902,270168,231868,262574,199161,255392,64460,117067,3150460,1801378,450532,233921,798067,402786,94959,507,402
2021-06-18T23:59:59+02:00,2812,2591,131700,128959,248515,235829,288116,290247,382613,398395,457624,465829,328530,367541,235448,300588,69875,127420,39,43,43832,43814,94614,102690,110374,131975,150692,190573,239035,262876,230138,260566,198675,254752,64385,116933,3124634,1772032,446094,233391,798041,396069,94676,507,401
2021-06-17T23:59:59+02:00,2577,2368,127988,125667,242482,231381,282886,285858,377820,394405,455297,463992,327934,366818,235203,300233,69810,127307,38,43,41591,41986,90560,99211,105463,127220,142824,182893,227628,251474,224929,254623,197023,252592,64126,116513,3089787,1716286,443103,229241,797778,385151,90213,452,394
2021-06-16T23:59:59+02:00,2306,2132,124748,122259,237581,227026,278184,281596,372647,389906,452699,461848,327191,366020,234913,299819,69744,127192,38,41,39755,40384,87020,96176,101102,123386,134579,175541,215516,239549,218688,247504,195096,250264,63874,116025,3056208,1656413,437556,223632,797286,377035,87604,450,392
2021-06-15T23:59:59+02:00,1917,1800,119831,117388,231597,221877,272831,276608,367577,385274,449850,459428,326322,365042,234562,299307,69662,127008,37,39,38137,38770,83689,93128,97127,119328,127516,169159,203153,227510,212649,240706,193132,247832,63564,115452,3011462,1599053,435626,217776,796725,369349,84892,449,389
2021-06-14T23:59:59+02:00,1654,1525,115778,113225,226365,216968,267468,271633,362284,380516,446730,456833,325536,364182,234253,298918,69600,126887,33,38,37158,37880,81410,91027,94415,116804,123394,165405,196547,221002,209535,237198,191998,246358,63345,115058,2969283,1569419,433270,215496,796468,361683,82143,447,385
2021-06-13T23:59:59+02:00,1581,1440,114286,111847,223912,214861,264922,269372,360029,378554,445558,455807,325260,363877,234117,298746,69568,126813,30,38,36290,37142,79548,89350,92400,114980,120566,162791,192667,217289,206440,233752,190963,244987,63113,114645,2954282,1555389,430830,208214,796164,353442,80076,447,384
2021-06-12T23:59:59+02:00,1432,1302,111632,109097,222015,213130,263536,268090,358589,377154,444664,455040,324972,363568,234025,298643,69550,126785,30,38,35920,36736,78558,88255,91145,113679,118984,161226,189098,213983,205405,232623,189564,243330,63103,114613,2938089,1542203,429850,208205,796142,346062,79941,446,383
2021-06-11T23:59:59+02:00,1285,1166,109079,106581,219117,210506,259867,264897,355452,374419,442949,453569,324535,363116,233888,298435,69523,126730,30,37,35244,35620,76548,84873,88911,110141,114870,156081,182385,206520,203307,230249,188959,242559,63040,114514,2913653,1514648,427049,207508,795959,332605,79242,445,382
2021-06-10T23:59:59+02:00,1123,1009,104327,102166,213042,205738,252805,259068,349353,369122,438454,449793,323674,362145,233568,297989,69439,126577,28,36,33662,34130,72540,80693,83986,104627,108187,147848,170017,192861,197217,223348,187230,240414,62786,114110,2869984,1467395,419943,205761,795124,305566,75104,441,376
2021-06-09T23:59:59+02:00,974,880,100403,98451,207067,201007,245990,253353,342688,363169,434769,446770,322992,361399,233295,297606,69374,126445,27,35,32124,32870,69297,78038,80288,101457,103456,143559,158857,182079,186576,211328,185364,238168,62514,113615,2830934,1413252,411406,201777,794610,294278,70442,423,372
2021-06-08T23:59:59+02:00,792,699,95867,93903,200425,195441,239031,247338,334424,355886,429660,442096,322155,360395,232921,297118,69294,126309,26,33,31049,32011,66704,75736,77005,98729,98866,139638,151232,174566,177845,201595,183555,235914,62282,113247,2778917,1373953,405631,196856,794024,283398,65919,423,364
2021-06-07T23:59:59+02:00,633,558,92642,90797,194351,190731,232469,242090,326591,349710,426613,439648,321607,359758,232704,296791,69240,126213,25,31,30176,31161,64234,73777,74048,96565,95098,136698,143134,166758,173788,196957,182122,234102,62058,112862,2739866,1346771,399455,193551,793455,272267,61089,423,364
2021-06-06T23:59:59+02:00,595,523,91061,89480,191055,188169,229110,239311,322306,346303,425175,438569,321333,359460,232596,296633,69217,126166,25,31,29573,30604,62458,72090,71965,94544,91899,133627,137431,160948,171248,194316,181010,232701,61830,112482,2724417,1334882,392052,183839,792968,261810,58333,422,358
2021-06-05T23:59:59+02:00,513,443,89114,87463,186175,183950,226641,237179,320489,344681,424179,437656,321048,359142,232447,296466,69203,126134,25,30,29113,29844,61253,70131,70563,92390,90215,131347,132660,155599,168236,190641,180524,232042,61796,112416,2700903,1311210,391920,183372,792860,256373,57940,421,357
2021-06-04T23:59:59+02:00,413,358,86756,84931,182503,180330,222626,233229,316893,341038,421817,435459,320591,358607,232252,296237,69164,126072,25,28,28643,29167,60129,68471,69269,90298,88422,128717,129280,151935,163993,185859,179531,230775,61748,112329,2671633,1292310,388093,182597,792741,246288,57492,420,355
2021-06-03T23:59:59+02:00,321,283,83465,81852,176762,175657,215351,227118,309172,334331,414056,428591,319555,357424,231881,295785,69108,125939,23,28,27751,28153,58230,66267,66870,87539,84772,124589,122500,145251,157641,178233,177956,228740,61634,112092,2622632,1263031,377837,177248,792319,233526,54525,418,347
2021-06-02T23:59:59+02:00,271,224,81378,79681,172658,171920,211696,223952,305580,330968,412004,426755,319144,356967,231727,295578,69080,125888,22,26,27280,27669,57095,65139,65259,86255,82703,122635,117512,140359,149747,169247,177233,227783,61549,111922,2593790,1230733,376449,175274,792294,229900,53590,415,338
2021-06-01T23:59:59+02:00,172,156,77108,75851,164372,165343,202323,216211,296472,323075,403790,418914,317634,355353,231186,294838,68968,125661,22,23,25727,26251,52775,62179,60410,82957,77267,118122,110072,133132,138622,155805,175122,225040,61341,111496,2535039,1180460,364791,171160,791537,218108,46689,409,328
2021-05-31T23:59:59+02:00,150,139,74362,73362,158709,161016,195011,210230,289084,316685,398047,413941,316637,354238,230799,294317,68878,125490,22,22,24816,25190,50145,59955,57236,80418,73650,114832,105563,128675,134452,150877,173747,223314,61172,111163,2494570,1157967,355389,168791,790898,207692,40844,408,325
2021-05-30T23:59:59+02:00,139,131,73308,72293,156223,158978,192384,207873,286296,314171,396161,412195,316273,353827,230638,294077,68840,125409,22,22,24210,24402,48548,58215,55494,78557,71408,112261,102907,125806,132296,148345,172954,222378,61079,110952,2478736,1148156,352864,167479,790266,196313,37950,407,319
2021-05-29T23:59:59+02:00,136,129,72700,71700,154708,157576,190082,205843,284457,312583,395324,411425,316050,353582,230557,293998,68829,125390,21,22,23885,23874,47627,56716,54148,76676,69481,109415,100583,123004,129482,144915,172299,221470,61052,110900,2464840,1134505,352703,167412,790201,185770,37925,405,317
2021-05-28T23:59:59+02:00,132,126,71613,70585,152305,155318,186413,202299,281179,309451,393463,409656,315641,353076,230410,293784,68810,125333,21,21,23350,22870,46018,54587,52315,74108,67432,105463,96249,117111,125088,139851,171320,220158,61005,110786,2440997,1111804,351650,167197,789993,171249,37545,403,310
2021-05-27T23:59:59+02:00,121,117,68294,67567,145810,150370,178218,196038,274773,304282,387152,403967,314372,351628,229949,293253,68738,125150,19,20,22024,21185,42761,51533,48431,70291,62867,99444,89886,109591,121150,135218,168508,216450,60832,110471,2396361,1083303,344018,164456,788182,151144,31813,401,304
2021-05-26T23:59:59+02:00,117,114,66138,65381,140857,146279,172111,190971,268017,298610,380408,397272,312848,350013,229454,292553,68634,124937,19,19,21279,20265,40931,49394,46075,67554,59824,95648,85294,104465,116159,129487,164694,211099,60622,110043,2359023,1051282,330801,162873,786357,139660,29089,399,300
2021-05-25T23:59:59+02:00,116,107,64107,63385,136650,142790,167060,186671,260949,292317,374979,391879,311559,348596,229040,291904,68551,124758,19,19,20701,19600,39531,47873,44239,65534,57348,92640,81208,100078,111201,123775,159129,203819,60452,109735,2321409,1019610,323289,159448,783812,130423,27455,396,294
2021-05-24T23:59:59+02:00,114,105,62863,62173,133887,140681,163780,184254,253999,286319,370032,387196,310729,347677,228753,291517,68480,124627,19,19,20358,19189,38510,46797,42895,64048,55664,90629,78970,97562,109769,122117,158519,203027,60340,109532,2297653,1010225,312163,158141,782001,123732,25906,395,288
2021-05-23T23:59:59+02:00,109,104,62366,61656,132786,139784,162582,183217,252757,285296,368443,385768,310107,347019,228580,291289,68460,124591,19,16,20124,19001,37958,46237,42139,63347,54495,89632,77474,96194,108587,120713,157538,201803,60269,109390,2286140,1002016,311575,155057,781957,122131,25775,395,285
2021-05-22T23:59:59+02:00,106,102,61670,61031,131288,138699,160209,181592,249785,283000,365964,383537,309577,346423,228403,291022,68434,124540,18,16,19805,18576,37343,45631,41504,62817,53842,88903,76703,95044,107036,118904,156764,200832,60242,109336,2268124,995301,311559,155053,781918,118694,24307,395,285
2021-05-21T23:59:59+02:00,102,99,60332,59589,128375,136100,156912,178267,244544,278231,359865,377851,308640,345328,228108,290624,68373,124432,18,15,19441,18208,36728,44860,40848,61764,52886,87506,74975,92745,103791,114952,155624,199380,60149,109160,2232007,982251,309914,154725,780341,112095,24021,391,281
2021-05-20T23:59:59+02:00,93,97,57280,56797,122633,131219,149974,171946,234226,269467,350827,369565,306099,342583,227339,289611,68241,124212,17,15,18144,17272,34552,42616,38390,58862,50057,83724,71048,88238,99659,110293,153151,196355,59967,108805,2173948,962881,303241,152768,774383,94421,21127,386,280
2021-05-19T23:59:59+02:00,91,95,55069,54604,117620,126538,142803,165324,223678,260105,340275,358654,303449,339715,226590,288559,68090,123935,17,15,17562,16484,33326,41032,36983,56801,48041,80943,67803,84658,95772,105820,149513,191608,59705,108313,2107970,939432,296984,150787,771404,84907,19304,383,267
2021-05-18T23:59:59+02:00,87,91,52969,52639,112830,122277,136419,159750,212103,249732,330388,348849,300776,336745,225710,287360,67940,123680,17,15,17043,15878,32106,39565,35624,55005,46223,78530,64914,81428,91756,101279,146313,187531,59494,107879,2048061,919134,287605,147922,767810,76246,17325,379,266
2021-05-17T23:59:59+02:00,84,87,51934,51643,110488,120216,133603,157095,205572,243711,322814,341753,298981,334772,225121,286537,67832,123467,17,15,16584,15428,31056,38520,34448,53708,44742,76730,62647,79027,86910,95407,144847,185643,59346,107565,2021220,907406,275287,140446,764382,69546,15266,377,260
2021-05-16T23:59:59+02:00,83,84,51145,50988,109039,118894,131857,155430,202600,241024,315380,334794,297959,333641,224811,286052,67779,123369,17,15,16300,15056,30304,37736,33574,52789,43681,75414,61314,77555,83493,91324,144054,184562,59258,107423,2005863,901297,264854,133673,761135,65405,13514,373,255
2021-05-15T23:59:59+02:00,82,84,50606,50355,108035,117903,130841,154313,200663,239087,311809,331579,297336,332956,224615,285781,67759,123305,17,15,16160,14892,30050,37427,33288,52357,43196,74766,60464,76567,82896,90508,143537,183894,59222,107375,1989639,896048,264833,133526,760266,64275,12804,371,253
2021-05-14T23:59:59+02:00,81,83,49344,48927,105780,115805,127245,150858,192448,232014,305495,325690,296354,331818,224329,285333,67711,123211,17,15,15661,14461,29260,36603,32516,51164,42119,72979,58892,74615,80984,88015,142925,182903,59181,107290,1952338,886369,263129,132648,755719,58844,11758,368,251
2021-05-13T23:59:59+02:00,77,82,47424,46975,101931,112571,122521,146744,182421,223423,294882,315865,293389,328396,223518,284195,67611,123003,15,14,14800,14014,28403,35903,31756,50262,41173,71884,57384,73046,77203,83662,140154,179293,59071,107073,1900711,873802,254488,125593,749487,54993,10744,364,245
2021-05-12T23:59:59+02:00,75,80,46510,46262,100013,111138,120452,145077,179864,221312,290149,310534,292225,327126,223278,283877,67573,122918,15,13,14634,13863,28081,35684,31350,49973,40725,71509,56843,72477,75853,82029,139373,178157,58985,106913,1877596,868036,252322,123795,748996,54723,9946,361,243
2021-05-11T23:59:59+02:00,71,74,44264,44785,95969,108053,114633,140344,166489,210037,278494,299769,288824,323213,222324,282478,67423,122619,15,12,14203,13296,27068,34256,30215,48165,39417,69234,55134,70209,72759,78442,138010,176321,58826,106554,1818705,855724,242590,121105,740481,46859,8465,357,242
2021-05-10T23:59:59+02:00,70,70,43009,43807,93366,106045,111378,137708,158103,203008,270615,292659,286648,320758,221753,281618,67299,122378,15,11,13858,12852,26308,33271,29421,46902,38420,67378,53905,68480,70670,75887,136864,174806,58707,106265,1783114,846841,236547,120050,733505,39660,7493,354,233
2021-05-09T23:59:59+02:00,69,70,41885,43034,90684,104287,108713,135937,153087,199586,265090,287711,285403,319368,221376,281089,67233,122232,15,11,13541,12632,25612,32603,28693,46098,37625,66416,52977,67538,69438,74483,136267,173967,58652,106134,1763757,842259,229447,119072,727504,34881,6510,349,231
2021-05-08T23:59:59+02:00,68,70,41593,42730,89837,103554,107612,135080,151634,198367,262526,285645,284902,318828,221257,280912,67217,122200,15,11,13440,12570,25482,32512,28547,45969,37435,66223,52636,67218,68473,73560,135196,172598,58605,106041,1751687,837636,228937,118324,727278,34104,6495,342,221
2021-05-07T23:59:59+02:00,66,69,40669,42012,87899,102212,104777,132860,147012,194558,256269,280130,283560,317228,220911,280459,67165,122078,15,11,12693,12089,24654,31775,27780,44908,36570,64959,51453,65705,66223,70870,132965,169772,58516,105864,1725869,827935,225726,116051,723154,27316,5546,336,218
2021-05-06T23:59:59+02:00,62,68,38028,40287,83147,98751,98779,128105,136821,186042,239829,265719,278441,311431,219621,278772,66991,121765,15,11,12007,11571,23716,30671,26778,43557,35214,62959,49717,63727,63732,67738,130853,167006,58402,105647,1660300,816822,215822,112940,712244,18945,4639,322,217
2021-05-05T23:59:59+02:00,60,65,36140,39088,79486,96163,94177,124459,128995,179505,225072,251674,272255,304294,218046,276780,66745,121243,15,10,11773,11295,23169,29946,26173,42637,34290,61558,48562,62310,61116,64621,127906,163301,58303,105396,1594077,804499,210740,109368,706200,14973,3569,321,213
2021-05-04T23:59:59+02:00,60,63,35034,37979,76759,93838,90667,121414,123421,174771,214440,241398,266769,297846,216603,274939,66536,120776,15,10,11610,11091,22760,29404,25711,41865,33567,60466,47451,61034,58391,61433,125539,160363,58154,105160,1545003,792586,205616,106729,700114,11825,2915,317,209
2021-05-03T23:59:59+02:00,59,62,34162,36928,74468,92015,87792,119061,118982,171125,207779,235395,263492,293982,215806,273850,66414,120481,15,10,11363,10820,22367,28824,25230,41164,32878,59500,46425,59892,55593,58085,121760,155466,57897,104721,1513236,776699,202503,105013,695175,9067,1267,313,202
2021-05-02T23:59:59+02:00,59,62,33807,36612,73291,91108,86318,117965,116552,169256,204682,232877,262529,292894,215521,273443,66347,120373,15,9,11291,10747,22176,28609,24997,40879,32536,59090,45970,59417,54403,56622,118688,151783,57813,104589,1502616,771659,199707,99447,691298,8165,403,306,195
2021-05-01T23:59:59+02:00,58,62,33488,36233,72528,90313,85244,116922,115079,167891,201595,229847,261837,292069,215311,273163,66336,120334,15,9,11277,10731,22123,28579,24933,40841,32474,59033,45888,59340,54161,56330,118530,151587,57804,104572,1487506,770349,199698,99407,691031,8117,396,305,193
2021-04-30T23:59:59+02:00,55,60,32945,35632,71321,89090,83780,115191,111295,164321,194197,222733,259847,289701,214862,272554,66276,120226,15,9,10954,10535,21762,28301,24656,40416,32146,58472,45425,58707,53264,55166,117578,150402,57749,104453,1454604,766668,199371,97416,690230,5778,194,303,189
2021-04-29T23:59:59+02:00,53,59,31444,34678,68391,87060,80145,112581,106180,160203,181376,211185,251912,280594,213665,270922,66142,119883,15,9,10645,10320,21285,27853,24226,39919,31558,57731,44621,57775,51429,52969,115728,148165,57648,104257,1399664,757824,192086,94746,684858,3457,172,293,186
2021-04-28T23:59:59+02:00,52,58,30209,34067,66520,85746,77663,110759,102755,157344,171686,202000,241057,267995,212387,269237,65946,119557,15,9,10458,10159,20981,27496,23859,39450,31130,57070,43894,56946,49294,50342,113144,144923,57523,104045,1346990,748230,188723,90185,679487,2235,140,290,176
2021-04-27T23:59:59+02:00,49,57,29451,33380,64940,84274,75646,108948,99989,154945,166953,197269,232548,258185,211241,267622,65826,119334,15,9,10333,10047,20699,27204,23622,39119,30769,56567,43203,56257,47283,47800,110503,141484,57404,103845,1312912,738401,186414,86172,671490,1513,138,285,166
2021-04-26T23:59:59+02:00,48,57,29021,32995,63839,83388,74144,107782,97698,153231,158340,189266,228356,253340,210535,266625,65733,119134,15,9,10239,9957,20481,27012,23385,38905,30470,56225,42584,55684,45475,45652,108606,139002,57308,103691,1283965,730430,184971,83069,664759,1133,132,279,162
2021-04-25T23:59:59+02:00,48,56,28769,32755,63061,82860,73080,107045,95966,152001,152950,184394,224022,248455,209945,265844,65667,119011,15,9,10183,9923,20402,26931,23297,38822,30361,56098,42422,55524,45064,45155,107925,138095,57280,103620,1271177,728757,178832,81303,656082,1001,129,277,162
2021-04-24T23:59:59+02:00,48,55,28425,32327,62119,81634,71894,105596,94415,150337,148041,179239,221236,245121,209475,265170,65633,118961,15,9,10169,9904,20361,26889,23244,38755,30280,56012,42271,55388,44820,44846,107672,137798,57259,103592,1246284,727659,178802,80603,654794,959,128,276,160
2021-04-23T23:59:59+02:00,46,55,27676,31704,60552,80117,70099,103575,91824,147691,143250,174842,216680,239566,208820,264182,65570,118846,15,9,10116,9841,20251,26802,23113,38604,30046,55802,41908,55057,44205,44086,106609,136510,57103,103317,1221368,724302,177616,78124,646258,907,127,272,157
2021-04-22T23:59:59+02:00,44,54,27058,31103,59016,78680,67632,101358,87694,144200,135207,167351,207654,228570,206782,261553,65371,118450,14,9,9991,9745,20000,26504,22758,38166,29532,55289,41157,54422,43048,42771,104615,134058,56874,102919,1179833,716809,170163,74220,637923,786,127,266,153
2021-04-21T23:59:59+02:00,44,50,26562,30582,57684,77574,65748,99725,84648,141560,128023,160533,194572,213234,204633,258668,65145,118024,14,9,9859,9658,19766,26253,22469,37841,29176,54836,40602,53885,42198,41753,102419,131264,56619,102503,1128323,710238,167274,70122,631550,713,127,262,146
2021-04-20T23:59:59+02:00,43,49,26136,30111,56516,76426,64070,98139,82095,138988,122934,155461,183102,199778,202205,255533,64909,117594,13,9,9754,9567,19545,26065,22176,37569,28765,54417,40063,53353,41380,40818,100195,128269,56280,101967,1085670,702660,163786,66871,624768,633,125,260,138
2021-04-19T23:59:59+02:00,43,48,25769,29752,55541,75607,62782,96960,79962,137063,119405,152072,177338,192936,200496,253301,64726,117264,13,9,9646,9474,19314,25843,21928,37294,28449,54024,39548,52821,40584,39911,97083,124275,55875,101252,1061095,692256,161952,64451,618160,595,124,250,138
2021-04-18T23:59:59+02:00,42,43,25460,29489,54772,75061,61657,96013,78101,135633,116038,149675,172224,187377,199482,252072,64614,117071,13,9,9572,9399,19124,25666,21750,37128,28234,53747,39289,52571,40255,39528,95870,122725,55692,100951,1047082,688383,160284,62520,607594,580,124,247,136
2021-04-17T23:59:59+02:00,41,42,25350,29396,54402,74862,61138,95659,77449,135032,115187,148934,167969,182496,198949,251346,64580,117008,13,9,9527,9340,18985,25477,21562,36899,28006,53471,39024,52303,39954,39204,95103,121800,55627,100867,1036195,684357,160255,62206,603526,568,124,246,136
2021-04-16T23:59:59+02:00,41,42,24975,29146,53410,74252,59849,94780,75819,133701,111033,144790,160324,173732,197291,249144,64472,116800,13,9,9322,9165,18593,25044,20975,36324,26894,52566,36997,50698,36625,36246,91904,118269,55225,100213,1010273,669225,159463,55280,594000,538,123,244,134
2021-04-15T23:59:59+02:00,38,38,24499,28697,52155,73084,57885,93054,72541,130860,105570,139513,152463,164760,192637,243274,64176,116184,13,9,9148,9001,18222,24620,20482,35660,26216,51767,35608,49466,34513,34194,88781,114526,54717,99356,978077,656087,157408,49688,576073,488,122,242,130
2021-04-14T23:59:59+02:00,36,35,24159,28370,51220,72147,56541,91666,70153,128697,101568,135743,143267,154378,184897,233396,63835,115518,13,9,8740,8729,17745,24112,19946,35012,25305,50890,34322,48347,32464,32037,85801,110869,54224,98494,940191,641159,154739,45468,560829,396,121,234,130
2021-04-13T23:59:59+02:00,36,35,23918,28152,50521,71613,55593,90834,68519,127282,97843,132300,131436,141259,178504,225072,63497,114928,13,9,8503,8554,17399,23701,19519,34473,24639,50098,33250,47328,31080,30672,83637,108469,53864,97949,906924,631771,150221,41076,544330,274,121,230,129
2021-04-12T23:59:59+02:00,36,34,23709,27962,49966,71099,54724,90099,67048,125992,95213,129978,124326,133230,175277,221126,63226,114437,13,9,8266,8364,17033,23402,19146,34035,24167,49563,32583,46700,29549,29132,81973,106531,53538,97427,890503,623316,148677,37820,528440,260,119,223,126
2021-04-11T23:59:59+02:00,35,34,23535,27799,49437,70678,53988,89644,65903,125185,93353,128498,118839,127207,171364,216522,63056,114140,13,9,8130,8230,16735,23123,18826,33719,23809,49181,32138,46315,28911,28464,80955,105283,53329,97108,883014,618014,144274,35991,512075,246,113,217,122
2021-04-10T23:59:59+02:00,35,34,23474,27742,49270,70541,53785,89484,65572,124914,92827,128060,116755,124676,169924,214671,63014,114041,13,9,7541,7624,15843,22335,17866,32878,22690,48149,31025,45320,28249,27753,78858,102675,53062,96672,876010,602679,143418,35612,509543,242,106,215,122
2021-04-09T23:59:59+02:00,34,34,23225,27492,48766,70050,53140,88793,64574,123788,91001,126153,107921,113727,166544,210263,62814,113683,12,9,6581,6722,14311,21012,16146,31321,20546,46180,28811,43311,26470,25927,75350,98490,52517,95832,856559,575196,136363,34097,499239,230,94,209,119
2021-04-08T23:59:59+02:00,34,34,22928,27246,48186,69558,52383,88095,63265,122702,88580,123986,97602,101722,160997,203415,62484,113114,12,9,5937,6134,13117,19991,14886,29983,18906,44465,26322,40978,23449,22957,70685,92691,51362,94064,837853,543566,127467,32160,481177,203,84,207,116
2021-04-07T23:59:59+02:00,32,33,22616,27017,47376,69096,51450,87479,61871,121715,85430,121538,88402,91425,153991,194628,62190,112557,12,9,5557,5811,12456,19313,14068,29156,17867,43415,24416,39086,20908,20431,66718,87910,50364,92445,817418,520069,121864,29682,459735,177,77,198,111
2021-04-06T23:59:59+02:00,31,33,22404,26858,46846,68712,50859,86954,60837,120938,83322,119795,80639,82613,147623,186669,61845,111931,12,9,5361,5652,12102,18952,13715,28724,17331,42852,23556,38275,19780,19401,63556,83805,49441,91057,798137,506678,118651,26731,442296,165,71,192,110
2021-04-05T23:59:59+02:00,31,32,22305,26733,46533,68363,50467,86553,60289,120245,82140,118645,76157,77518,142641,180587,61644,111617,12,9,5221,5513,11841,18699,13420,28409,17008,42476,23109,37814,19318,18931,60667,80244,48742,89991,788698,497327,116898,23934,427087,160,65,184,110
2021-04-04T23:59:59+02:00,31,32,22256,26672,46410,68088,50295,86238,60008,119744,81630,118013,74713,75807,141938,179616,61607,111536,12,9,5216,5505,11822,18685,13408,28392,16989,42459,23011,37742,18912,18610,59228,78395,48535,89680,786153,492530,116789,23931,421885,153,59,180,108
2021-04-03T23:59:59+02:00,31,32,22194,26591,46287,67979,50131,86062,59693,119432,81062,117435,73367,74172,140824,178079,61524,111388,12,9,5205,5496,11809,18666,13385,28372,16956,42412,22905,37667,18776,18459,58876,77829,48446,89533,779793,490736,116747,23931,419936,151,58,179,108
2021-04-02T23:59:59+02:00,31,32,22116,26506,46125,67812,49913,85813,59223,118978,80181,116623,71813,72289,138545,175096,61330,111028,12,9,5185,5459,11761,18623,13330,28290,16868,42263,22631,37192,18419,18096,56537,74945,47633,88432,770673,482256,114970,23288,418007,151,54,177,105
2021-04-01T23:59:59+02:00,28,31,21921,26302,45709,67292,49267,85070,58348,118039,78298,114954,68552,68860,134458,169920,61012,110456,12,9,5038,5315,11486,18358,13106,28053,16546,41955,22126,36750,17591,17345,51676,68897,45946,85958,759018,464131,108882,21914,410816,138,49,174,102
2021-03-31T23:59:59+02:00,28,31,21592,26083,45307,66764,48768,84420,57616,117099,77138,113713,66503,66540,129697,163798,60608,109732,11,9,4960,5262,11386,18235,12942,27900,16306,41686,21532,36234,16459,16443,46444,62465,44559,83964,749244,445714,101708,20975,404690,135,42,172,98
2021-03-30T23:59:59+02:00,28,30,21415,25860,44905,66144,48260,83620,56905,116047,76000,112335,64659,64522,125318,158052,60143,108835,11,9,4893,5177,11281,18108,12748,27710,15977,41363,20958,35688,15627,15640,43679,59051,43446,82166,739066,433848,97483,19608,396745,108,36,165,96
2021-03-29T23:59:59+02:00,27,30,21217,25622,44442,65592,47781,82929,56172,114967,74763,110899,62165,61774,118584,149428,59375,107444,11,9,4796,5104,11175,17991,12594,27545,15732,41040,20497,35220,14977,15098,41077,56058,42338,80337,718530,422618,94065,18925,390834,91,34,163,94
2021-03-28T23:59:59+02:00,27,30,21011,25331,43942,64900,47264,82185,55492,113959,73816,109789,60906,60339,113877,143460,58931,106686,11,9,4740,5044,11029,17841,12335,27245,15540,40794,20329,34987,14738,14853,40002,54647,41986,79796,711989,418297,86754,17600,383420,70,34,158,88
2021-03-27T23:59:59+01:00,27,30,20890,25172,43648,64536,46900,81657,54988,113272,73141,109052,59753,59256,112389,141750,58864,106604,11,9,4726,5032,11002,17822,12317,27215,15177,40364,19928,34549,14447,14643,39517,53961,41513,78979,706715,414242,86050,16947,379380,66,34,156,86
2021-03-26T23:59:59+01:00,27,29,20639,24661,42841,62834,45928,79632,53651,110250,71126,105434,57741,57366,109640,138520,58536,106088,9,9,4707,4999,10979,17770,12247,27123,15098,40254,19586,33954,13977,13991,36437,50110,39454,75721,695320,399690,82733,16728,367103,52,31,155,86
2021-03-25T23:59:59+01:00,27,26,20207,23988,41967,61068,44832,77079,52140,106719,68739,101671,55145,54731,106328,134556,57966,105095,9,9,4661,4944,10887,17667,12126,26978,14914,40035,19309,33647,13502,13497,32589,45055,36451,71169,683895,381316,78533,16132,350071,47,28,152,84
2021-03-24T23:59:59+01:00,27,26,19803,23539,41182,59795,43811,75537,50757,104793,66636,99338,52363,51815,102076,129462,57326,104018,9,9,4606,4877,10793,17525,11958,26775,14684,39747,18942,33229,13043,13050,30017,41843,33334,66330,671087,365749,73655,15034,337780,41,24,149,81
2021-03-23T23:59:59+01:00,27,26,19555,23237,40621,58876,43085,74442,49717,103278,64970,97478,50067,49471,99327,126251,56768,103179,9,9,4546,4806,10694,17399,11811,26590,14438,39433,18527,32840,12545,12544,27577,38730,29631,60400,662933,348097,70317,14446,327344,38,23,147,81
2021-03-22T23:59:59+01:00,27,26,19332,22822,39978,57992,42417,73401,48772,101891,63498,95846,48239,47584,96933,123514,56298,102413,6,8,4489,4760,10606,17283,11680,26412,14279,39193,18285,32537,12228,12170,25735,36367,25635,53927,656628,331729,67515,13890,317056,33,23,146,79
2021-03-21T23:59:59+01:00,27,26,19193,22563,39484,57236,41863,72552,48118,100734,62554,94612,47191,46558,95292,121662,55928,101835,6,8,4473,4751,10570,17235,11632,26325,14219,39106,18204,32436,12108,12034,25305,35919,25281,53367,654038,329528,65486,13477,308118,33,20,145,74
2021-03-20T23:59:59+01:00,26,26,19134,22419,39271,56742,41622,71991,47807,100099,62113,94011,46536,45794,92695,118435,55640,101350,6,8,4464,4742,10560,17222,11604,26308,14176,39071,18123,32361,11954,11874,24664,35146,24516,52284,647575,325820,65037,13289,303309,33,20,145,74
2021-03-19T23:59:59+01:00,25,25,18779,21854,38137,54619,40339,69997,46072,98013,59233,91255,42102,41926,87478,112678,54939,100275,6,8,4442,4727,10527,17172,11539,26196,14084,38899,17887,32061,11604,11593,22984,33083,22831,49719,629838,316467,57832,12926,290287,29,19,140,73
2021-03-18T23:59:59+01:00,25,24,18385,21204,36958,52465,38801,67209,43915,93541,55388,85465,38074,38125,82751,107204,53851,98622,6,8,4422,4698,10461,17069,11461,26041,13939,38712,17673,31859,11370,11410,21738,31562,21115,47119,612915,308382,52097,12313,267198,27,18,139,71
2021-03-17T23:59:59+01:00,25,23,17959,20852,36229,51545,38032,66250,42832,92183,53599,83641,35396,35333,78741,102383,52912,97151,5,8,4399,4670,10399,16974,11387,25908,13826,38524,17477,31666,11134,11184,20486,30144,19524,44711,596245,300859,47695,11602,261342,24,18,136,69
2021-03-16T23:59:59+01:00,24,23,17599,20432,35478,50473,37217,65054,41736,90510,51758,81652,33188,33314,74706,97422,52031,95837,5,6,4349,4618,10326,16844,11296,25755,13726,38286,17344,31423,10956,11001,19204,28618,18043,42383,582961,293056,43005,11167,252682,24,14,134,67
2021-03-15T23:59:59+01:00,24,23,17319,20068,34766,49492,36425,63864,40830,89032,50496,80049,31464,31478,71415,93326,51335,94706,5,6,4327,4583,10259,16721,11230,25555,13609,37998,17196,31152,10790,10843,18473,27652,16780,40520,571829,287229,39676,10520,244809,24,3,129,66
2021-03-14T23:59:59+01:00,24,22,17049,19641,33910,48282,35524,62546,39769,87203,49240,78323,30297,30237,69419,90763,50893,94030,5,6,4303,4564,10214,16643,11174,25413,13549,37776,17106,30990,10718,10757,18294,27372,16517,39958,564712,286032,37796,9389,234868,15,0,125,66
2021-03-13T23:59:59+01:00,24,22,16230,18580,32410,46241,33949,60409,37729,84124,47103,75765,28945,28882,67399,88137,50625,93641,5,6,4303,4563,10212,16637,11170,25404,13540,37769,17098,30981,10684,10726,17545,26485,15469,38503,548359,281773,37513,9388,224526,15,0,125,65
2021-03-12T23:59:59+01:00,23,21,15130,17203,29967,43588,31283,57266,34864,79270,43888,71300,26104,25691,63092,82837,49642,92240,5,5,4290,4530,10193,16575,11152,25351,13496,37650,17008,30851,10407,10498,16653,25238,14399,36975,520309,275962,36202,9376,207071,12,0,122,64
2021-03-11T23:59:59+01:00,22,21,14087,15740,27710,40891,28961,54082,32271,74879,40132,66412,22696,22213,57079,75525,47715,89413,5,5,4248,4489,10113,16456,11039,25126,13378,37340,16842,30545,10103,10286,16020,24393,13730,35697,488246,271952,34612,7934,187147,9,0,115,58
2021-03-10T23:59:59+01:00,22,21,13493,15040,26298,39275,27307,52259,30706,72558,37611,63287,19944,19660,51165,68398,46163,87082,5,5,4212,4445,10014,16289,10919,24875,13230,36921,16643,30172,9861,10102,15277,23620,13071,34672,461827,267216,32567,7190,176049,6,0,113,56
2021-03-09T23:59:59+01:00,21,20,13210,14574,25172,38235,25893,51073,29641,70904,36229,61452,18760,18536,47655,63955,45043,85293,5,5,4187,4419,9929,16122,10815,24615,13076,36605,16466,29935,9735,9998,14612,22781,12572,33897,448223,263497,30033,6354,167551,6,0,113,51
2021-03-08T23:59:59+01:00,20,20,12879,13963,24091,37121,24624,49936,28705,69424,34991,59831,17688,17653,43541,58977,43816,83308,5,5,4172,4383,9867,15923,10712,24351,12943,36247,16336,29670,9651,9914,14116,22175,12257,33454,432781,260300,28025,5961,159921,2,0,110,50
2021-03-07T23:59:59+01:00,20,20,12646,13668,23497,36268,23926,49060,28104,68554,34379,59069,17423,17400,42471,57525,43452,82746,5,5,4160,4370,9844,15881,10685,24277,12912,36077,16279,29556,9629,9885,13917,21920,12122,33250,428008,259237,26209,5618,156149,0,0,106,50
2021-03-06T23:59:59+01:00,19,20,12532,13376,23093,35532,23390,48268,27054,67021,33278,57304,17035,17070,41825,56634,43152,82277,5,5,4157,4356,9833,15854,10667,24243,12902,36036,16261,29525,9611,9845,13871,21882,12019,33039,423931,258860,26145,5334,148941,0,0,104,48
2021-03-05T23:59:59+01:00,19,20,12119,12773,22409,34328,22705,47039,26298,65390,32044,54885,16386,16236,38368,52336,41002,78841,5,5,4130,4309,9763,15754,10617,24095,12834,35841,16174,29320,9516,9775,13686,21671,11647,32426,408760,257166,24693,4486,139875,0,0,104,46
2021-03-04T23:59:59+01:00,17,20,11359,11761,21219,32601,21492,44990,24943,62738,30350,52530,15657,15517,34364,47171,37927,74159,5,5,4080,4218,9649,15461,10514,23737,12701,35306,16030,28918,9337,9620,13528,21461,11562,32280,390327,254104,22615,4392,126000,0,0,104,43
2021-03-03T23:59:59+01:00,15,20,11048,11265,20531,31383,20717,43626,24032,60987,29305,50889,15178,15013,31748,43848,34842,69392,5,5,4038,4155,9569,15290,10434,23484,12595,34885,15850,28571,9152,9494,13402,21242,11417,32009,374877,251454,21819,4226,117268,0,0,100,41
2021-03-02T23:59:59+01:00,15,20,10787,10837,19886,30411,20003,42607,23245,59597,28331,49613,14555,14365,29079,40486,30946,63178,5,5,3990,4083,9507,15124,10365,23219,12490,34453,15749,28262,9025,9391,13262,21052,11340,31863,356694,249042,20310,4224,111077,0,0,98,41
2021-03-01T23:59:59+01:00,13,19,10615,10577,19373,29607,19440,41723,22655,58525,27616,48490,14135,13911,27007,37903,26679,56280,5,5,3974,4033,9452,14969,10301,22920,12409,34078,15642,27940,8941,9329,13080,20782,11224,31680,339451,246619,19195,4224,106039,0,0,96,41
2021-02-28T23:59:59+01:00,12,19,10445,10375,18905,28957,18903,40983,22173,57669,27124,47694,13926,13668,26402,37246,26274,55677,5,5,3958,4019,9426,14936,10282,22868,12392,34008,15615,27893,8914,9305,12949,20603,11161,31531,336986,245764,18335,4187,101245,0,0,96,39
2021-02-27T23:59:59+01:00,12,18,10266,9860,18576,28092,18645,40195,21890,56687,26798,46907,13655,13367,25734,36445,25351,54260,5,5,3945,4007,9404,14915,10250,22821,12353,33926,15568,27819,8893,9289,12929,20580,11139,31511,333084,245402,17613,4038,96171,0,0,96,39
2021-02-26T23:59:59+01:00,11,17,9471,9079,17678,26654,17863,37990,20958,53840,25338,44089,13188,12966,24142,34455,23822,51953,5,5,3865,3938,9326,14755,10176,22565,12273,33560,15451,27525,8814,9209,12863,20513,11099,31441,323950,243501,17358,3964,82310,0,0,95,37
2021-02-25T23:59:59+01:00,11,17,8314,8227,16359,25046,16598,35735,19723,50955,23631,41307,12711,12566,22865,32865,22324,49670,5,5,3741,3792,9160,14438,9954,21959,12016,32706,15125,26871,8618,9058,12600,20188,10959,31172,316332,239345,16586,3104,66104,0,0,90,36
2021-02-24T23:59:59+01:00,10,16,7949,7703,15706,24014,15973,34502,19009,49445,22841,40108,12318,12230,21557,31370,20653,47043,4,5,3669,3724,9018,14147,9776,21504,11812,32077,14862,26336,8476,8919,12457,20015,10894,30960,308109,236566,15619,2170,58814,0,0,90,35
2021-02-23T23:59:59+01:00,10,16,7465,7225,14892,22838,15287,33284,18288,48037,22124,39038,12005,11905,20217,29797,19043,44494,4,5,3628,3648,8898,13944,9635,21106,11624,31497,14562,25834,8305,8775,12329,19804,10822,30723,299997,233720,14820,1504,51238,0,0,89,34
2021-02-22T23:59:59+01:00,9,14,7358,7020,14510,22221,14935,32558,17821,47028,21631,38305,11803,11655,19468,28786,17725,42539,4,5,3598,3546,8760,13653,9473,20604,11369,30752,14193,25235,8057,8580,12130,19549,10716,30413,294116,230399,14213,317,47143,0,0,86,34
2021-02-21T23:59:59+01:00,9,14,7268,6894,14185,21776,14516,31975,17406,46378,21193,37810,11697,11553,19305,28572,17477,42205,4,5,3558,3506,8676,13529,9394,20388,11297,30460,14070,24965,7997,8519,12072,19439,10645,30249,292967,228549,13843,301,43507,0,0,84,34
2021-02-20T23:59:59+01:00,9,14,7151,6844,14059,21696,14399,31839,17287,46227,21033,37626,11598,11469,18522,27654,16418,40736,4,5,3556,3500,8666,13521,9384,20367,11283,30435,14055,24954,7992,8510,12008,19375,10591,30181,288704,228165,13646,300,42313,0,0,83,33
2021-02-19T23:59:59+01:00,7,13,6849,6592,13705,21258,14028,31169,16814,45431,20327,36755,10994,11067,17475,26325,15262,39128,4,5,3476,3475,8591,13493,9340,20308,11245,30343,13996,24860,7950,8450,11788,19103,10399,29851,282321,226458,13269,298,37688,0,0,81,32
2021-02-18T23:59:59+01:00,7,13,6452,6119,13078,20114,13389,29798,15998,43563,19452,35180,10764,10850,16883,25572,14685,38242,4,5,3290,3338,8257,12954,9045,19558,10894,29299,13626,24031,7745,8141,11202,18151,9902,28697,278734,217920,12691,298,28812,0,0,78,31
2021-02-17T23:59:59+01:00,7,12,6286,5776,12633,19236,12898,28609,15295,41842,18805,33856,10534,10598,16126,24758,13909,37059,3,5,3040,3178,7917,12437,8745,18768,10526,28252,13239,23179,7511,7903,10647,17298,9466,27881,274074,209776,11960,294,22281,0,0,74,31
2021-02-16T23:59:59+01:00,7,12,5960,5474,12096,18404,12397,27540,14750,40467,18211,32823,10378,10495,15459,23930,13401,36276,3,5,2858,3058,7614,11983,8439,18044,10129,27161,12778,22279,7239,7607,9933,16124,8737,26329,270553,200259,11463,138,16143,0,0,69,28
2021-02-15T23:59:59+01:00,7,12,5853,5292,11799,17759,12130,26757,14403,39473,17864,32054,10249,10384,14901,23278,13042,35739,3,5,2769,2978,7421,11662,8222,17537,9826,26314,12427,21597,6969,7321,9236,15066,8225,25049,267456,192612,10861,92,12762,0,0,65,27
2021-02-14T23:59:59+01:00,7,12,5584,5177,11550,17489,11907,26324,14171,39025,17673,31776,10203,10332,14666,22938,12878,35346,3,5,2718,2940,7307,11495,8094,17330,9649,25981,12248,21294,6872,7196,9012,14683,8038,24513,266453,189366,9926,90,10763,0,0,63,25
2021-02-13T23:59:59+01:00,7,12,5524,5139,11500,17452,11876,26293,14143,38993,17653,31757,10189,10304,14639,22905,12864,35328,3,5,2714,2937,7302,11487,8082,17308,9632,25946,12221,21250,6840,7161,8856,14471,7685,23882,266208,187854,9922,8,10533,0,0,62,22
2021-02-12T23:59:59+01:00,7,11,5007,4822,10931,17089,11559,25742,13825,38352,17321,31118,10079,10197,14457,22692,12783,35219,3,5,2663,2904,7206,11329,7982,17077,9485,25554,12007,20803,6657,6926,8492,13910,7092,22539,264520,182709,9910,6,6865,0,0,61,21
2021-02-11T23:59:59+01:00,7,11,4545,4521,10345,16408,11146,24934,13347,37091,16833,30259,9764,9934,14177,22245,12502,34532,3,5,2494,2630,6607,10135,7292,15341,8622,22935,10950,18718,6002,6213,7442,12294,6274,20224,261287,164256,8267,3,3131,0,0,59,15
2021-02-10T23:59:59+01:00,7,11,4297,4353,10011,15960,10837,24396,13034,36208,16418,29510,9545,9797,13995,22039,12410,34325,3,5,2131,2337,5669,8669,6483,13296,7637,20024,9821,16674,5458,5626,6453,10630,5499,18171,258631,144662,7765,2,839,0,0,56,3
2021-02-09T23:59:59+01:00,7,10,4234,4255,9886,15692,10728,23993,12860,35589,16206,29038,9366,9656,13799,21826,12267,34102,3,5,1735,1984,4886,7400,5707,11498,6719,17505,8736,14677,4884,4997,5404,9069,4765,16051,256177,126093,6985,1,434,0,0,55,2
2021-02-08T23:59:59+01:00,7,10,4199,4201,9792,15482,10619,23632,12740,35131,16061,28679,9271,9589,13596,21541,12160,33905,3,5,1570,1788,4325,6405,5042,9922,5902,14977,7720,12818,4330,4466,4430,7475,4002,13964,253799,109206,6470,1,428,0,0,51,2
2021-02-07T23:59:59+01:00,7,10,4034,4134,9635,15347,10517,23467,12659,34869,15948,28486,9230,9543,13452,21360,12086,33761,3,5,1355,1542,3906,5732,4625,9043,5473,13815,7233,11855,4076,4206,4198,7079,3841,13364,252705,101411,5925,1,0,0,0,46,1
2021-02-06T23:59:59+01:00,7,10,4025,4125,9624,15331,10504,23432,12637,34819,15929,28429,9211,9530,13434,21325,11980,33565,3,5,1203,1347,3673,5428,4440,8618,5255,13232,6953,11298,3942,4073,4072,6930,3563,12909,252361,97001,5641,1,0,0,0,46,0
2021-02-05T23:59:59+01:00,7,9,3952,4056,9552,15188,10438,23182,12552,34452,15815,28146,9127,9457,13362,21253,11631,32970,3,4,1062,1117,3392,4982,4181,8034,4940,12454,6570,10570,3687,3828,3913,6698,3053,12019,250483,90561,4749,0,0,0,0,46,0
2021-02-04T23:59:59+01:00,7,9,3894,3931,9431,14872,10261,22633,12364,33657,15600,27583,9005,9346,13137,20958,11517,32763,3,2,799,785,2566,3731,3247,6289,3988,9905,5247,8352,3011,3114,3297,5713,2664,10526,246527,73281,4524,0,0,0,0,45,0
2021-02-03T23:59:59+01:00,7,9,3825,3859,9328,14650,10158,22296,12231,33147,15452,27166,8894,9231,12997,20782,11441,32597,3,2,664,616,1937,2815,2510,4856,3014,7608,4018,6298,2196,2239,2402,4224,1930,7878,243802,55241,4352,0,0,0,0,44,0
2021-02-02T23:59:59+01:00,7,9,3758,3764,9229,14455,10059,21918,12090,32584,15250,26715,8766,9115,12874,20574,11359,32331,2,2,527,486,1468,2081,1918,3653,2269,5788,3000,4712,1557,1541,1641,2782,1344,5238,240592,40030,4350,0,0,0,0,41,0
2021-02-01T23:59:59+01:00,6,9,3718,3673,9150,14224,9952,21533,11953,31949,15065,26212,8647,8968,12765,20429,11310,32153,1,0,392,352,1024,1435,1266,2437,1479,3791,1867,2986,989,981,971,1696,770,3026,237451,25475,4350,0,0,0,0,39,0
2021-01-31T23:59:59+01:00,6,9,3698,3637,9096,14115,9883,21327,11885,31652,14962,26016,8591,8909,12713,20317,11265,32024,1,0,362,331,900,1245,1076,2062,1277,3237,1633,2616,891,890,869,1512,699,2719,235955,22330,4234,0,0,0,0,38,0
2021-01-30T23:59:59+01:00,6,9,3697,3634,9086,14102,9869,21304,11872,31632,14950,26002,8587,8904,12644,20248,11199,31946,1,0,346,307,839,1161,1019,1938,1213,3047,1558,2479,863,864,850,1472,684,2666,235634,21316,4141,0,0,0,0,38,0
2021-01-29T23:59:59+01:00,6,9,3637,3617,9026,14073,9840,21252,11840,31556,14901,25935,8563,8881,12458,20025,11018,31702,1,0,279,224,718,987,874,1577,1058,2658,1347,2154,773,773,802,1418,666,2613,234411,18929,4012,0,0,0,0,37,0
2021-01-28T23:59:59+01:00,6,8,3519,3530,8822,13686,9621,20739,11608,30974,14574,25440,8426,8778,12025,19409,10663,31124,1,0,132,57,300,364,381,618,466,1156,614,966,406,426,469,816,381,1582,229629,9138,3409,0,0,0,0,35,0
2021-01-27T23:59:59+01:00,6,8,3287,3394,8530,13268,9321,20115,11224,30140,14187,24702,8209,8564,11476,18603,10240,30360,1,0,81,33,207,226,248,421,309,806,436,664,309,310,347,607,286,1160,222916,6453,2798,0,0,0,0,35,0
2021-01-26T23:59:59+01:00,5,8,3123,3296,8248,12929,9058,19546,10920,29385,13791,24068,7969,8340,10900,17688,9593,29210,1,0,75,29,192,216,232,387,293,753,405,604,294,284,320,543,259,1030,216205,5919,1955,0,0,0,0,31,0
2021-01-25T23:59:59+01:00,5,8,3035,3202,7965,12447,8768,18842,10534,28383,13312,23304,7687,8139,10283,16870,9137,28309,1,0,67,21,170,194,198,328,254,632,354,500,257,239,266,465,210,843,209900,5001,413,0,0,0,0,29,0
2021-01-24T23:59:59+01:00,5,8,2991,3181,7880,12367,8694,18716,10425,28223,13182,23121,7644,8102,10216,16757,9089,28214,1,0,66,20,166,190,196,314,251,610,345,486,248,235,264,458,206,828,208589,4886,309,0,0,0,0,28,0
2021-01-23T23:59:59+01:00,5,8,2990,3180,7879,12363,8689,18706,10423,28209,13176,23116,7636,8099,10092,16591,8760,27628,1,0,65,20,166,189,196,312,249,609,343,486,248,235,264,458,206,826,207330,4875,306,0,0,0,0,25,0
2021-01-22T23:59:59+01:00,5,8,2927,3134,7755,12249,8606,18564,10313,28036,13094,23001,7605,8063,9893,16288,8242,26605,1,0,65,20,165,189,196,312,249,609,342,486,248,235,264,458,206,826,204174,4873,304,0,0,0,0,21,0
2021-01-21T23:59:59+01:00,5,8,2843,2964,7256,11336,8123,17418,9776,26410,12488,21786,7321,7737,9258,15348,7726,25558,1,0,59,18,148,175,178,280,223,534,305,446,223,209,233,380,175,693,193145,4282,304,0,0,0,0,17,0
2021-01-20T23:59:59+01:00,5,8,2482,2618,6373,9924,7375,15460,8826,23580,11379,19713,6719,7087,8160,13580,6913,23337,1,0,57,18,147,170,175,278,214,520,292,424,211,202,227,355,161,655,173316,4109,300,0,0,0,0,16,0
2021-01-19T23:59:59+01:00,5,8,2043,2263,5471,8535,6511,13567,7805,20798,10110,17477,5968,6208,6785,11405,5893,20309,0,0,41,12,98,125,119,171,150,357,192,295,134,115,141,238,113,489,151009,2791,218,0,0,0,0,15,0
2021-01-18T23:59:59+01:00,4,8,1771,1975,4713,7152,5558,11335,6607,17204,8687,14763,5082,5330,5403,9155,4824,16837,0,0,22,7,39,47,54,79,66,163,76,147,60,54,66,131,61,221,126375,1294,94,0,0,0,0,15,0
2021-01-17T23:59:59+01:00,3,8,1497,1688,4200,6359,5049,10204,6071,15639,8046,13504,4745,4984,5029,8481,4497,15836,0,0,8,2,9,15,16,29,20,50,29,57,24,23,20,31,13,47,115805,393,89,0,0,0,0,14,0
2021-01-16T23:59:59+01:00,3,7,1332,1485,3983,6038,4869,9767,5812,14975,7717,12808,4554,4756,4814,8205,4144,15233,0,0,0,0,0,1,1,2,1,1,1,2,0,1,1,0,0,1,110544,12,9,0,0,0,0,13,0
2021-01-15T23:59:59+01:00,3,7,1182,1259,3728,5616,4614,9199,5522,14137,7312,12009,4263,4459,4624,7896,3607,14188,0,0,0,0,0,0,0,0,0,0,0,0,0,0,0,0,0,0,103668,0,4,0,0,0,0,13,0
2021-01-14T23:59:59+01:00,3,4,908,946,2982,4430,3748,7384,4578,11390,5917,9662,3465,3587,3883,6665,3125,12384,0,0,0,0,0,0,0,0,0,0,0,0,0,0,0,0,0,0,85096,0,0,0,0,0,0,13,0
2021-01-13T23:59:59+01:00,3,3,773,791,2508,3697,3165,6159,3808,9445,4823,7786,2596,2671,2925,5078,2392,9467,0,0,0,0,0,0,0,0,0,0,0,0,0,0,0,0,0,0,68119,0,0,0,0,0,0,12,0
2021-01-12T23:59:59+01:00,2,3,640,659,2099,3032,2607,5008,3048,7603,3802,6116,1865,1850,2001,3441,1694,6466,0,0,0,0,0,0,0,0,0,0,0,0,0,0,0,0,0,0,51971,0,0,0,0,0,0,0,0
2021-01-11T23:59:59+01:00,1,1,496,524,1749,2456,2092,4005,2364,5779,2828,4440,1202,1143,1201,2030,936,3684,0,0,0,0,0,0,0,0,0,0,0,0,0,0,0,0,0,0,36956,0,0,0,0,0,0,0,0
2021-01-10T23:59:59+01:00,1,1,439,455,1487,2029,1750,3278,1954,4794,2350,3721,1061,1017,1057,1782,835,3231,0,0,0,0,0,0,0,0,0,0,0,0,0,0,0,0,0,0,31258,0,0,0,0,0,0,0,0
2021-01-09T23:59:59+01:00,1,1,408,410,1362,1852,1604,2988,1801,4346,2165,3390,989,948,1002,1729,817,3188,0,0,0,0,0,0,0,0,0,0,0,0,0,0,0,0,0,0,29015,0,0,0,0,0,0,0,0
2021-01-08T23:59:59+01:00,1,1,311,281,1112,1506,1324,2316,1480,3564,1795,2772,853,840,914,1605,769,3032,0,0,0,0,0,0,0,0,0,0,0,0,0,0,0,0,0,0,24487,0,0,0,0,0,0,0,0
2021-01-07T23:59:59+01:00,1,0,146,76,403,510,486,799,598,1377,785,1207,467,485,563,966,466,1912,0,0,0,0,0,0,0,0,0,0,0,0,0,0,0,0,0,0,11250,0,0,0,0,0,0,0,0
2021-01-06T23:59:59+01:00,1,0,112,44,274,289,312,522,403,933,535,828,360,363,425,748,359,1445,0,0,0,0,0,0,0,0,0,0,0,0,0,0,0,0,0,0,7956,0,0,0,0,0,0,0,0
2021-01-05T23:59:59+01:00,1,0,87,31,194,234,246,434,324,823,451,706,344,347,408,716,352,1391,0,0,0,0,0,0,0,0,0,0,0,0,0,0,0,0,0,0,7092,0,0,0,0,0,0,0,0
2021-01-04T23:59:59+01:00,1,0,69,25,176,196,204,340,260,639,357,516,269,254,289,519,235,935,0,0,0,0,0,0,0,0,0,0,0,0,0,0,0,0,0,0,5286,0,0,0,0,0,0,0,0
2021-01-03T23:59:59+01:00,1,0,67,21,169,191,199,324,258,622,348,499,261,252,285,506,233,918,0,0,0,0,0,0,0,0,0,0,0,0,0,0,0,0,0,0,5156,0,0,0,0,0,0,0,0
2021-01-02T23:59:59+01:00,1,0,67,21,169,191,199,323,254,622,345,499,261,252,285,506,233,917,0,0,0,0,0,0,0,0,0,0,0,0,0,0,0,0,0,0,5147,0,0,0,0,0,0,0,0
2021-01-01T23:59:59+01:00,1,0,66,21,168,191,199,321,253,622,342,497,261,252,285,504,233,917,0,0,0,0,0,0,0,0,0,0,0,0,0,0,0,0,0,0,5135,0,0,0,0,0,0,0,0
2020-12-31T23:59:59+01:00,1,0,66,21,167,189,199,320,251,621,341,496,261,252,285,504,233,917,0,0,0,0,0,0,0,0,0,0,0,0,0,0,0,0,0,0,5126,0,0,0,0,0,0,0,0
2020-12-30T23:59:59+01:00,1,0,65,21,167,188,197,317,250,619,340,494,261,252,285,504,232,917,0,0,0,0,0,0,0,0,0,0,0,0,0,0,0,0,0,0,5112,0,0,0,0,0,0,0,0
2020-12-29T23:59:59+01:00,1,0,46,13,119,141,148,213,182,445,239,379,179,164,197,375,171,715,0,0,0,0,0,0,0,0,0,0,0,0,0,0,0,0,0,0,3728,0,0,0,0,0,0,0,0
2020-12-28T23:59:59+01:00,1,0,25,9,66,78,82,123,101,253,118,233,98,93,104,200,102,388,0,0,0,0,0,0,0,0,0,0,0,0,0,0,0,0,0,0,2075,0,0,0,0,0,0,0,0
2020-12-27T23:59:59+01:00,0,0,12,3,18,26,37,47,36,89,37,95,33,29,41,73,31,145,0,0,0,0,0,0,0,0,0,0,0,0,0,0,0,0,0,0,752,0,0,0,0,0,0,0,0
