Datum,<15_m,<15_w,15-24_1_m,15-24_1_w,25-34_1_m,25-34_1_w,35-44_1_m,35-44_1_w,45-54_1_m,45-54_1_w,55-64_1_m,55-64_1_w,65-74_1_m,65-74_1_w,75-84_1_m,75-84_1_w,>84_1_m,>84_1_w,<24_2_m,<24_2_w,25-34_2_m,25-34_2_w,35-44_2_m,35-44_2_w,45-54_2_m,45-54_2_w,55-64_2_m,55-64_2_w,65-74_2_m,65-74_2_w,75-84_2_m,75-84_2_w,>84_2_m,>84_2_w,bp_1,bp_2,mo_1,mo_2,az_1,az_2,ja,unb_1,unb_2
2021-10-16T23:59:59+02:00,46238,43531,300626,288341,403963,373029,415272,407865,476187,484631,524776,524677,355230,396460,247771,317877,73046,134127,273967,263349,379562,347105,394038,383622,454912,460459,505304,504927,345290,384984,241158,308610,70305,128359,4159467,3928656,528110,507296,808368,764819,318993,573,527
2021-10-15T23:59:59+02:00,46096,43381,300227,288019,403618,372729,415000,407616,475964,484421,524631,524553,355181,396419,247753,317849,73037,134112,273439,262814,379191,346759,393726,383310,454663,460207,505127,504775,345232,384920,241123,308567,70300,128340,4156834,3925229,528001,507131,808364,764816,318698,573,527
2021-10-14T23:59:59+02:00,45767,43066,299471,287350,403020,372096,414517,407175,475564,484033,524321,524284,355067,396292,247683,317744,72996,134047,272230,261590,378409,345835,393074,382511,454045,459587,504718,504365,345006,384707,241017,308418,70272,128294,4151480,3916774,527774,506662,808359,764768,318170,573,527
2021-10-13T23:59:59+02:00,45466,42793,298919,286812,402560,371601,414131,406791,475242,483704,524062,524044,354943,396142,247603,317610,72954,133973,271490,260814,377833,345102,392569,381893,453637,459139,504368,504018,344837,384513,240919,308231,70240,128217,4146975,3910631,527551,506397,808357,764732,317758,572,527
2021-10-12T23:59:59+02:00,45146,42524,298270,286270,402046,371067,413730,406405,474941,483397,523813,523806,354834,396004,247540,317511,72920,133909,270665,259962,377152,344393,392037,381336,453225,458715,504012,503678,344620,384299,240817,308082,70200,128110,4142281,3904126,527378,506177,808352,764709,317413,571,525
2021-10-11T23:59:59+02:00,44903,42301,297696,285801,401571,370618,413328,406056,474643,483105,523575,523608,354724,395885,247467,317409,72883,133834,269921,259237,376491,343723,391559,380797,452850,458277,503683,503380,344429,384105,240718,307934,70157,128022,4138189,3898321,527203,505900,808341,764684,316964,571,525
2021-10-10T23:59:59+02:00,44746,42171,297341,285521,401235,370316,413099,405809,474465,482919,523438,523479,354672,395829,247439,317360,72858,133795,269448,258822,376037,343260,391232,380461,452563,457993,503463,503208,344337,384005,240663,307865,70142,127988,4135776,3894740,527066,505781,808333,764652,316606,571,525
2021-10-09T23:59:59+02:00,44716,42146,297243,285446,401151,370258,413038,405760,474417,482871,523414,523462,354664,395815,247437,317356,72857,133794,269333,258718,375939,343165,391152,380391,452506,457939,503429,503178,344327,383991,240657,307857,70141,127986,4135273,3894044,527031,505709,808330,764644,316500,571,525
2021-10-08T23:59:59+02:00,44481,41940,296749,285047,400706,369885,412740,405465,474136,482652,523206,523296,354602,395755,247401,317304,72839,133780,268773,258166,375519,342737,390780,380021,452237,457621,503253,503021,344263,383908,240625,307812,70130,127974,4131938,3890271,526905,505546,808326,764625,316103,571,525
2021-10-07T23:59:59+02:00,44103,41519,295784,284200,399949,369130,412113,404855,473631,482171,522808,522976,354472,395580,247302,317190,72802,133716,267404,256788,374540,341565,389982,379030,451535,456883,502705,502524,344012,383629,240485,307637,70072,127883,4125157,3880696,526673,504360,808317,764584,315442,571,524
2021-10-06T23:59:59+02:00,43847,41264,295093,283628,399440,368634,411724,404437,473282,481864,522536,522726,354333,395429,247218,317064,72777,133630,266669,255984,374004,340911,389509,378497,451120,456438,502358,502173,343841,383420,240376,307493,70042,127805,4120374,3874651,526540,504256,808313,764554,314951,571,524
2021-10-05T23:59:59+02:00,43532,40971,294394,282962,398824,368018,411213,403960,472905,481475,522253,522424,354190,395273,247135,316909,72745,133520,265859,255152,373323,340178,388972,377887,450620,455973,502009,501818,343654,383206,240263,307320,69993,127730,4115023,3868257,526402,504116,808306,764532,314222,571,524
2021-10-04T23:59:59+02:00,43258,40733,293584,282278,398130,367447,410739,403506,472508,481091,521963,522159,354059,395104,247061,316786,72712,133428,264967,254222,372616,339411,388386,377296,450149,455441,501631,501452,343462,382977,240108,307153,69953,127646,4109931,3861610,526256,504007,808299,764494,313310,570,524
2021-10-03T23:59:59+02:00,43095,40585,293190,281876,397727,367100,410441,403262,472298,480861,521790,521995,353977,395012,247008,316692,72700,133385,264482,253802,372166,339008,388033,376904,449879,455137,501386,501222,343337,382834,240046,307060,69935,127614,4107131,3858062,526158,503899,808274,764441,312680,570,524
2021-10-02T23:59:59+02:00,43062,40548,293069,281755,397610,367013,410362,403183,472238,480804,521758,521965,353963,394989,247007,316689,72698,133383,264344,253672,372066,338919,387957,376827,449822,455086,501356,501183,343325,382812,240044,307053,69933,127614,4106457,3857371,526081,503842,808272,764418,312535,570,524
2021-10-01T23:59:59+02:00,42852,40293,292461,281208,397061,366525,409917,402805,471914,480545,521500,521786,353880,394914,246978,316641,72686,133365,263690,253026,371579,338491,387579,376454,449502,454769,501133,500989,343249,382746,240019,307008,69924,127597,4102623,3853521,525939,503686,808267,764364,311750,570,524
2021-09-30T23:59:59+02:00,42457,39902,291354,280137,396073,365579,409134,402031,471264,479892,520999,521392,353718,394707,246879,316509,72660,133296,262497,251861,370720,337573,386880,375635,448901,454128,500665,500595,343080,382524,239940,306850,69895,127545,4095089,3846521,525598,502682,808246,764283,310293,569,523
2021-09-29T23:59:59+02:00,42129,39603,290628,279413,395359,364887,408598,401457,470774,479415,520643,521087,353539,394505,246801,316377,72630,133229,261760,251106,370092,336928,386424,375061,448486,453681,500314,500254,342910,382343,239849,306687,69872,127492,4089357,3841115,525442,502534,808238,764216,309279,569,523
2021-09-28T23:59:59+02:00,41799,39297,289763,278588,394570,364183,407998,400896,470254,478913,520264,520731,353331,394284,246705,316225,72590,133127,260896,250320,369388,336291,385916,374537,448045,453225,499961,499909,342729,382139,239755,306542,69846,127436,4083132,3835609,525319,502387,808230,764163,308076,569,523
2021-09-27T23:59:59+02:00,41387,38915,288893,277757,393785,363476,407445,400312,469779,478394,519867,520403,353176,394088,246620,316105,72559,133035,259882,249400,368538,335490,385257,373864,447505,452688,499559,499550,342547,381907,239664,306408,69822,127374,4077512,3829459,525169,502237,808223,764056,306324,569,523
2021-09-26T23:59:59+02:00,41016,38609,288328,277232,393297,363044,407105,399964,469488,478108,519658,520217,353068,393991,246576,316034,72537,132990,259384,248945,368102,335098,384919,373499,447218,452394,499354,499366,342456,381816,239606,306335,69806,127337,4073854,3826521,525029,502090,808199,763942,305412,569,523
2021-09-25T23:59:59+02:00,40962,38549,288159,277065,393145,362924,406988,399877,469397,478026,519597,520173,353057,393971,246567,316025,72535,132987,259220,248793,367959,334975,384799,373402,447149,452294,499292,499332,342436,381793,239596,306322,69806,127335,4073100,3825812,524956,502030,808197,763911,304982,569,523
2021-09-24T23:59:59+02:00,40764,38339,287524,276416,392502,362358,406466,399397,468950,477622,519298,519930,352952,393886,246526,315972,72529,132963,258560,248112,367353,334437,384353,372961,446732,451938,498972,499086,342320,381687,239552,306268,69794,127311,4069354,3822110,524808,501929,808187,763841,303272,569,522
2021-09-23T23:59:59+02:00,40133,37675,285824,274752,391026,361006,405279,398189,467902,476654,518546,519244,352652,393608,246392,315752,72484,132846,257266,247029,366203,333459,383423,372133,445927,451207,498377,498578,342087,381446,239439,306115,69766,127233,4059480,3816069,524400,501656,808176,763742,299129,568,522
2021-09-22T23:59:59+02:00,39799,37360,284825,273781,390178,360162,404532,397421,467235,476051,518011,518800,352423,393339,246280,315554,72435,132761,256491,246285,365456,332779,382797,371536,445415,450688,497915,498232,341885,381237,239336,305978,69732,127170,4052644,3810991,524185,501487,808153,763626,297183,568,522
2021-09-21T23:59:59+02:00,39385,36876,283748,272702,389218,359255,403776,396668,466611,475461,517561,518368,352196,393075,246177,315375,72381,132654,255635,245436,364697,332066,382162,370933,444919,450202,497499,497830,341689,381031,239228,305814,69698,127084,4045068,3805385,524030,501290,808143,763547,295461,568,522
2021-09-20T23:59:59+02:00,39033,36598,282613,271630,388172,358320,402951,395866,465912,474850,517066,517913,351951,392849,246066,315192,72337,132558,254514,244454,363710,331230,381373,370167,444196,449627,497039,497388,341465,380815,239120,305627,69662,127008,4038048,3798917,523886,501116,808129,763343,293025,568,521
2021-09-19T23:59:59+02:00,38872,36464,282022,271221,387600,357831,402546,395471,465569,474538,516800,517683,351864,392724,246026,315111,72325,132519,254001,244018,363207,330807,380950,369832,443829,449284,496755,497169,341359,380687,239062,305541,69651,126977,4034717,3796096,523746,500933,808107,763044,291825,568,521
2021-09-18T23:59:59+02:00,38818,36393,281861,271063,387402,357669,402366,395329,465459,474423,516734,517624,351848,392711,246018,315102,72323,132515,253687,243672,362955,330555,380712,369641,443667,449150,496662,497080,341329,380661,239043,305521,69648,126969,4033771,3794221,523632,500852,808104,763031,291358,568,521
2021-09-17T23:59:59+02:00,38488,36028,280962,270233,386607,356911,401639,394672,464848,473897,516354,517262,351698,392566,245955,315033,72299,132484,252944,242993,362268,329960,380117,369144,443203,448739,496325,496792,341209,380525,238993,305442,69635,126948,4028434,3790454,523299,500449,808094,763000,289311,567,521
2021-09-16T23:59:59+02:00,37920,35435,279380,268680,385258,355457,400437,393354,463835,472915,515583,516566,351380,392238,245826,314846,72251,132391,251800,241985,361314,329030,379294,368288,442535,448050,495813,496346,340982,380304,238893,305314,69605,126886,4017567,3783861,522547,500051,808044,762853,286794,567,521
2021-09-15T23:59:59+02:00,37542,35124,278251,267583,384359,354480,399582,392495,463161,472230,515048,516053,351155,391950,245653,314665,72212,132271,250941,241176,360531,328237,378611,367614,441970,447532,495309,495908,340772,380069,238756,305166,69582,126813,4010024,3778226,522261,499819,808031,762780,284693,567,521
2021-09-14T23:59:59+02:00,37229,34818,277281,266626,383417,353623,398848,391731,462556,471578,514518,515601,350914,391710,245523,314494,72167,132201,250161,240383,359800,327569,378003,367016,441427,447020,494888,495525,340576,379855,238645,305018,69559,126759,4003217,3773118,521934,499596,808002,762632,282876,566,520
2021-09-13T23:59:59+02:00,36842,34424,276044,265364,382470,352582,398073,390852,461859,470861,513994,515097,350691,391460,245402,314340,72128,132128,249036,239330,358984,326786,377401,366361,440868,446495,494427,495145,340382,379630,238544,304870,69529,126705,3995022,3766190,521218,499310,807969,762536,281593,565,520
2021-09-12T23:59:59+02:00,36701,34295,275474,264927,381998,352137,397686,390427,461535,470560,513782,514882,350585,391349,245356,314264,72116,132093,248511,238918,358482,326343,377033,366009,440566,446205,494177,494923,340258,379499,238485,304783,69514,126660,3991847,3763173,521054,499118,807933,762412,280523,565,519
2021-09-11T23:59:59+02:00,36624,34246,275281,264719,381772,351950,397526,390272,461403,470438,513712,514821,350555,391319,245347,314248,72114,132090,248231,238736,358258,326185,376884,365868,440418,446089,494111,494868,340234,379472,238477,304770,69514,126656,3990813,3762091,520965,498985,807926,762391,279919,565,519
2021-09-10T23:59:59+02:00,36296,33915,274205,263725,380818,351053,396648,389464,460601,469760,513154,514373,350348,391120,245259,314136,72096,132060,247325,238032,357433,325450,376099,365243,439727,445567,493623,494488,340073,379316,238396,304667,69492,126625,3985495,3758645,520824,498771,807916,762369,275977,565,519
2021-09-09T23:59:59+02:00,35862,33469,272906,262572,379771,349878,395715,388431,459805,468888,512571,513864,350109,390836,245129,313980,72060,131999,246259,237071,356522,324583,375291,364435,439037,444961,493036,494045,339859,379088,238275,304524,69462,126573,3977337,3752564,520521,498372,807872,762220,273298,558,517
2021-09-08T23:59:59+02:00,35462,33068,271952,261588,378979,349033,395023,387651,459182,468292,512133,513403,349903,390593,245024,313805,72031,131941,245334,236215,355713,323850,374608,363714,438438,444400,492588,493590,339662,378842,238156,304360,69428,126484,3970908,3746884,520300,498052,807820,762087,271213,558,515
2021-09-07T23:59:59+02:00,35087,32732,270928,260665,378149,348254,394378,386978,458654,467769,511688,513006,349711,390382,244924,313639,71998,131869,244459,235432,354909,323167,373962,363156,437933,443892,492144,493201,339454,378628,238068,304222,69402,126432,3964813,3741903,520061,497710,807807,761910,269304,558,515
2021-09-06T23:59:59+02:00,34688,32324,269812,259562,377208,347307,393696,386204,458057,467140,511250,512572,349489,390135,244835,313518,71968,131799,243690,234677,354169,322513,373347,362568,437472,443388,491733,492817,339240,378421,237985,304089,69373,126376,3957613,3737087,519924,497469,807757,761782,267441,558,515
2021-09-05T23:59:59+02:00,34532,32176,269408,259151,376904,346965,393402,385890,457822,466902,511073,512393,349415,390042,244793,313456,71952,131772,243261,234284,353774,322128,372995,362258,437214,443141,491534,492609,339138,378302,237943,304025,69356,126344,3955029,3734460,519823,497194,807730,761647,266637,558,515
2021-09-04T23:59:59+02:00,34473,32138,269242,259021,376785,346839,393274,385786,457747,466817,511022,512348,349403,390024,244787,313444,71952,131771,243095,234140,353615,321965,372848,362141,437123,443039,491468,492560,339116,378282,237935,304013,69356,126343,3954326,3733675,519769,497058,807725,761624,266223,558,515
2021-09-03T23:59:59+02:00,34154,31824,268350,258215,376046,346178,392687,385199,457171,466334,510561,512009,349232,389846,244721,313339,71929,131738,242080,233280,352818,321247,372175,361489,436470,442448,490978,492144,338919,378083,237848,303904,69336,126316,3949966,3729370,519067,495520,807697,761551,263971,558,515
2021-09-02T23:59:59+02:00,33795,31487,267302,257336,375184,345345,391957,384455,456486,465707,510032,511582,348968,389596,244598,313161,71904,131660,241060,232485,351929,320469,371442,360786,435758,441824,490414,491687,338671,377819,237740,303751,69309,126239,3944038,3724198,518782,495039,807662,761230,261235,558,514
2021-09-01T23:59:59+02:00,33469,31121,266457,256497,374428,344672,391427,383909,456019,465226,509649,511238,348791,389403,244510,313044,71880,131600,239974,231425,351067,319616,370754,360090,435144,441217,489889,491202,338438,377552,237607,303594,69281,126184,3938601,3717388,518599,494495,807629,761012,259671,558,510
2021-08-31T23:59:59+02:00,33072,30778,265590,255593,373694,343960,390855,383327,455509,464742,509200,510872,348601,389211,244415,312896,71849,131557,239020,230539,350263,318871,370094,359455,434586,440708,489366,490803,338235,377338,237518,303444,69247,126128,3933085,3712079,518409,494108,807603,760597,257781,557,510
2021-08-30T23:59:59+02:00,32525,30291,264285,254412,372698,343052,390040,382512,454754,464032,508637,510372,348372,388994,244322,312741,71812,131488,237863,229554,349264,317975,369306,358714,433887,440127,488806,490288,337980,377097,237393,303263,69206,126051,3925600,3706041,518293,493665,807558,760343,255039,557,509
2021-08-29T23:59:59+02:00,32335,30100,263718,253905,372222,342638,389661,382175,454460,463743,508407,510151,348275,388885,244273,312676,71802,131464,237146,228918,348656,317432,368809,358245,433460,439750,488495,490027,337836,376943,237333,303189,69188,126026,3922518,3702159,518175,493266,807530,760084,253815,557,509
2021-08-28T23:59:59+02:00,32246,30003,263492,253726,372043,342485,389504,382052,454334,463623,508333,510099,348251,388862,244262,312664,71801,131461,236827,228659,348405,317236,368587,358080,433278,439585,488367,489935,337794,376901,237313,303163,69186,126022,3921479,3700581,518135,493149,807524,760058,253251,557,509
2021-08-27T23:59:59+02:00,32015,29753,262845,253161,371529,341966,389033,381599,453879,463225,507962,509815,348122,388728,244203,312578,71782,131441,236223,228161,347792,316734,368113,357653,432828,439231,488063,489687,337662,376783,237258,303099,69175,126015,3917675,3697371,518067,492935,807465,759997,251575,557,509
2021-08-26T23:59:59+02:00,31633,29366,261840,252185,370677,341148,388276,380854,453193,462546,507412,509334,347889,388467,244082,312461,71754,131381,234749,226801,346566,315548,366997,356660,431956,438427,487393,489111,337377,376462,237095,302930,69145,125969,3911481,3689037,517823,492289,807424,759638,248906,557,507
2021-08-25T23:59:59+02:00,31270,29033,260916,251326,369928,340373,387617,380160,452556,461956,506855,508873,347652,388211,243956,312298,71719,131314,232702,224937,345086,314145,365810,355466,430957,437464,486589,488383,336994,376070,236940,302694,69100,125880,3905762,3677056,517693,491882,807397,759487,246296,555,503
2021-08-24T23:59:59+02:00,30953,28765,260182,250546,369319,339740,387078,379584,452074,461442,506441,508499,347442,387986,243838,312133,71693,131241,231491,223872,344122,313224,365026,354717,430283,436812,486030,487833,336714,375756,236805,302533,69075,125815,3900813,3669869,517406,491435,807376,759183,244494,555,499
2021-08-23T23:59:59+02:00,30432,28237,258793,249228,368292,338825,386246,378792,451293,460756,505792,507931,347160,387704,243698,311945,71666,131182,230010,222554,342811,312157,364075,353865,429418,436052,485325,487263,336409,375422,236668,302343,69049,125755,3893376,3662461,517260,490955,807342,758899,241122,555,498
2021-08-22T23:59:59+02:00,30288,28123,258388,248858,367938,338495,385972,378526,451056,460511,505604,507781,347063,387609,243657,311887,71649,131156,229290,221876,342125,311500,363538,353360,428978,435648,485006,486998,336245,375238,236603,302238,69031,125718,3891154,3658079,517111,490492,807303,758599,240118,555,494
2021-08-21T23:59:59+02:00,30037,27918,257889,248396,367619,338174,385714,378268,450851,460333,505456,507642,347008,387553,243635,311849,71646,131147,228547,221224,341639,311102,363136,352950,428613,435342,484777,486801,336161,375170,236576,302195,69025,125706,3888602,3655107,516967,489286,807295,758543,239395,555,494
2021-08-20T23:59:59+02:00,29844,27719,257230,247737,366879,337548,385036,377739,450257,459836,504982,507321,346863,387393,243580,311752,71630,131112,226740,219608,340227,309906,362018,351993,427656,434543,484057,486252,335917,374920,236474,302075,69000,125676,3885126,3646850,516644,488126,807282,758176,236528,555,494
2021-08-19T23:59:59+02:00,29512,27406,256244,246885,365875,336758,384244,377046,449542,459197,504420,506837,346622,387130,243472,311605,71596,131039,223976,217174,337918,308069,360313,350520,426253,433273,482898,485294,335497,374494,236282,301829,68966,125607,3879594,3632489,516278,486360,807240,757704,233434,555,493
2021-08-18T23:59:59+02:00,29225,27145,255447,246178,365171,336140,383665,376478,448944,458698,503945,506421,346349,386890,243354,311457,71564,130973,221501,214650,335860,306305,358667,348867,424728,431942,481751,484253,334975,373938,236048,301529,68914,125512,3874474,3619204,516099,482410,807211,757324,231374,554,493
2021-08-17T23:59:59+02:00,28907,26869,254662,245460,364551,335456,383102,375924,448453,458213,503513,506000,346146,386679,243236,311326,71537,130921,218751,211896,333783,304475,356978,347402,423291,430664,480626,483262,334482,373397,235812,301236,68860,125436,3869425,3604126,515797,479632,807185,756894,229661,553,492
2021-08-16T23:59:59+02:00,28618,26605,253965,244810,363978,334897,382640,375460,448012,457773,503091,505635,345960,386470,243136,311162,71506,130881,215580,208822,331491,302357,355456,345951,422081,429529,479677,482418,334090,372949,235625,300962,68820,125347,3864999,3586721,515641,478906,807159,756544,227912,553,490
2021-08-15T23:59:59+02:00,28422,26442,253471,244364,363549,334506,382279,375123,447715,457515,502848,505440,345845,386352,243087,311082,71495,130860,211569,204762,329592,300738,354191,344728,421054,428589,478894,481758,333757,372613,235501,300785,68796,125297,3862146,3569085,515497,477994,807121,756218,226743,553,488
2021-08-14T23:59:59+02:00,28354,26384,253223,244166,363316,334330,382105,374973,447557,457386,502730,505333,345796,386320,243070,311059,71492,130855,210497,203657,328768,299974,353471,344049,420558,428129,478505,481436,333617,372484,235464,300728,68787,125280,3860972,3562385,515426,477623,807117,756141,226046,553,488
2021-08-13T23:59:59+02:00,28098,26141,252518,243577,362815,333903,381667,374542,447121,457024,502392,505075,345668,386169,243005,310983,71480,130826,208609,201869,327343,298657,352202,342857,419505,427190,477755,480795,333373,372194,235351,300586,68769,125226,3857151,3550434,515355,477021,807107,755949,224504,549,488
2021-08-12T23:59:59+02:00,27899,25915,251795,242940,362194,333314,381136,374054,446586,456577,501970,504719,345484,385969,242903,310878,71467,130778,206011,199596,324459,296119,350186,341055,417994,425937,476521,479725,332918,371654,235100,300309,68729,125142,3853188,3533000,515167,475813,807070,754922,222263,547,486
2021-08-11T23:59:59+02:00,27665,25668,251061,242249,361567,332732,380608,373574,446122,456149,501561,504289,345257,385727,242787,310743,71439,130723,202967,196609,321274,293177,348011,338985,416491,424529,475236,478434,332376,371011,234851,299901,68678,125013,3848333,3511127,514947,474739,807030,753984,220724,544,485
2021-08-10T23:59:59+02:00,27419,25410,250227,241511,360853,332180,380068,373024,445621,455674,501104,503887,345061,385531,242701,310604,71416,130679,198763,192474,316600,288955,345022,336203,414371,422583,473636,476972,331687,370338,234552,299491,68621,124894,3843235,3480958,514662,473627,806995,752832,219191,542,485
2021-08-09T23:59:59+02:00,27222,25209,249600,240939,360273,331696,379621,372642,445209,455329,500758,503603,344901,385382,242635,310492,71396,130643,194215,187873,310884,284204,342261,333705,412454,420810,472014,475505,331039,369647,234273,299120,68562,124758,3839515,3450550,514484,470845,806965,751736,217697,542,481
2021-08-08T23:59:59+02:00,27050,25050,249116,240527,359878,331341,379271,372350,444905,455070,500516,503411,344793,385274,242572,310412,71379,130610,192865,186502,309256,282863,340945,332541,411578,420053,471443,474986,330777,369376,234142,298950,68536,124707,3836927,3441410,514327,469480,806913,751247,216464,542,481
2021-08-07T23:59:59+02:00,26901,24874,248587,240077,359480,331000,378936,372066,444612,454834,500290,503237,344721,385180,242538,310362,71371,130599,189186,182911,307209,281009,339224,331016,410242,418785,470516,474190,330421,369002,234011,298761,68502,124670,3834067,3421763,514220,468145,806903,751033,215581,542,478
2021-08-06T23:59:59+02:00,26675,24639,247717,239409,358693,330390,378260,371489,443955,454306,499752,502846,344488,384975,242439,310246,71360,130577,185441,179354,303736,278196,337102,329178,408639,417443,469215,473225,330040,368617,233851,298606,68478,124622,3831480,3402430,512853,466414,806891,749932,212098,542,477
2021-08-05T23:59:59+02:00,26353,24315,246537,238470,357794,329515,377434,370755,443212,453621,499083,502303,344203,384672,242323,310071,71319,130514,180960,175403,298342,273776,332980,325607,405828,414950,466956,471438,329372,367912,233585,298234,68417,124511,3825093,3374459,512589,461698,806827,746217,209083,542,476
2021-08-04T23:59:59+02:00,25979,23972,245390,237479,356795,328603,376653,370041,442581,453022,498509,501772,343928,384402,242201,309898,71291,130443,177477,172096,294570,270643,328566,321694,403571,412855,465246,469885,328676,367210,233310,297882,68358,124409,3818573,3347264,512244,459928,806792,744466,206440,538,475
2021-08-03T23:59:59+02:00,25515,23550,244025,236292,355883,327763,375941,369346,441925,452359,497910,501236,343636,384101,242071,309721,71247,130375,173990,168643,290459,266995,323450,317080,400819,410295,462903,467780,327829,366340,232959,297409,68290,124270,3810613,3315114,512082,458048,806748,742391,204542,538,475
2021-08-02T23:59:59+02:00,25197,23244,242970,235329,355034,327004,375240,368746,441352,451810,497384,500786,343374,383826,241953,309565,71221,130316,170347,165045,285754,263020,317572,312122,398062,407734,460667,465785,327055,365503,232663,297009,68228,124152,3804245,3281603,511834,456066,806690,739857,202670,537,473
2021-08-01T23:59:59+02:00,25041,23053,242338,234722,354435,326490,374795,368353,440918,451489,497039,500507,343233,383660,241877,309449,71207,130290,168795,163589,283263,261017,312932,308404,396202,406155,459186,464535,326621,365016,232492,296791,68199,124093,3800556,3263666,511530,453918,806596,737408,201300,534,469
2021-07-31T23:59:59+02:00,24931,22948,241994,234399,354152,326262,374554,368183,440730,451336,496930,500407,343200,383620,241857,309436,71206,130284,165017,159742,280434,258465,310839,306404,394803,404872,458039,463545,326301,364640,232358,296617,68173,124047,3798933,3240713,511340,452979,806590,736614,200651,534,469
2021-07-30T23:59:59+02:00,24641,22688,241194,233681,353575,325731,374062,367717,440267,450933,496568,500116,343062,383479,241812,309357,71193,130268,161266,155970,277031,255346,307806,303579,392570,402754,456189,461957,325789,364106,232148,296325,68140,123989,3794844,3215592,510970,451773,806573,733412,199040,533,467
2021-07-29T23:59:59+02:00,24294,22347,239656,232404,352405,324650,373090,366804,439408,450137,495751,499491,342728,383166,241675,309174,71156,130201,156404,151479,271635,251160,301885,298790,388205,399253,453131,459543,324955,363256,231835,295915,68080,123889,3787243,3181606,510288,446902,806489,728300,195594,532,467
2021-07-28T23:59:59+02:00,23994,22059,238503,231363,351518,323807,372336,366111,438768,449467,495184,498997,342473,382866,241540,308988,71121,130129,152640,147824,267131,247487,297440,294830,384936,396392,451037,457688,324293,362494,231565,295529,68016,123763,3780475,3150821,509749,444975,806411,725651,193667,531,464
2021-07-27T23:59:59+02:00,23721,21832,237493,230386,350673,323064,371630,365516,438180,448851,494658,498538,342228,382561,241406,308792,71085,130030,147606,142691,261195,242342,292132,290058,380914,392687,447852,454871,323301,361388,231198,295022,67924,123604,3774159,3109167,509192,442644,806354,721902,192018,530,462
2021-07-26T23:59:59+02:00,23488,21592,236517,229402,349879,322359,371020,364959,437622,448360,494206,498168,341996,382319,241278,308633,71061,129972,143251,138289,255634,237545,286952,285574,376440,388720,444328,451844,322346,360423,230868,294542,67849,123467,3768457,3069682,508560,440384,806273,717542,190617,527,462
2021-07-25T23:59:59+02:00,23130,21291,235176,228246,348933,321589,370338,364294,437041,447817,493745,497763,341796,382105,241188,308503,71040,129908,141401,136527,252944,235321,284442,283470,374302,386936,442238,450048,321831,359907,230664,294312,67824,123390,3761371,3054634,508182,438195,806206,713177,189215,526,462
2021-07-24T23:59:59+02:00,22881,21094,234246,227384,348209,320936,369762,363770,436513,447378,493383,497485,341680,382006,241144,308441,71037,129897,138503,133722,250207,232994,281873,281251,372040,385077,440997,449060,321480,359569,230519,294133,67805,123356,3757341,3036265,507420,435175,806191,712835,187362,526,462
2021-07-23T23:59:59+02:00,22463,20707,232740,226037,346881,319992,368712,362901,435633,446589,492684,496951,341445,381734,241055,308328,71016,129861,133016,128872,244826,228682,277390,277460,368346,381868,438340,446855,320779,358847,230265,293820,67751,123275,3749852,3000677,506948,433399,806136,710694,183851,526,462
2021-07-22T23:59:59+02:00,21958,20231,230634,224057,345126,318448,367202,361609,434315,445440,491702,496048,341009,381282,240877,308079,70972,129779,128665,124809,238819,224163,270997,272384,361441,376358,432876,442339,319594,357584,229825,293291,67657,123121,3737389,2958540,505358,427408,806006,704369,181063,525,460
2021-07-21T23:59:59+02:00,21450,19711,228744,222232,343423,316912,365581,360034,432737,444050,490474,494876,340456,380759,240629,307793,70918,129684,124898,121236,233353,219917,265458,267851,353297,369415,428263,438594,318473,356435,229362,292724,67576,122941,3726359,2922980,501596,416509,805780,699581,177769,525,458
2021-07-20T23:59:59+02:00,21148,19432,227273,220749,342183,315739,364614,359157,431870,443256,489750,494225,340113,380387,240481,307570,70889,129594,120560,116993,226999,214739,259625,262668,346174,363302,423558,434279,317379,355179,228948,292137,67478,122758,3717004,2879160,501188,409282,805649,695189,175626,525,457
2021-07-19T23:59:59+02:00,20834,19135,225535,219053,340864,314483,363574,358179,431054,442478,489080,493607,339817,380023,240329,307337,70844,129497,117800,114388,222604,211142,255001,258712,342453,360124,420934,432093,316652,354451,228648,291745,67403,122634,3706399,2854066,500764,403895,805557,690860,174036,525,457
2021-07-18T23:59:59+02:00,20680,19002,224239,217779,339243,313043,362500,357250,430233,441753,488540,493063,339585,379736,240200,307158,70822,129435,116297,112996,219937,208955,252644,256607,340199,358269,418894,430397,316161,353962,228487,291526,67382,122567,3696929,2841747,500225,399613,805481,687155,172654,525,454
2021-07-17T23:59:59+02:00,20281,18580,223084,216718,338662,312502,361908,356738,429713,441303,488124,492774,339481,379619,240158,307102,70819,129424,114224,110894,217475,206649,250174,254408,337769,356127,417445,429133,315826,353570,228352,291358,67359,122527,3691353,2824214,500022,396888,805458,686368,171185,522,454
2021-07-16T23:59:59+02:00,19737,18066,220542,214569,336922,311203,360398,355446,428245,440094,487024,491913,339075,379249,239987,306943,70794,129388,111105,108087,212704,202717,245634,250765,333462,352424,414097,426406,314904,352639,228001,290940,67305,122446,3681151,2796495,499262,394525,805298,682552,164906,521,453
2021-07-15T23:59:59+02:00,19095,17439,217758,212141,335014,309500,358807,354005,426901,438907,486077,491059,338674,378821,239784,306687,70752,129283,107194,104858,204319,196459,238129,245153,326848,347177,407016,419944,313160,350822,227451,290269,67233,122247,3666081,2749821,498663,386072,805180,675123,161771,520,453
2021-07-14T23:59:59+02:00,18249,16713,215308,209812,333303,307960,357397,352656,425676,437703,485045,490099,338215,378359,239543,306375,70698,129195,103577,101516,197830,191280,232404,240475,322549,343694,402836,416311,311847,349508,227042,289709,67150,122093,3651113,2716136,498076,380524,805050,668312,159053,519,450
2021-07-13T23:59:59+02:00,17595,16055,213119,207785,331697,306585,356058,351423,424497,436608,484081,489237,337774,377886,239340,306127,70663,129102,99810,97968,191335,185863,225253,234402,315860,337628,394433,408441,310047,347580,226436,288917,67038,121892,3637245,2673257,497519,367836,804889,658826,156960,518,446
2021-07-12T23:59:59+02:00,16575,15120,209836,204597,329634,304849,354477,349951,423251,435400,483095,488331,337357,377413,239161,305898,70624,129024,96708,95244,186042,181552,218267,228718,309015,331585,389328,404160,308313,345709,225842,288184,66939,121721,3618740,2634896,496961,360687,804708,650400,155158,517,445
2021-07-11T23:59:59+02:00,16066,14645,208475,203320,328882,304126,353814,349323,422685,434892,482645,487985,337166,377210,239101,305792,70602,128984,95285,93954,183253,179240,215263,226420,306319,329425,386492,401767,305839,343081,225461,287713,66884,121623,3612470,2619867,496321,358693,804578,639891,153321,512,441
2021-07-10T23:59:59+02:00,15591,14185,206625,201534,327411,302858,352674,348345,421954,434294,482167,487586,336996,377045,239035,305706,70592,128964,93977,92678,180710,177119,212225,223934,303793,327260,385325,400730,305193,342412,225281,287524,66868,121596,3603868,2603039,495677,358462,804342,638138,150645,511,441
2021-07-09T23:59:59+02:00,15266,13905,204718,199690,325802,301397,351603,347379,421048,433579,481595,487108,336788,376821,238939,305585,70577,128930,91184,89951,177178,173888,207876,219775,298768,322651,381879,397745,304095,341181,224975,287157,66830,121532,3594696,2574009,494810,356396,804147,630537,148042,509,441
2021-07-08T23:59:59+02:00,14798,13477,201221,196701,322484,298722,349222,345386,419338,432120,480159,486038,336349,376378,238760,305336,70532,128852,86877,86180,169924,168219,199732,213367,291387,316531,374922,391526,301368,338250,224194,286217,66713,121272,3579323,2527750,490759,347726,803625,620164,143106,507,439
2021-07-07T23:59:59+02:00,14297,13023,197476,192832,319310,295861,346904,343336,417778,430645,478957,484935,335871,375814,238570,305063,70494,128746,83191,82727,162614,162493,190669,206181,283392,309963,367872,384700,298053,334630,223283,285114,66572,121025,3558012,2479713,489392,334274,803240,610156,140161,504,436
2021-07-06T23:59:59+02:00,13838,12650,194038,189451,316047,293121,344427,341048,416059,429081,477686,483799,335369,375254,238372,304773,70441,128661,79618,79143,155933,156972,183251,199968,274443,302004,361376,378605,294854,331379,222397,284022,66463,120796,3538132,2427146,486318,327289,802822,600631,137730,501,436
2021-07-05T23:59:59+02:00,13440,12313,189642,185201,311986,289783,341910,338709,414382,427532,476541,482727,334897,374737,238192,304527,70408,128575,76549,76308,150808,152875,178479,195840,267522,295729,355264,373062,291577,327933,221508,282902,66354,120626,3515256,2388036,485156,322788,802327,590266,133638,498,433
2021-07-04T23:59:59+02:00,13262,12155,185797,181326,309345,287752,340594,337635,413498,426753,475962,482232,334672,374482,238105,304402,70382,128521,74360,74436,147701,150300,176143,193794,265072,293666,352148,370851,288271,324537,220927,282235,66298,120506,3502996,2374231,483863,320487,801761,578727,129126,498,431
2021-07-03T23:59:59+02:00,12066,11099,179363,175325,305072,284290,338258,335465,411678,424945,474747,481176,334271,374036,237931,304156,70358,128478,72578,72856,145270,148417,173702,191709,262004,290938,349865,368994,286514,322551,220659,281873,66266,120457,3476609,2358479,482455,320287,801578,574233,122928,498,431
2021-07-02T23:59:59+02:00,10967,10007,175651,171863,302653,282091,336511,333761,410426,423754,473972,480485,334011,373720,237817,303974,70330,128430,69879,70170,141343,145126,169260,187660,255945,285487,344638,364284,283261,318819,220018,281100,66217,120372,3458508,2325237,480975,317496,801395,561646,120395,496,414
2021-07-01T23:59:59+02:00,9870,9078,171979,168418,298610,278796,334016,331487,408631,422172,472875,479525,333591,373257,237616,303703,70284,128351,64992,65446,135015,139783,161969,181146,245681,276621,333831,354488,278474,313542,218165,278843,66038,120060,3435940,2268838,478878,305132,801049,543915,117237,496,410
2021-06-30T23:59:59+02:00,9381,8684,168705,165332,292984,274168,330344,328149,406862,420629,471851,478555,333170,372773,237424,303403,70250,128262,61859,62595,129369,135103,155321,175146,235626,267464,320419,341201,273259,307992,216274,276519,65870,119738,3410823,2213769,476710,292312,800756,525071,113472,495,408
2021-06-29T23:59:59+02:00,8845,8162,164904,161549,288438,269902,326774,324854,404759,418551,470305,477143,332581,372134,237171,303048,70195,128153,59068,59594,124420,130687,149297,169613,223770,256760,311856,332830,266794,300799,214301,274058,65667,119392,3383296,2154475,474711,287645,800431,507660,109855,493,405
2021-06-28T23:59:59+02:00,8440,7782,161573,158090,283400,265579,323467,322009,402616,416625,468817,475832,332061,371522,236938,302739,70151,128060,56793,57245,120511,127172,144945,165529,214545,248340,306063,327419,261848,295503,212537,271822,65520,119126,3359353,2118730,470742,279021,799772,491132,106645,493,402
2021-06-27T23:59:59+02:00,8292,7659,160066,156564,281296,263770,321663,320473,400917,415265,467922,475115,331769,371230,236835,302576,70132,128011,55593,56136,118386,125460,142373,163397,210432,244951,302692,324557,258035,291493,210078,268910,65409,118931,3349337,2103246,468666,275526,798724,474984,103638,492,400
2021-06-26T23:59:59+02:00,7138,6559,156798,153227,279191,261887,319248,318230,399726,414109,467224,474416,331500,370950,236728,302418,70108,127981,55046,55545,117046,124303,140945,162158,208186,242944,300159,322142,256496,289831,209744,268500,65382,118861,3330195,2086420,465842,275436,798718,472484,103504,470,379
2021-06-25T23:59:59+02:00,5916,5443,152489,148941,275798,258929,317198,316269,398417,412862,466223,473593,331211,370616,236600,302262,70081,127932,53757,53920,114564,121602,136856,157587,199419,234491,294467,316266,254771,287710,209154,267698,65311,118744,3305245,2043894,464412,273740,798662,465900,103277,470,378
2021-06-24T23:59:59+02:00,5052,4655,148040,144808,270963,254976,312921,312486,396223,410986,464846,472456,330787,370154,236431,302024,70047,127845,51107,51324,109432,116879,129516,150938,187367,224035,283047,306030,249391,281864,207319,265352,65108,118344,3274018,1981796,462403,261950,798496,452143,101590,469,377
2021-06-23T23:59:59+02:00,4830,4449,144872,141691,267264,251822,307680,307681,393731,408639,463439,471138,330258,369533,236200,301712,69999,127738,49164,49239,105634,112965,123843,145257,177463,215366,271061,294034,244777,277046,205986,263653,64947,117985,3246451,1925432,458879,252082,798335,441446,99813,467,376
2021-06-22T23:59:59+02:00,4579,4219,141798,138562,263545,248440,301551,302245,391099,406080,461896,469654,329708,368924,235979,301358,69952,127631,47473,47494,102019,109658,119043,140675,164860,204216,260143,283727,240711,272572,204064,261244,64695,117512,3214387,1867014,456943,244364,798141,430488,98536,465,367
2021-06-21T23:59:59+02:00,4320,3974,138535,135617,258835,244533,296303,297378,388054,403206,460424,468301,329190,368364,235758,301045,69911,127519,46240,46266,99631,107436,116304,137968,158639,198440,253253,277087,235357,266731,200127,256719,64508,117135,3182635,1835998,454898,238846,797937,410698,96571,462,366
2021-06-20T23:59:59+02:00,4176,3856,137026,134106,254583,241038,293719,295136,386665,401892,459634,467557,328964,368077,235646,300913,69891,127457,45115,45339,97371,105638,114023,135978,155604,195898,248938,273010,232353,263201,199140,255466,64427,117009,3165151,1815611,453133,235292,797779,402829,95039,460,359
2021-06-19T23:59:59+02:00,3759,3505,134877,132011,251832,238713,291934,293487,384822,400326,458795,466829,328743,367825,235543,300775,69871,127425,44573,44690,96096,104372,112546,134513,154098,194459,245713,269981,231629,262351,198969,255203,64405,116956,3148816,1799618,450310,233710,797770,402545,94933,460,358
2021-06-18T23:59:59+02:00,2807,2593,131595,128871,248309,235660,287921,290074,382424,398201,457456,465670,328367,367424,235388,300540,69844,127376,43786,43774,94518,102590,110250,131842,150545,190423,238850,262688,229902,260344,198483,254563,64330,116822,3123002,1770283,445873,233180,797745,395835,94653,460,357
2021-06-17T23:59:59+02:00,2574,2370,127880,125586,242281,231218,282691,285685,377637,394209,455125,463830,327772,366701,235144,300186,69779,127263,41543,41947,90464,99112,105345,127088,142679,182749,227446,251291,224698,254406,196831,252406,64071,116402,3088186,1714570,442888,229033,797481,384928,90181,401,349
2021-06-16T23:59:59+02:00,2303,2136,124646,122180,237381,226867,278002,281426,372466,389713,452529,461689,327027,365904,234854,299773,69713,127149,39710,40347,86924,96081,100993,123258,134438,175401,215342,239375,218466,247292,194905,250078,63819,115914,3054648,1654743,437350,223424,796983,376827,87573,399,348
2021-06-15T23:59:59+02:00,1915,1804,119727,117308,231395,221720,272650,276438,367400,385084,449681,459271,326158,364928,234501,299260,69631,126965,38093,38732,83598,93033,97022,119205,127379,169021,202982,227339,212431,240499,192944,247645,63509,115344,3009917,1597419,435423,217574,796420,369146,84854,399,345
2021-06-14T23:59:59+02:00,1652,1529,115675,113151,226170,216812,267291,271466,362108,380332,446563,456678,325373,364069,234191,298872,69569,126844,37113,37842,81318,90935,94311,116683,123259,165272,196377,220834,209320,236990,191808,246172,63290,114951,2967776,1567796,433071,215300,796163,361484,82102,397,342
2021-06-13T23:59:59+02:00,1579,1444,114181,111775,223719,214710,264751,269206,359854,378374,445392,455653,325097,363764,234055,298701,69537,126770,36246,37105,79459,89258,92301,114860,120432,162661,192499,217124,206228,233549,190774,244803,63058,114539,2952787,1553778,430632,208019,795860,353255,80043,397,340
2021-06-12T23:59:59+02:00,1430,1306,111528,109026,221822,212979,263365,267927,358415,376974,444496,454885,324809,363455,233963,298598,69519,126742,35877,36700,78469,88163,91047,113560,118852,161099,188932,213822,205193,232420,189375,243146,63048,114507,2936596,1540608,429654,208010,795838,345873,79909,396,339
2021-06-11T23:59:59+02:00,1283,1170,108979,106509,218925,210358,259697,264734,355280,374240,442782,453415,324373,363003,233826,298390,69492,126687,35201,35586,76461,84785,88812,110024,114741,155956,182223,206362,203096,230048,188770,242375,62986,114408,2912171,1513069,426854,207313,795658,332425,79211,395,338
2021-06-10T23:59:59+02:00,1121,1013,104226,102097,212849,205592,252635,258906,349186,368943,438284,449640,323512,362031,233506,297943,69408,126534,33620,34098,72456,80605,83887,104513,108066,147729,169861,192708,197009,223151,187039,240231,62732,114004,2868510,1465849,419755,205569,794823,305399,75065,391,332
2021-06-09T23:59:59+02:00,973,884,100304,98384,206881,200861,245822,253194,342525,362990,434602,446616,322831,361284,233233,297560,69343,126402,32083,32839,69216,77954,80189,101344,103337,143441,158705,181929,186373,211137,185174,237984,62460,113509,2829473,1411727,411227,201587,794306,294115,70410,372,328
2021-06-08T23:59:59+02:00,791,703,95778,93841,200243,195300,238863,247178,334267,355711,429491,441943,321993,360280,232858,297072,69263,126267,31009,31979,66625,75654,76905,98615,98752,139523,151091,174423,177650,201408,183365,235731,62228,113142,2777479,1372461,405459,196669,793720,283241,65890,372,320
2021-06-07T23:59:59+02:00,632,562,92558,90738,194173,190592,232305,241935,326436,349537,426441,439494,321446,359644,232641,296745,69209,126171,30138,31130,64157,73694,73949,96454,94985,136584,142998,166621,173595,196778,181933,233919,62005,112757,2738448,1345303,399291,193365,793152,272117,61061,372,320
2021-06-06T23:59:59+02:00,594,527,90980,89421,190882,188034,228950,239160,322152,346132,425005,438413,321174,359345,232533,296586,69185,126124,29535,30574,62383,72007,71868,94437,91788,133515,137300,160816,171054,194140,180821,232517,61776,112377,2723011,1333426,391895,183656,792665,261664,58310,369,314
2021-06-05T23:59:59+02:00,512,447,89034,87403,186005,183814,226481,237026,320334,344511,424009,437500,320888,359026,232384,296419,69171,126092,29075,29813,61179,70050,70466,92286,90110,131236,132529,155471,168047,190465,180336,231858,61742,112311,2699501,1309766,391764,183188,792549,256237,57920,368,313
2021-06-04T23:59:59+02:00,412,362,86678,84871,182338,180197,222475,233078,316742,340873,421649,435304,320431,358490,232189,296190,69132,126030,28607,29139,60055,68393,69178,90198,88320,128611,129151,151809,163808,185689,179344,230591,61694,112223,2670247,1290882,387938,182413,792430,246158,57490,367,311
2021-06-03T23:59:59+02:00,319,287,83388,81796,176604,175527,215208,226971,309024,334170,413888,428444,319394,357305,231818,295737,69076,125897,27714,28125,58158,66193,66778,87443,84674,124490,122372,145130,157459,178068,177769,228559,61580,111986,2621271,1261621,377688,177070,792006,233404,54531,365,303
2021-06-02T23:59:59+02:00,269,228,81303,79625,172507,171794,211558,223808,305438,330816,411839,426610,318984,356849,231664,295530,69048,125846,27243,27644,57026,65069,65170,86164,82612,122544,117389,140241,149567,169091,177046,227603,61495,111816,2592457,1229352,376301,175096,791979,229785,53612,362,295
2021-06-01T23:59:59+02:00,170,161,77037,75793,164223,165216,202188,216073,296336,322929,403630,418771,317475,355234,231123,294790,68936,125619,25690,26227,52709,62108,60325,82868,77177,118030,109948,133015,138446,155658,174936,224861,61287,111389,2533732,1179100,364653,170982,791221,217998,46709,357,285
2021-05-31T23:59:59+02:00,148,144,74291,73304,158560,160886,194872,210092,288944,316541,397889,413799,316478,354118,230735,294267,68846,125448,24777,25165,50077,59883,57144,80330,73563,114745,105443,128564,134279,150731,173564,223139,61118,111057,2493268,1156627,355256,168614,790579,207593,40851,356,283
2021-05-30T23:59:59+02:00,137,136,73239,72236,156077,158852,192246,207737,286156,314025,395999,412053,316115,353707,230574,294028,68808,125367,24171,24377,48485,58149,55403,78471,71326,112178,102786,125695,132123,148202,172769,222203,61025,110846,2477438,1146828,352732,167303,789946,196220,37962,355,278
2021-05-29T23:59:59+02:00,134,134,72631,71643,154563,157451,189943,205707,284318,312438,395163,411283,315892,353463,230493,293949,68797,125348,23847,23849,47564,56650,54057,76592,69398,109333,100465,122894,129312,144773,172115,221296,60998,110794,2463548,1133185,352571,167236,789880,185681,37937,353,277
2021-05-28T23:59:59+02:00,130,131,71544,70528,152162,155192,186277,202164,281042,309306,393302,409515,315484,352957,230346,293735,68778,125291,23316,22845,45956,54523,52228,74027,67355,105383,96133,117002,124921,139710,171136,219984,60951,110680,2439712,1110501,351518,167022,789672,171167,37560,351,271
2021-05-27T23:59:59+02:00,119,122,68229,67512,145670,150251,178086,195906,274640,304142,386997,403830,314215,351507,229885,293204,68706,125108,21991,21161,42697,51472,48343,70213,62794,99369,89774,109483,120986,135082,168328,216277,60778,110365,2395111,1082020,343892,164285,787861,151074,31827,349,265
2021-05-26T23:59:59+02:00,115,119,66074,65329,140720,146169,171981,190841,267886,298472,380253,397135,312691,349894,229390,292505,68602,124895,21247,20241,40871,49332,45986,67480,59753,95572,85184,104360,115997,129355,164518,210931,60568,109937,2357792,1050022,330684,162704,786039,139597,29100,348,261
2021-05-25T23:59:59+02:00,114,112,64047,63335,136518,142681,166932,186544,260821,292185,374823,391743,311404,348477,228977,291856,68519,124717,20671,19576,39472,47813,44151,65461,57276,92564,81098,99973,111041,123648,158957,203656,60398,109630,2320201,1018368,323176,159280,783497,130363,27467,344,255
2021-05-24T23:59:59+02:00,112,110,62804,62123,133757,140572,163653,184127,253870,286189,369879,387059,310575,347558,228690,291469,68448,124586,20329,19166,38451,46738,42806,63975,55592,90555,78864,97458,109613,121993,158347,202864,60286,109427,2296449,1008992,312053,157976,781686,123674,25919,343,250
2021-05-23T23:59:59+02:00,107,109,62306,61607,132655,139676,162456,183092,252628,285167,368289,385631,309955,346899,228517,291241,68428,124550,20095,18979,37899,46181,42050,63274,54424,89558,77370,96092,108433,120591,157367,201642,60215,109285,2284939,1000793,311465,154897,781643,122073,25789,343,247
2021-05-22T23:59:59+02:00,104,107,61610,60984,131156,138593,160081,181465,249656,282873,365806,383400,309424,346303,228340,290974,68402,124499,19775,18555,37280,45575,41412,62742,53770,88829,76598,94942,106881,118785,156593,200671,60188,109231,2266938,994085,311449,154893,781604,118638,24303,343,247
2021-05-21T23:59:59+02:00,100,103,60276,59542,128246,135997,156788,178140,244415,278105,359709,377714,308488,345208,228045,290576,68341,124391,19414,18188,36666,44807,40758,61688,52816,87436,74872,92643,103638,114831,155453,199220,60096,109055,2230839,981053,309805,154565,780027,112040,24018,339,243
2021-05-20T23:59:59+02:00,91,101,57227,56753,122502,131117,149848,171822,234101,269349,350675,369429,305949,342462,227277,289564,68209,124171,18118,17252,34491,42563,38303,58788,49989,83660,70945,88141,99509,110177,152983,196194,59914,108700,2172802,961704,303135,152612,774073,94373,21122,334,243
2021-05-19T23:59:59+02:00,90,99,55016,54563,117492,126436,142680,165204,223560,259994,340123,358522,303302,339590,226525,288510,68058,123895,17535,16465,33263,40979,36897,56727,47978,80878,67705,84563,95623,105703,149348,191449,59652,108208,2106852,938275,296880,150631,771090,84860,19299,332,228
2021-05-18T23:59:59+02:00,86,94,52917,52600,112706,122175,136297,159630,211989,249627,330240,348718,300629,336621,225644,287310,67907,123641,17017,15858,32048,39514,35539,54929,46166,78465,64816,81338,91612,101163,146149,187374,59439,107774,2046963,917997,287507,147768,767495,76205,17317,328,227
2021-05-17T23:59:59+02:00,83,90,51883,51605,110368,120114,133480,156980,205465,243609,322669,341626,298835,334647,225055,286486,67800,123428,16558,15409,30999,38470,34366,53635,44684,76665,62554,78942,86767,95294,144685,185487,59291,107460,2020144,906281,275196,140293,764068,69516,15258,326,224
2021-05-16T23:59:59+02:00,82,87,51095,50950,108923,118791,131738,155316,202491,240926,315233,334672,297814,333513,224744,286001,67747,123330,16275,15037,30248,37687,33492,52718,43621,75352,61223,77470,83351,91216,143893,184406,59203,107319,2004794,900188,264766,133521,760825,65378,13504,322,220
2021-05-15T23:59:59+02:00,81,87,50557,50317,107921,117800,130722,154201,200553,238989,311663,331460,297193,332828,224548,285730,67727,123266,16136,14874,29995,37380,33207,52286,43137,74705,60374,76484,82754,90400,143376,183738,59167,107272,1988579,894947,264745,133374,759957,64250,12795,320,219
2021-05-14T23:59:59+02:00,80,86,49296,48891,105667,115707,127131,150749,192341,231918,305350,325571,296212,331689,224262,285282,67680,123171,15638,14444,29208,36558,32439,51096,42061,72920,58806,74532,80843,87909,142764,182747,59127,107186,1951295,885283,263045,132498,755412,58825,11750,317,217
2021-05-13T23:59:59+02:00,76,85,47381,46941,101823,112475,122415,146634,182315,223333,294741,315752,293247,328267,223453,284145,67580,122964,14778,13997,28351,35861,31679,50193,41117,71827,57301,72967,77065,83556,139995,179136,59017,106969,1899692,872732,254419,125443,749185,54975,10736,313,212
2021-05-12T23:59:59+02:00,74,83,46470,46229,99906,111045,120347,144970,179763,221223,290008,310425,292086,326999,223213,283825,67542,122879,14612,13846,28030,35642,31275,49904,40670,71452,56759,72399,75717,81923,139215,178002,58931,106809,1876602,866975,252256,123647,748694,54705,9936,310,210
2021-05-11T23:59:59+02:00,70,77,44225,44755,95873,107965,114539,140240,166394,209949,278360,299660,288685,323086,222257,282427,67392,122580,14182,13280,27019,34213,30142,48097,39365,69178,55050,70134,72629,78337,137856,176165,58772,106450,1817732,854684,242540,120959,740189,46840,8456,306,209
2021-05-10T23:59:59+02:00,69,73,42972,43776,93272,105957,111282,137607,158011,202922,270483,292554,286510,320633,221686,281567,67268,122339,13837,12836,26261,33228,29347,46837,38368,67324,53820,68407,70540,75782,136711,174652,58654,106163,1782161,845813,236496,119905,733215,39640,7484,302,201
2021-05-09T23:59:59+02:00,68,73,41849,43004,90589,104201,108617,135839,152998,199501,264959,287607,285267,319245,221309,281039,67202,122193,13521,12616,25566,32560,28619,46035,37574,66363,52890,67465,69310,74381,136114,173815,58599,106032,1762818,841240,229397,118926,727217,34865,6500,297,199
2021-05-08T23:59:59+02:00,67,73,41558,42701,89742,103468,107518,134982,151547,198282,262397,285542,284766,318705,221190,280861,67186,122161,13419,12554,25437,32468,28474,45906,37385,66169,52549,67145,68346,73460,135044,172449,58552,105939,1750756,836623,228887,118180,726991,34088,6486,289,187
2021-05-07T23:59:59+02:00,65,72,40634,41984,87804,102128,104687,132765,146925,194475,256141,280029,283425,317105,220843,280407,67133,122039,12674,12073,24610,31733,27710,44846,36521,64906,51363,65632,66096,70771,132815,169624,58462,105762,1724952,826933,225676,115909,722868,27300,5536,283,183
2021-05-06T23:59:59+02:00,61,71,37993,40261,83054,98669,98691,128010,136740,185962,239707,265622,278306,311312,219555,278719,66959,121725,11988,11555,23670,30629,26713,43495,35165,62907,49628,63654,63607,67641,130703,166858,58348,105544,1659412,815829,215773,112799,711965,18933,4624,269,181
2021-05-05T23:59:59+02:00,59,68,36105,39062,79396,96082,94088,124364,128917,179428,224956,251580,272124,304178,217982,276727,66713,121202,11755,11279,23124,29904,26110,42573,34241,61506,48474,62239,60991,64527,127757,163155,58250,105292,1593210,803515,210691,109229,705925,14960,3555,268,177
2021-05-04T23:59:59+02:00,59,66,35000,37953,76670,93758,90579,121322,123346,174695,214328,241310,266639,297731,216541,274884,66504,120735,11592,11075,22716,29362,25648,41801,33519,60415,47365,60967,58273,61344,125392,160217,58100,105056,1544149,791615,205568,106592,699846,11813,2905,264,175
2021-05-03T23:59:59+02:00,58,64,34129,36902,74378,91936,87703,118972,118910,171053,207671,235311,263361,293868,215742,273797,66383,120439,11344,10804,22322,28784,25165,41101,32832,59452,46340,59827,55479,58000,121614,155319,57843,104618,1512396,775741,202457,104876,694911,9056,1255,260,172
2021-05-02T23:59:59+02:00,58,64,33774,36587,73202,91030,86228,117880,116481,169186,204577,232796,262399,292780,215455,273389,66316,120331,11272,10731,22133,28569,24934,40817,32489,59044,45886,59353,54289,56538,118543,151636,57759,104487,1501786,770708,199660,99311,691037,8156,390,255,167
2021-05-01T23:59:59+02:00,57,64,33455,36208,72440,90236,85155,116838,115010,167820,201490,229768,261707,291955,215245,273109,66305,120292,11258,10715,22080,28539,24872,40779,32427,58987,45804,59276,54047,56246,118385,151440,57750,104470,1486683,769399,199652,99271,690770,8108,383,254,166
2021-04-30T23:59:59+02:00,54,62,32914,35607,71232,89014,83692,115107,111229,164254,194097,222655,259718,289589,214796,272500,66245,120184,10937,10519,21720,28261,24596,40354,32099,58425,45342,58645,53151,55082,117433,150254,57695,104351,1453797,765721,199325,97280,689972,5769,182,252,164
2021-04-29T23:59:59+02:00,52,61,31414,34654,68309,86984,80057,112500,106115,160139,181280,211109,251781,280488,213599,270868,66110,119841,10629,10304,21245,27813,24167,39857,31514,57685,44538,57714,51318,52886,115585,148016,57595,104156,1398881,756886,192041,94612,684601,3451,160,242,162
2021-04-28T23:59:59+02:00,51,59,30179,34044,66439,85671,77578,110678,102689,157281,171592,201927,240927,267895,212321,269183,65914,119515,10443,10143,20944,27458,23802,39387,31090,57024,43812,56887,49193,50264,113003,144774,57470,103944,1346224,747316,188677,90054,679232,2230,130,236,154
2021-04-27T23:59:59+02:00,48,58,29421,33359,64864,84205,75564,108868,99923,154884,166868,197198,232420,258086,211174,267568,65794,119292,10318,10032,20663,27168,23565,39057,30730,56524,43124,56198,47184,47720,110363,141339,57351,103744,1312170,737496,186369,86045,671242,1511,129,231,144
2021-04-26T23:59:59+02:00,47,58,28991,32975,63763,83319,74062,107703,97634,153171,158255,189199,228228,253244,210467,266572,65701,119093,10224,9942,20445,26980,23329,38843,30432,56182,42506,55626,45377,45571,108465,138858,57255,103590,1283233,729531,184926,82943,664515,1131,123,225,141
2021-04-25T23:59:59+02:00,47,57,28739,32735,62986,82792,72998,106966,95902,151942,152870,184328,223896,248363,209877,265791,65635,118970,10168,9908,20367,26902,23241,38760,30324,56056,42346,55467,44965,45074,107784,137953,57227,103519,1270457,727866,178788,81179,655842,1000,120,222,140
2021-04-24T23:59:59+02:00,47,56,28395,32308,62044,81568,71813,105518,94351,150280,147962,179177,221110,245029,209407,265117,65601,118920,10154,9889,20326,26860,23188,38693,30243,55970,42196,55331,44721,44765,107532,137656,57206,103491,1245575,726771,178758,80479,654556,957,119,221,138
2021-04-23T23:59:59+02:00,45,56,27649,31686,60478,80057,70021,103498,91763,147636,143175,174779,216558,239478,208752,264129,65538,118805,10101,9825,20216,26773,23057,38543,30010,55761,41833,55000,44106,44005,106470,136368,57050,103216,1220680,723417,177573,78001,646028,905,118,218,135
2021-04-22T23:59:59+02:00,43,55,27033,31085,58942,78621,67553,101282,87635,144145,135139,167293,207536,228489,206710,261499,65339,118409,9976,9729,19966,26476,22703,38110,29498,55249,41086,54365,42949,42691,104478,133916,56821,102818,1179168,715935,170122,74104,637693,784,118,213,131
2021-04-21T23:59:59+02:00,43,51,26537,30563,57609,77517,65671,99650,84592,141504,127957,160477,194457,213155,204562,258613,65113,117983,9844,9643,19733,26225,22415,37785,29141,54796,40532,53831,42100,41673,102283,131126,56566,102404,1127667,709371,167234,70012,631325,712,118,209,124
2021-04-20T23:59:59+02:00,42,50,26111,30092,56444,76371,63995,98065,82040,138933,122870,155408,182985,199706,202136,255476,64877,117553,9740,9553,19513,26037,22123,37514,28728,54378,39993,53299,41283,40741,100060,128137,56228,101867,1085029,701807,163747,66764,624547,632,116,207,115
2021-04-19T23:59:59+02:00,42,49,25745,29733,55470,75550,62708,96886,79910,137009,119344,152023,177225,192865,200426,253241,64692,117223,9632,9460,19282,25816,21879,37240,28413,53986,39480,52767,40486,39833,96951,124152,55823,101153,1060455,691421,161916,64346,617946,595,115,197,115
2021-04-18T23:59:59+02:00,41,44,25437,29471,54703,75005,61585,95939,78051,135581,115978,149629,172117,187307,199413,252011,64580,117030,9558,9385,19093,25640,21702,37075,28197,53710,39221,52517,40158,39450,95738,122604,55640,100852,1046459,687552,160248,62417,607385,580,115,194,114
2021-04-17T23:59:59+02:00,40,43,25328,29378,54333,74808,61069,95586,77398,134982,115129,148889,167866,182427,198879,251285,64546,116967,9513,9326,18954,25452,21515,36845,27969,53436,38957,52250,39858,39125,94972,121680,55575,100768,1035583,683533,160220,62103,603320,568,115,193,114
2021-04-16T23:59:59+02:00,40,43,24953,29128,53343,74200,59781,94708,75772,133652,110977,144747,160223,173662,197221,249084,64438,116759,9307,9151,18562,25018,20929,36271,26858,52531,36933,50649,36541,36177,91782,118153,55173,100113,1009675,668433,159428,55185,593797,539,114,191,113
2021-04-15T23:59:59+02:00,37,39,24477,28679,52091,73033,57817,92982,72496,130813,105517,139471,152364,164690,192569,243216,64141,116142,9133,8987,18193,24595,20436,35609,26180,51733,35542,49419,34432,34127,88661,114413,54665,99256,977487,655308,157374,49596,575877,489,113,189,109
2021-04-14T23:59:59+02:00,35,36,24138,28352,51158,72095,56474,91594,70109,128651,101516,135703,143169,154311,184828,233336,63799,115475,8725,8715,17716,24089,19901,34961,25269,50855,34252,48300,32385,31973,85683,110763,54173,98395,939603,640401,154706,45373,560634,394,112,184,108
2021-04-13T23:59:59+02:00,35,36,23898,28134,50460,71561,55528,90764,68473,127236,97792,132267,131346,141192,178437,225010,63461,114885,8488,8541,17370,23678,19474,34422,24603,50061,33183,47281,31002,30611,83525,108365,53814,97850,906356,631029,150191,40980,544131,272,112,181,107
2021-04-12T23:59:59+02:00,35,35,23689,27945,49905,71049,54662,90031,67002,125946,95162,129945,124232,133159,175212,221061,63190,114394,8251,8353,17005,23380,19102,33985,24131,49528,32516,46653,29475,29072,81860,106427,53487,97329,889938,622584,148646,37725,528235,258,110,177,105
2021-04-11T23:59:59+02:00,34,35,23514,27783,49377,70628,53931,89576,65859,125140,93304,128466,118746,127142,171297,216461,63020,114098,8116,8219,16708,23101,18784,33673,23773,49147,32071,46268,28840,28407,80843,105179,53278,97011,882463,617291,144245,35902,511876,244,105,171,102
2021-04-10T23:59:59+02:00,34,35,23453,27726,49210,70491,53731,89416,65528,124870,92780,128031,116663,124611,169856,214610,62978,113998,7529,7613,15817,22314,17826,32833,22654,48115,30958,45273,28178,27696,78752,102571,53011,96575,875465,601969,143389,35523,509344,240,99,170,102
2021-04-09T23:59:59+02:00,33,35,23204,27476,48708,70001,53094,88728,64531,123743,90956,126124,107831,113666,166476,210201,62779,113640,6569,6711,14286,20991,16106,31276,20510,46148,28747,43264,26401,25872,75246,98386,52466,95735,856034,574497,136334,34008,499041,228,88,165,99
2021-04-08T23:59:59+02:00,33,35,22907,27231,48131,69512,52339,88029,63222,122658,88538,123959,97520,101660,160933,203351,62449,113071,5925,6122,13096,19971,14848,29937,18872,44433,26259,40932,23381,22904,70587,92594,51313,93968,837340,542888,127440,32077,480990,200,79,163,97
2021-04-07T23:59:59+02:00,31,34,22595,27004,47323,69050,51409,87414,61834,121672,85393,121514,88333,91369,153930,194564,62155,112514,5545,5799,12437,19295,14033,29112,17834,43383,24355,39041,20848,20379,66623,87820,50316,92349,816931,519418,121841,29606,459564,173,72,156,92
2021-04-06T23:59:59+02:00,30,34,22386,26843,46792,68666,50818,86890,60802,120895,83283,119772,80576,82561,147565,186602,61810,111888,5350,5640,12084,18937,13680,28680,17299,42821,23498,38233,19721,19348,63466,83719,49395,90962,797655,506051,118630,26657,442132,162,66,149,89
2021-04-05T23:59:59+02:00,30,33,22287,26718,46480,68318,50429,86490,60255,120202,82103,118620,76097,77464,142582,180517,61609,111572,5210,5502,11823,18685,13386,28367,16976,42445,23052,37772,19260,18879,60582,80162,48694,89896,788210,496709,116876,23863,426926,158,62,145,89
2021-04-04T23:59:59+02:00,30,33,22238,26658,46359,68047,50258,86176,59974,119701,81593,117988,74654,75757,141878,179544,61572,111491,5205,5494,11805,18671,13374,28350,16957,42428,22956,37700,18854,18558,59143,78316,48487,89585,785670,491918,116769,23860,421726,151,57,142,86
2021-04-03T23:59:59+02:00,30,33,22176,26577,46236,67938,50094,86001,59659,119389,81025,117410,73308,74122,140763,178008,61489,111343,5196,5485,11792,18652,13351,28330,16924,42381,22850,37625,18718,18408,58792,77751,48398,89438,779310,490129,116727,23860,419778,149,56,141,86
2021-04-02T23:59:59+02:00,30,33,22098,26492,46075,67771,49876,85753,59189,118936,80146,116598,71751,72236,138482,175025,61294,110983,5176,5448,11744,18609,13296,28248,16835,42232,22578,37151,18362,18045,56455,74869,47586,88337,770184,481655,114951,23218,417850,149,52,139,84
2021-04-01T23:59:59+02:00,27,31,21903,26288,45659,67251,49229,85013,58314,117997,78264,114930,68490,68807,134395,169848,60976,110414,5029,5304,11470,18344,13072,28012,16514,41923,22073,36710,17537,17297,51596,68822,45899,85866,758537,463541,108858,21845,410661,137,47,136,83
2021-03-31T23:59:59+02:00,27,31,21574,26069,45258,66725,48732,84361,57583,117058,77103,113688,66443,66488,129635,163726,60572,109690,4951,5252,11371,18223,12910,27861,16275,41654,21484,36198,16410,16396,46372,62400,44515,83873,748764,445155,101686,20920,404537,134,42,134,78
2021-03-30T23:59:59+02:00,27,30,21397,25847,44857,66107,48226,83563,56872,116006,75965,112309,64599,64468,125253,157977,60105,108791,4884,5167,11266,18097,12717,27671,15947,41331,20910,35651,15578,15594,43612,58989,43402,82078,738576,433303,97464,19553,396595,108,35,127,76
2021-03-29T23:59:59+02:00,26,30,21199,25609,44395,65557,47750,82874,56139,114927,74731,110874,62105,61720,118515,149355,59336,107398,4786,5094,11161,17981,12563,27506,15702,41009,20450,35184,14929,15052,41016,55999,42295,80249,718047,422085,94042,18873,390688,91,33,126,74
2021-03-28T23:59:59+02:00,26,30,20993,25318,43897,64865,47233,82131,55461,113920,73787,109766,60847,60286,113809,143385,58892,106640,4731,5035,11015,17831,12305,27206,15510,40764,20283,34951,14689,14807,39944,54590,41945,79709,711510,417774,86732,17550,383280,70,33,123,68
2021-03-27T23:59:59+01:00,26,30,20873,25160,43603,64501,46869,81603,54958,113233,73111,109028,59692,59202,112322,141675,58825,106558,4718,5023,10988,17812,12287,27176,15148,40334,19882,34514,14398,14597,39459,53902,41472,78893,706231,413721,86028,16897,379244,66,33,122,66
2021-03-26T23:59:59+01:00,26,29,20622,24648,42796,62799,45899,79577,53622,110212,71095,105412,57679,57314,109572,138442,58497,106042,4699,4990,10965,17760,12217,27085,15070,40224,19541,33917,13927,13944,36380,50054,39414,75639,694833,399175,82710,16678,366971,54,30,122,66
2021-03-25T23:59:59+01:00,26,26,20190,23975,41921,61037,44804,77026,52110,106685,68707,101650,55081,54678,106259,134478,57928,105049,4653,4935,10874,17657,12096,26940,14889,40005,19265,33610,13456,13454,32534,45000,36414,71090,683408,380809,78515,16094,349940,49,27,119,66
2021-03-24T23:59:59+01:00,26,26,19786,23527,41137,59764,43785,75488,50728,104760,66606,99320,52300,51762,102007,129384,57288,103973,4598,4869,10781,17515,11929,26736,14659,39719,18898,33191,13001,13007,29966,41793,33303,66257,670607,365263,73640,15003,337657,42,22,116,65
2021-03-23T23:59:59+01:00,26,26,19539,23224,40576,58847,43060,74393,49689,103245,64941,97461,50008,49419,99256,126173,56731,103135,4538,4798,10682,17390,11783,26552,14415,39406,18487,32802,12505,12503,27532,38684,29604,60335,662465,347635,70297,14426,327225,40,21,114,65
2021-03-22T23:59:59+01:00,26,26,19317,22807,39933,57963,42393,73352,48744,101859,63467,95827,48181,47534,96862,123435,56260,102369,4481,4752,10594,17274,11652,26374,14256,39165,18246,32501,12192,12129,25693,36326,25615,53872,656162,331296,67494,13871,316936,35,21,111,64
2021-03-21T23:59:59+01:00,26,26,19178,22548,39440,57208,41842,72508,48091,100703,62523,94593,47136,46511,95219,121585,55890,101792,4465,4743,10558,17226,11605,26288,14196,39078,18165,32400,12072,11995,25263,35876,25261,53312,653581,329096,65467,13458,308006,34,19,109,60
2021-03-20T23:59:59+01:00,25,26,19120,22404,39228,56714,41602,71947,47780,100068,62081,93992,46482,45746,92623,118360,55602,101307,4456,4734,10549,17214,11577,26271,14154,39043,18086,32325,11918,11835,24622,35104,24497,52229,647121,325395,65019,13270,303198,34,19,109,60
2021-03-19T23:59:59+01:00,24,25,18764,21842,38096,54593,40321,69955,46045,97984,59199,91237,42047,41876,87406,112604,54901,100230,4434,4719,10516,17163,11512,26159,14062,38871,17851,32026,11568,11553,22949,33045,22811,49666,629385,316053,57807,12908,290188,29,18,105,60
2021-03-18T23:59:59+01:00,24,24,18370,21193,36919,52438,38783,67166,43891,93512,55355,85443,38017,38078,82678,107137,53813,98577,4414,4690,10450,17060,11434,26004,13917,38684,17638,31825,11334,11370,21704,31528,21095,47067,612467,307977,52071,12295,267105,27,17,104,58
2021-03-17T23:59:59+01:00,24,23,17944,20841,36193,51520,38016,66209,42809,92154,53566,83617,35342,35289,78666,102318,52872,97105,4391,4662,10388,16965,11360,25871,13805,38496,17442,31633,11096,11145,20452,30110,19504,44659,595806,300452,47667,11585,261254,24,17,101,58
2021-03-16T23:59:59+01:00,24,23,17584,20422,35444,50450,37204,65014,41711,90481,51726,81631,33139,33274,74634,97362,51991,95790,4341,4611,10315,16835,11268,25718,13705,38259,17309,31389,10921,10964,19172,28583,18021,42331,582542,292652,42980,11150,252598,24,13,100,57
2021-03-15T23:59:59+01:00,24,23,17304,20058,34733,49471,36412,63825,40805,89002,50464,80029,31415,31438,71347,93269,51296,94659,4319,4576,10248,16712,11202,25518,13588,37971,17161,31119,10756,10806,18441,27618,16760,40469,571415,286829,39652,10504,244729,24,2,97,57
2021-03-14T23:59:59+01:00,24,22,17035,19632,33878,48261,35512,62507,39746,87176,49208,78301,30250,30199,69353,90708,50853,93983,4295,4557,10203,16635,11147,25376,13528,37749,17071,30957,10684,10720,18261,27338,16498,39907,564301,285633,37773,9373,234797,15,0,93,57
2021-03-13T23:59:59+01:00,24,22,16220,18571,32378,46222,33938,60373,37709,84097,47070,75743,28900,28845,67337,88083,50585,93592,4295,4557,10201,16629,11144,25368,13519,37742,17063,30948,10649,10689,17514,26452,15453,38456,547958,281386,37489,9372,224465,15,0,93,56
2021-03-12T23:59:59+01:00,23,21,15122,17195,29936,43569,31271,57233,34844,79244,43858,71279,26060,25653,63035,82784,49602,92190,4282,4524,10182,16567,11126,25318,13475,37624,16973,30818,10374,10461,16624,25204,14382,36932,519924,275584,36177,9361,207010,12,0,91,55
2021-03-11T23:59:59+01:00,22,21,14079,15734,27679,40874,28948,54048,32252,74852,40103,66388,22657,22175,57027,75478,47679,89363,4241,4483,10102,16448,11013,25093,13358,37314,16807,30513,10072,10250,15993,24362,13714,35657,487884,271584,34586,7922,187083,9,0,88,51
2021-03-10T23:59:59+01:00,22,21,13485,15034,26271,39261,27294,52228,30689,72533,37586,63265,19906,19622,51115,68347,46129,87036,4206,4439,10003,16281,10893,24842,13210,36896,16608,30140,9830,10067,15250,23589,13054,34632,461476,266849,32542,7178,175998,7,0,86,49
2021-03-09T23:59:59+01:00,21,20,13203,14568,25145,38222,25877,51042,29625,70882,36206,61428,18723,18499,47612,63912,45009,85246,4181,4413,9918,16114,10789,24583,13057,36579,16432,29903,9706,9964,14585,22751,12554,33858,447888,263131,30009,6344,167502,7,0,86,47
2021-03-08T23:59:59+01:00,20,20,12872,13959,24065,37110,24608,49905,28690,69400,34969,59812,17650,17619,43491,58926,43782,83259,4166,4377,9856,15916,10686,24319,12924,36221,16302,29639,9622,9880,14089,22146,12239,33415,432423,259937,28010,5952,159880,2,0,84,46
2021-03-07T23:59:59+01:00,20,20,12638,13666,23472,36257,23910,49029,28088,68531,34358,59050,17386,17368,42422,57473,43416,82697,4154,4364,9834,15874,10659,24245,12894,36051,16245,29525,9600,9851,13891,21892,12104,33212,427651,258879,26196,5609,156109,0,0,80,46
2021-03-06T23:59:59+01:00,20,20,12525,13374,23070,35524,23376,48239,27038,66998,33257,57285,16998,17038,41777,56583,43117,82230,4151,4350,9823,15847,10641,24211,12884,36010,16227,29494,9582,9811,13845,21854,12001,33001,423584,258502,26132,5325,148907,0,0,78,44
2021-03-05T23:59:59+01:00,20,20,12112,12770,22386,34320,22691,47010,26282,65370,32022,54866,16350,16204,38323,52285,40970,78799,4124,4303,9753,15747,10591,24063,12816,35815,16140,29289,9487,9741,13660,21643,11629,32391,408422,256810,24680,4478,139845,0,0,78,42
2021-03-04T23:59:59+01:00,18,20,11353,11759,21199,32593,21479,44959,24925,62721,30326,52511,15620,15485,34323,47122,37897,74119,4075,4212,9639,15455,10488,23704,12683,35282,15998,28888,9309,9588,13502,21433,11544,32245,389999,253756,22604,4385,125970,0,0,78,39
2021-03-03T23:59:59+01:00,16,20,11043,11263,20512,31373,20704,43596,24017,60970,29281,50869,15141,14984,31712,43803,34812,69353,4034,4149,9558,15285,10408,23452,12577,34860,15818,28541,9124,9462,13376,21215,11399,31975,374562,251111,21808,4219,117243,0,0,74,36
2021-03-02T23:59:59+01:00,16,20,10783,10835,19867,30402,19991,42579,23231,59583,28307,49592,14515,14337,29040,40437,30929,63142,3986,4077,9496,15119,10339,23186,12472,34427,15717,28232,8999,9359,13236,21026,11323,31829,356391,248700,20298,4218,111055,0,0,73,36
2021-03-01T23:59:59+01:00,14,19,10611,10576,19354,29598,19428,41695,22641,58511,27593,48469,14097,13883,26968,37856,26662,56249,3970,4027,9441,14964,10275,22888,12391,34052,15611,27910,8915,9297,13055,20756,11207,31646,339158,246280,19183,4218,106017,0,0,72,36
2021-02-28T23:59:59+01:00,13,19,10442,10374,18886,28949,18891,40956,22159,57658,27102,47675,13889,13640,26362,37196,26257,55646,3954,4013,9415,14931,10256,22837,12374,33982,15584,27863,8888,9273,12924,20578,11144,31497,336691,245426,18324,4181,101230,0,0,72,35
2021-02-27T23:59:59+01:00,13,18,10263,9859,18558,28084,18633,40171,21876,56675,26777,46886,13617,13339,25696,36399,25337,54230,3941,4001,9393,14910,10224,22790,12335,33900,15538,27789,8867,9257,12904,20555,11122,31477,332800,245065,17602,4032,96156,0,0,72,35
2021-02-26T23:59:59+01:00,12,17,9467,9077,17660,26646,17851,37969,20947,53831,25318,44070,13152,12938,24107,34412,23809,51926,3860,3932,9315,14749,10150,22535,12255,33534,15424,27496,8788,9177,12838,20488,11083,31407,323679,243168,17348,3958,82302,0,0,72,33
2021-02-25T23:59:59+01:00,12,17,8310,8224,16344,25038,16585,35715,19713,50944,23612,41290,12676,12538,22830,32827,22314,49649,3736,3787,9149,14433,9930,21930,12000,32681,15099,26841,8592,9026,12575,20163,10943,31138,316080,239019,16574,3099,66099,0,0,69,32
2021-02-24T23:59:59+01:00,11,16,7945,7699,15690,24006,15959,34481,18999,49433,22823,40091,12283,12202,21526,31334,20635,47023,3664,3719,9008,14143,9753,21475,11796,32054,14837,26308,8451,8889,12433,19990,10878,30926,307855,236249,15607,2168,58806,0,0,69,31
2021-02-23T23:59:59+01:00,11,16,7461,7220,14875,22830,15273,33262,18279,48026,22105,39021,11972,11879,20191,29765,19021,44472,3623,3643,8888,13941,9613,21077,11607,31474,14539,25806,8283,8745,12305,19779,10806,30688,299749,233408,14808,1503,51230,0,0,68,29
2021-02-22T23:59:59+01:00,10,14,7354,7014,14493,22214,14922,32537,17813,47018,21609,38288,11771,11629,19443,28757,17704,42519,3594,3542,8751,13650,9451,20575,11352,30729,14170,25207,8035,8551,12106,19525,10700,30381,293875,230096,14201,315,47137,0,0,66,29
2021-02-21T23:59:59+01:00,10,14,7264,6888,14171,21768,14503,31954,17397,46368,21171,37795,11665,11527,19281,28543,17457,42185,3555,3502,8667,13526,9372,20359,11280,30437,14049,24939,7976,8489,12050,19416,10629,30217,292730,228254,13831,299,43502,0,0,64,29
2021-02-20T23:59:59+01:00,10,14,7147,6838,14046,21688,14387,31819,17278,46217,21011,37612,11566,11443,18499,27625,16399,40714,3552,3496,8657,13518,9362,20338,11266,30412,14035,24928,7971,8480,11986,19352,10575,30149,288468,227871,13634,298,42311,0,0,63,27
2021-02-19T23:59:59+01:00,8,13,6845,6587,13692,21250,14016,31151,16805,45421,20305,36743,10965,11041,17454,26298,15247,39111,3472,3473,8581,13490,9319,20280,11228,30319,13977,24834,7929,8420,11766,19080,10382,29820,282102,226167,13258,297,37690,0,0,60,25
2021-02-18T23:59:59+01:00,8,13,6448,6114,13065,20106,13374,29780,15989,43554,19431,35166,10735,10824,16862,25546,14673,38226,3287,3336,8247,12951,9025,19530,10877,29277,13607,24005,7725,8112,11180,18128,9885,28665,278522,217634,12678,297,28809,0,0,59,24
2021-02-17T23:59:59+01:00,8,12,6282,5771,12620,19228,12884,28591,15287,41833,18784,33841,10504,10571,16107,24732,13897,37040,3037,3176,7907,12434,8725,18739,10510,28230,13220,23153,7492,7877,10625,17276,9449,27850,273858,209496,11948,293,22277,0,0,57,24
2021-02-16T23:59:59+01:00,8,12,5956,5469,12084,18396,12383,27521,14743,40459,18190,32808,10350,10468,15441,23904,13388,36255,2855,3056,7604,11981,8420,18015,10114,27139,12762,22255,7223,7584,9912,16104,8724,26298,270334,199997,11451,137,16141,0,0,55,24
2021-02-15T23:59:59+01:00,8,12,5850,5288,11787,17751,12116,26738,14396,39466,17844,32040,10223,10357,14883,23252,13028,35718,2766,2976,7411,11659,8202,17508,9811,26293,12412,21573,6955,7300,9219,15046,8213,25018,267240,192359,10849,91,12762,0,0,52,23
2021-02-14T23:59:59+01:00,8,12,5581,5173,11538,17481,11892,26305,14164,39019,17653,31763,10177,10306,14649,22912,12863,35325,2716,2938,7297,11492,8074,17301,9635,25961,12233,21271,6858,7176,8997,14663,8026,24482,266236,189119,9915,89,10764,0,0,51,22
2021-02-13T23:59:59+01:00,8,12,5521,5135,11488,17444,11861,26273,14136,38987,17633,31744,10163,10278,14622,22879,12849,35307,2712,2935,7292,11485,8062,17279,9618,25926,12206,21227,6827,7142,8841,14451,7673,23853,265991,187610,9911,8,10533,0,0,50,20
2021-02-12T23:59:59+01:00,8,11,5004,4818,10920,17082,11544,25721,13818,38345,17302,31104,10053,10171,14441,22667,12768,35198,2661,2902,7196,11327,7962,17048,9471,25535,11993,20780,6644,6907,8478,13891,7080,22514,264304,182472,9900,6,6865,0,0,49,20
2021-02-11T23:59:59+01:00,8,11,4542,4517,10334,16401,11131,24913,13341,37084,16814,30246,9738,9909,14159,22219,12487,34512,2492,2628,6597,10134,7274,15312,8607,22917,10937,18696,5990,6195,7431,12278,6265,20200,261072,164035,8258,3,3130,0,0,47,15
2021-02-10T23:59:59+01:00,8,11,4295,4349,10000,15953,10822,24375,13030,36201,16399,29497,9520,9773,13977,22014,12396,34305,2129,2336,5659,8668,6468,13271,7621,20006,9809,16654,5446,5608,6443,10615,5491,18148,258421,144455,7758,2,839,0,0,44,3
2021-02-09T23:59:59+01:00,8,10,4231,4251,9875,15686,10713,23973,12856,35582,16187,29025,9341,9632,13781,21802,12253,34081,1733,1982,4876,7399,5694,11476,6705,17489,8727,14658,4874,4982,5395,9058,4758,16034,255967,125914,6979,1,434,0,0,43,3
2021-02-08T23:59:59+01:00,8,10,4196,4197,9781,15476,10604,23611,12737,35124,16043,28666,9247,9565,13579,21519,12146,33884,1568,1786,4316,6403,5029,9902,5887,14959,7711,12801,4322,4452,4420,7465,3995,13946,253592,109030,6464,1,428,0,0,41,3
2021-02-07T23:59:59+01:00,8,10,4031,4130,9624,15341,10502,23446,12657,34862,15931,28473,9206,9519,13435,21338,12073,33740,1353,1541,3897,5729,4615,9023,5461,13797,7226,11840,4068,4193,4189,7070,3834,13346,252500,101248,5919,1,0,0,0,37,2
2021-02-06T23:59:59+01:00,8,10,4022,4121,9613,15325,10489,23411,12635,34812,15913,28416,9187,9506,13417,21303,11967,33544,1201,1346,3664,5424,4430,8598,5244,13213,6946,11284,3934,4061,4063,6921,3556,12890,252157,96839,5635,1,0,0,0,37,1
2021-02-05T23:59:59+01:00,8,9,3949,4052,9541,15182,10423,23161,12550,34444,15799,28133,9103,9433,13345,21231,11618,32949,1060,1116,3383,4979,4171,8015,4929,12435,6564,10557,3679,3817,3905,6689,3048,11999,250278,90406,4743,0,0,0,0,37,1
2021-02-04T23:59:59+01:00,8,9,3891,3927,9420,14866,10246,22612,12362,33648,15584,27572,8983,9323,13121,20938,11504,32742,798,784,2559,3728,3237,6273,3979,9892,5243,8342,3006,3105,3290,5705,2659,10509,246329,73155,4518,0,0,0,0,36,1
2021-02-03T23:59:59+01:00,8,9,3822,3855,9317,14644,10142,22274,12229,33138,15435,27155,8874,9208,12981,20763,11427,32573,663,616,1930,2813,2502,4845,3009,7598,4016,6290,2192,2233,2397,4218,1929,7862,243600,55148,4346,0,0,0,0,35,1
2021-02-02T23:59:59+01:00,8,9,3755,3759,9218,14450,10044,21896,12088,32574,15233,26705,8748,9092,12858,20554,11345,32307,526,486,1462,2081,1911,3643,2265,5781,2998,4705,1552,1535,1635,2778,1343,5223,240391,39948,4344,0,0,0,0,33,1
2021-02-01T23:59:59+01:00,7,9,3715,3668,9140,14219,9937,21511,11951,31938,15050,26202,8628,8946,12749,20410,11296,32129,391,352,1019,1435,1260,2428,1476,3790,1867,2979,984,979,968,1693,770,3023,237253,25426,4344,0,0,0,0,31,1
2021-01-31T23:59:59+01:00,7,9,3696,3632,9086,14110,9867,21306,11883,31641,14947,26006,8572,8887,12697,20298,11251,32000,361,331,897,1245,1070,2056,1274,3236,1634,2609,886,888,867,1509,699,2716,235758,22288,4228,0,0,0,0,30,1
2021-01-30T23:59:59+01:00,7,9,3695,3629,9076,14097,9854,21283,11870,31621,14935,25992,8568,8882,12628,20229,11185,31922,345,307,836,1161,1013,1932,1210,3046,1559,2471,858,862,848,1469,684,2663,235438,21273,4135,0,0,0,0,30,1
2021-01-29T23:59:59+01:00,7,9,3635,3614,9016,14068,9825,21231,11837,31545,14887,25925,8544,8859,12442,20005,11004,31679,278,224,715,987,869,1572,1056,2657,1348,2147,768,771,800,1415,666,2610,234217,18890,4006,0,0,0,0,29,1
2021-01-28T23:59:59+01:00,7,8,3517,3527,8812,13681,9606,20718,11605,30963,14561,25429,8408,8757,12010,19387,10647,31101,131,57,297,363,377,613,464,1153,615,961,404,424,467,814,381,1579,229433,9104,3404,0,0,0,0,27,0
2021-01-27T23:59:59+01:00,7,8,3285,3392,8520,13263,9306,20094,11221,30129,14174,24691,8191,8545,11459,18583,10224,30338,80,33,204,225,244,416,308,804,436,659,307,308,346,606,286,1157,222724,6422,2793,0,0,0,0,27,0
2021-01-26T23:59:59+01:00,6,8,3121,3294,8238,12924,9043,19525,10917,29373,13778,24056,7953,8323,10883,17668,9578,29189,75,29,189,215,228,382,292,751,405,599,292,282,319,543,259,1027,216012,5890,1951,0,0,0,0,27,0
2021-01-25T23:59:59+01:00,6,8,3032,3200,7955,12443,8753,18821,10531,28372,13300,23291,7672,8122,10267,16850,9121,28288,67,21,168,193,194,323,253,630,354,495,255,237,265,465,210,840,209710,4973,409,0,0,0,0,24,0
2021-01-24T23:59:59+01:00,6,8,2988,3179,7870,12363,8679,18695,10422,28212,13170,23108,7629,8086,10201,16737,9073,28192,66,20,164,189,192,310,250,608,345,481,246,233,263,458,206,825,208399,4859,305,0,0,0,0,24,0
2021-01-23T23:59:59+01:00,6,8,2987,3178,7869,12360,8675,18685,10420,28198,13164,23103,7622,8083,10077,16570,8746,27607,65,20,164,188,192,309,248,608,343,481,246,233,263,458,206,823,207143,4850,303,0,0,0,0,22,0
2021-01-22T23:59:59+01:00,6,8,2924,3132,7745,12246,8592,18543,10310,28025,13083,22989,7592,8048,9878,16268,8228,26584,65,20,163,188,192,309,248,608,342,481,246,233,263,458,206,823,203991,4848,302,0,0,0,0,18,0
2021-01-21T23:59:59+01:00,6,8,2842,2962,7246,11333,8109,17397,9773,26400,12479,21775,7309,7725,9247,15332,7715,25546,59,18,147,174,175,277,222,533,305,441,221,207,233,380,176,693,192990,4264,302,0,0,0,0,16,0
2021-01-20T23:59:59+01:00,6,8,2481,2616,6363,9922,7363,15444,8822,23571,11371,19704,6708,7077,8153,13565,6903,23323,57,18,146,169,172,275,213,519,292,419,209,200,227,355,162,655,173179,4091,298,0,0,0,0,15,0
2021-01-19T23:59:59+01:00,6,8,2042,2261,5462,8533,6500,13554,7803,20791,10104,17469,5958,6197,6776,11389,5883,20290,41,12,97,124,118,169,150,356,192,291,133,114,141,238,114,489,150874,2780,217,0,0,0,0,15,0
2021-01-18T23:59:59+01:00,5,8,1770,1971,4704,7149,5547,11323,6606,17195,8681,14751,5079,5318,5397,9140,4815,16822,22,7,39,46,53,78,66,163,76,146,59,53,66,131,62,221,126248,1289,93,0,0,0,0,15,0
2021-01-17T23:59:59+01:00,4,8,1496,1682,4191,6355,5039,10192,6069,15628,8042,13489,4742,4972,5022,8468,4486,15817,8,2,9,15,16,28,20,50,29,57,24,23,20,31,13,47,115667,392,88,0,0,0,0,14,0
2021-01-16T23:59:59+01:00,4,7,1330,1479,3975,6034,4859,9755,5810,14964,7715,12795,4552,4744,4808,8192,4135,15213,0,0,0,1,1,2,1,1,1,2,0,1,1,0,0,1,110414,12,8,0,0,0,0,13,0
2021-01-15T23:59:59+01:00,4,7,1180,1254,3721,5613,4605,9191,5520,14127,7309,11995,4261,4449,4620,7884,3598,14168,0,0,0,0,0,0,0,0,0,0,0,0,0,0,0,0,103549,0,4,0,0,0,0,13,0
2021-01-14T23:59:59+01:00,3,4,907,944,2976,4427,3740,7374,4576,11383,5915,9651,3464,3581,3880,6660,3119,12377,0,0,0,0,0,0,0,0,0,0,0,0,0,0,0,0,85016,0,0,0,0,0,0,13,0
2021-01-13T23:59:59+01:00,3,3,772,791,2502,3695,3156,6150,3804,9439,4822,7773,2595,2666,2922,5075,2389,9460,0,0,0,0,0,0,0,0,0,0,0,0,0,0,0,0,68046,0,0,0,0,0,0,12,0
2021-01-12T23:59:59+01:00,2,3,639,659,2094,3031,2600,5000,3047,7599,3801,6106,1863,1845,1998,3438,1692,6459,0,0,0,0,0,0,0,0,0,0,0,0,0,0,0,0,51911,0,0,0,0,0,0,0,0
2021-01-11T23:59:59+01:00,1,1,495,524,1745,2453,2085,3998,2362,5776,2828,4432,1200,1141,1200,2028,935,3684,0,0,0,0,0,0,0,0,0,0,0,0,0,0,0,0,36913,0,0,0,0,0,0,0,0
2021-01-10T23:59:59+01:00,1,1,438,455,1484,2027,1746,3274,1952,4791,2351,3713,1059,1015,1057,1780,834,3231,0,0,0,0,0,0,0,0,0,0,0,0,0,0,0,0,31225,0,0,0,0,0,0,0,0
2021-01-09T23:59:59+01:00,1,1,407,410,1359,1850,1600,2984,1799,4343,2166,3382,987,946,1002,1727,816,3188,0,0,0,0,0,0,0,0,0,0,0,0,0,0,0,0,28982,0,0,0,0,0,0,0,0
2021-01-08T23:59:59+01:00,1,1,310,281,1109,1504,1321,2312,1478,3562,1795,2765,852,838,914,1603,768,3032,0,0,0,0,0,0,0,0,0,0,0,0,0,0,0,0,24457,0,0,0,0,0,0,0,0
2021-01-07T23:59:59+01:00,1,0,145,76,401,508,485,795,596,1374,784,1202,467,483,562,965,465,1912,0,0,0,0,0,0,0,0,0,0,0,0,0,0,0,0,11224,0,0,0,0,0,0,0,0
2021-01-06T23:59:59+01:00,1,0,111,44,271,287,311,518,400,930,534,824,360,361,425,748,358,1445,0,0,0,0,0,0,0,0,0,0,0,0,0,0,0,0,7931,0,0,0,0,0,0,0,0
2021-01-05T23:59:59+01:00,1,0,87,31,192,232,245,430,321,821,451,702,344,347,408,716,351,1391,0,0,0,0,0,0,0,0,0,0,0,0,0,0,0,0,7073,0,0,0,0,0,0,0,0
2021-01-04T23:59:59+01:00,1,0,69,25,175,194,203,336,258,639,357,511,269,254,289,518,234,934,0,0,0,0,0,0,0,0,0,0,0,0,0,0,0,0,5268,0,0,0,0,0,0,0,0
2021-01-03T23:59:59+01:00,1,0,67,21,168,189,198,321,256,622,348,494,261,252,285,505,232,917,0,0,0,0,0,0,0,0,0,0,0,0,0,0,0,0,5139,0,0,0,0,0,0,0,0
2021-01-02T23:59:59+01:00,1,0,67,21,168,189,198,321,253,622,345,494,261,252,285,505,232,916,0,0,0,0,0,0,0,0,0,0,0,0,0,0,0,0,5132,0,0,0,0,0,0,0,0
2021-01-01T23:59:59+01:00,1,0,66,21,167,189,198,319,252,622,342,492,261,252,285,504,232,916,0,0,0,0,0,0,0,0,0,0,0,0,0,0,0,0,5121,0,0,0,0,0,0,0,0
2020-12-31T23:59:59+01:00,1,0,66,21,166,187,198,318,251,621,341,491,261,252,285,504,232,916,0,0,0,0,0,0,0,0,0,0,0,0,0,0,0,0,5113,0,0,0,0,0,0,0,0
2020-12-30T23:59:59+01:00,1,0,65,21,166,186,196,315,250,619,340,489,261,252,285,504,231,916,0,0,0,0,0,0,0,0,0,0,0,0,0,0,0,0,5099,0,0,0,0,0,0,0,0
2020-12-29T23:59:59+01:00,1,0,46,13,118,140,147,212,182,445,239,375,179,164,197,375,170,714,0,0,0,0,0,0,0,0,0,0,0,0,0,0,0,0,3718,0,0,0,0,0,0,0,0
2020-12-28T23:59:59+01:00,1,0,25,9,65,77,82,122,101,253,118,232,98,93,104,200,102,388,0,0,0,0,0,0,0,0,0,0,0,0,0,0,0,0,2071,0,0,0,0,0,0,0,0
2020-12-27T23:59:59+01:00,0,0,12,3,18,26,37,47,36,89,37,95,33,29,41,73,31,145,0,0,0,0,0,0,0,0,0,0,0,0,0,0,0,0,752,0,0,0,0,0,0,0,0
