Datum,<15_m,<15_w,15-24_1_m,15-24_1_w,25-34_1_m,25-34_1_w,35-44_1_m,35-44_1_w,45-54_1_m,45-54_1_w,55-64_1_m,55-64_1_w,65-74_1_m,65-74_1_w,75-84_1_m,75-84_1_w,>84_1_m,>84_1_w,<24_2_m,<24_2_w,25-34_2_m,25-34_2_w,35-44_2_m,35-44_2_w,45-54_2_m,45-54_2_w,55-64_2_m,55-64_2_w,65-74_2_m,65-74_2_w,75-84_2_m,75-84_2_w,>84_2_m,>84_2_w,bp_1,bp_2,mo_1,mo_2,az_1,az_2,ja,unb_1,unb_2
2021-10-18T23:59:59+02:00,46383,43700,301061,288736,404343,373374,415576,408119,476420,484848,524936,524837,355321,396535,247814,317939,73064,134158,274660,264052,380085,347624,394446,384095,455263,460794,505545,505173,345417,385144,241223,308713,70334,128417,4162439,3933591,528278,507627,808431,764923,319332,578,531
2021-10-17T23:59:59+02:00,46279,43586,300765,288495,404111,373150,415383,407969,476289,484717,524839,524732,355265,396486,247794,317903,73050,134129,274165,263571,379734,347259,394180,383778,455036,460577,505392,505008,345332,385037,241188,308649,70316,128377,4160469,3930082,528209,507477,808430,764888,319148,578,531
2021-10-16T23:59:59+02:00,46255,43559,300700,288437,404045,373098,415347,407930,476248,484682,524817,524718,355260,396478,247790,317897,73048,134127,274065,263467,379658,347193,394125,383708,454998,460535,505366,504985,345326,385028,241185,308645,70315,128372,4160037,3929492,528195,507419,808430,764886,319088,578,531
2021-10-15T23:59:59+02:00,46107,43401,300277,288097,403690,372783,415062,407676,476013,484463,524664,524588,355210,396437,247772,317867,73039,134112,273511,262893,379259,346815,393796,383378,454728,460264,505173,504824,345266,384954,241146,308600,70310,128352,4157282,3925826,528072,507210,808426,764883,318792,578,531
2021-10-14T23:59:59+02:00,45779,43082,299504,287408,403074,372139,414564,407227,475604,484067,524349,524318,355090,396309,247700,317762,72998,134045,272289,261656,378470,345879,393124,382567,454096,459633,504759,504414,345039,384737,241037,308447,70282,128305,4151859,3917307,527827,506713,808421,764830,318225,578,531
2021-10-13T23:59:59+02:00,45475,42808,298946,286868,402605,371640,414176,406838,475278,483736,524088,524074,354963,396158,247615,317629,72955,133971,271531,260866,377884,345137,392612,381944,453682,459178,504401,504058,344868,384540,240939,308258,70248,128227,4147310,3911070,527597,506442,808417,764784,317813,577,531
2021-10-12T23:59:59+02:00,45155,42539,298298,286326,402090,371105,413775,406450,474975,483429,523840,523834,354854,396019,247561,317536,72923,133913,270703,260014,377202,344426,392080,381386,453270,458754,504045,503717,344649,384323,240835,308109,70208,128120,4142636,3904546,527424,506223,808408,764761,317468,576,529
2021-10-11T23:59:59+02:00,44912,42316,297723,285856,401614,370653,413374,406101,474676,483136,523603,523637,354744,395901,247488,317441,72888,133843,269957,259286,376538,343751,391601,380844,452894,458314,503715,503418,344458,384129,240736,307960,70165,128031,4138554,3898717,527248,505944,808397,764736,317020,576,529
2021-10-10T23:59:59+02:00,44755,42186,297368,285576,401277,370349,413146,405854,474498,482951,523466,523510,354694,395847,247462,317399,72869,133810,269482,258871,376083,343288,391273,380506,452607,458031,503495,503245,344366,384028,240681,307891,70149,127997,4136167,3895131,527111,505822,808389,764703,316662,576,529
2021-10-09T23:59:59+02:00,44725,42161,297270,285501,401193,370291,413085,405804,474450,482903,523442,523493,354686,395833,247460,317395,72868,133809,269367,258767,375985,343193,391191,380434,452550,457977,503461,503215,344356,384014,240675,307883,70148,127995,4135664,3894435,527076,505749,808386,764693,316555,576,529
2021-10-08T23:59:59+02:00,44490,41955,296776,285102,400748,369918,412787,405509,474169,482684,523234,523327,354624,395773,247424,317343,72850,133795,268806,258214,375565,342765,390818,380065,452280,457658,503285,503057,344292,383931,240642,307838,70137,127983,4132329,3890656,526950,505586,808382,764674,316158,576,529
2021-10-07T23:59:59+02:00,44111,41533,295807,284252,399987,369159,412156,404900,473664,482203,522835,523008,354494,395599,247328,317229,72818,133732,267432,256830,374585,341590,390019,379070,451576,456915,502736,502556,344040,383652,240502,307663,70078,127892,4125538,3881039,526718,504400,808373,764633,315497,576,528
2021-10-06T23:59:59+02:00,43855,41277,295116,283678,399478,368663,411767,404482,473315,481897,522562,522757,354355,395450,247246,317108,72793,133656,266696,256025,374048,340936,389546,378537,451161,456470,502388,502204,343869,383443,240393,307519,70048,127814,4120770,3874989,526585,504296,808369,764603,315006,576,528
2021-10-05T23:59:59+02:00,43540,40984,294417,283012,398861,368047,411256,404005,472938,481509,522279,522455,354212,395294,247163,316953,72761,133546,265886,255193,373366,340203,389009,377927,450661,456004,502039,501849,343681,383229,240280,307346,69999,127739,4115420,3868592,526447,504156,808362,764581,314276,576,528
2021-10-04T23:59:59+02:00,43266,40746,293607,282327,398167,367476,410782,403551,472541,481125,521988,522190,354082,395125,247089,316830,72728,133454,264994,254263,372659,339436,388423,377336,450190,455472,501661,501483,343490,383000,240125,307178,69959,127655,4110326,3861944,526301,504047,808355,764543,313365,575,528
2021-10-03T23:59:59+02:00,43103,40598,293213,281925,397764,367129,410483,403307,472331,480896,521815,522028,354000,395033,247037,316739,72718,133416,264509,253844,372209,339033,388070,376944,449920,455167,501415,501253,343365,382857,240063,307085,69941,127624,4107540,3858396,526202,503939,808330,764490,312735,575,528
2021-10-02T23:59:59+02:00,43070,40561,293092,281804,397647,367042,410404,403228,472271,480839,521783,521998,353986,395010,247036,316736,72716,133414,264371,253714,372109,338944,387994,376867,449863,455116,501385,501214,343353,382835,240061,307078,69939,127624,4106866,3857705,526125,503882,808328,764467,312590,575,528
2021-10-01T23:59:59+02:00,42860,40306,292484,281257,397098,366554,409959,402850,471946,480580,521525,521819,353903,394935,247007,316688,72704,133396,263716,253067,371622,338516,387616,376494,449541,454799,501162,501020,343277,382769,240036,307033,69930,127607,4103032,3853851,525983,503726,808323,764413,311804,575,528
2021-09-30T23:59:59+02:00,42465,39915,291377,280186,396110,365608,409176,402076,471296,479927,521025,521425,353741,394728,246909,316558,72678,133327,262523,251901,370763,337597,386917,375675,448940,454157,500693,500625,343108,382546,239958,306875,69901,127555,4095500,3846843,525642,502722,808302,764332,310349,574,527
2021-09-29T23:59:59+02:00,42137,39615,290646,279457,395393,364911,408634,401500,470805,479448,520667,521119,353561,394526,246831,316425,72648,133260,261783,251146,370133,336951,386461,375101,448524,453710,500342,500284,342938,382365,239867,306712,69878,127501,4089735,3841431,525486,502574,808294,764265,309333,574,527
2021-09-28T23:59:59+02:00,41807,39307,289781,278632,394604,364207,408034,400939,470285,478946,520288,520763,353353,394305,246735,316273,72608,133158,260919,250361,369428,336313,385952,374577,448083,453254,499989,499939,342757,382161,239772,306567,69852,127445,4083508,3835924,525363,502426,808286,764211,308130,574,527
2021-09-27T23:59:59+02:00,41395,38925,288911,277800,393819,363499,407481,400355,469810,478427,519890,520436,353198,394110,246650,316153,72577,133066,259905,249440,368578,335512,385293,373905,447543,452717,499587,499579,342575,381929,239681,306433,69828,127383,4077888,3829774,525213,502276,808279,764104,306377,574,527
2021-09-26T23:59:59+02:00,41023,38619,288347,277277,393331,363067,407141,400008,469518,478142,519681,520250,353090,394013,246606,316081,72556,133023,259407,248985,368142,335120,384954,373540,447256,452423,499382,499395,342484,381837,239623,306360,69812,127346,4074235,3826833,525073,502129,808255,763990,305465,574,527
2021-09-25T23:59:59+02:00,40969,38559,288178,277110,393179,362947,407024,399922,469427,478060,519620,520206,353079,393993,246597,316072,72554,133020,259243,248833,367999,334997,384834,373443,447187,452323,499320,499361,342464,381814,239613,306347,69812,127344,4073482,3826124,525000,502069,808253,763959,305035,574,527
2021-09-24T23:59:59+02:00,40771,38347,287543,276460,392536,362380,406502,399441,468980,477655,519321,519963,352974,393908,246556,316019,72548,132996,258583,248151,367392,334460,384387,373002,446770,451967,499000,499115,342348,381708,239569,306293,69800,127320,4069731,3822421,524851,501967,808243,763889,303325,574,526
2021-09-23T23:59:59+02:00,40139,37680,285843,274794,391060,361028,405315,398232,467931,476688,518570,519277,352675,393630,246422,315799,72503,132879,257289,247068,366242,333482,383457,372172,445964,451236,498405,498607,342115,381467,239456,306140,69772,127242,4059853,3816378,524443,501694,808232,763790,299181,573,526
2021-09-22T23:59:59+02:00,39805,37365,284843,273821,390211,360184,404567,397464,467265,476085,518033,518833,352445,393361,246310,315601,72454,132794,256513,246323,365495,332802,382831,371575,445452,450717,497943,498261,341913,381258,239353,306003,69738,127179,4053012,3811300,524228,501525,808209,763674,297233,573,526
2021-09-21T23:59:59+02:00,39391,36881,283764,272743,389251,359277,403812,396711,466640,475495,517583,518401,352218,393097,246207,315422,72400,132687,255657,245472,364736,332088,382197,370972,444956,450231,497527,497859,341717,381052,239245,305839,69704,127093,4045434,3805691,524073,501328,808199,763595,295512,573,526
2021-09-20T23:59:59+02:00,39039,36603,282629,271672,388205,358342,402986,395908,465941,474884,517088,517946,351973,392871,246096,315239,72356,132590,254535,244490,363749,331252,381406,370203,444233,449655,497067,497416,341493,380836,239137,305652,69668,127017,4038414,3799218,523929,501153,808185,763391,293074,573,525
2021-09-19T23:59:59+02:00,38878,36468,282036,271262,387632,357853,402578,395511,465598,474571,516822,517716,351887,392746,246056,315158,72344,132551,254021,244054,363246,330829,380982,369867,443865,449311,496783,497197,341385,380708,239079,305566,69657,126986,4035077,3796395,523788,500970,808164,763092,291869,573,525
2021-09-18T23:59:59+02:00,38824,36397,281875,271104,387434,357691,402397,395369,465488,474456,516756,517657,351871,392733,246048,315149,72342,132547,253707,243708,362994,330577,380745,369676,443703,449177,496690,497108,341355,380682,239060,305546,69654,126978,4034131,3794520,523673,500889,808161,763079,291402,573,525
2021-09-17T23:59:59+02:00,38493,36032,280976,270274,386639,356933,401670,394713,464877,473930,516375,517295,351721,392588,245985,315080,72318,132516,252964,243029,362307,329981,380150,369178,443239,448766,496353,496820,341235,380546,239010,305467,69641,126957,4028794,3790750,523339,500486,808151,763048,289355,572,525
2021-09-16T23:59:59+02:00,37924,35437,279394,268719,385290,355479,400466,393395,463863,472947,515603,516599,351403,392260,245856,314893,72270,132423,251820,242021,361353,329051,379326,368322,442571,448077,495840,496374,341008,380325,238910,305339,69611,126895,4017919,3784157,522587,500088,808101,762901,286836,572,525
2021-09-15T23:59:59+02:00,37546,35126,278264,267621,384392,354502,399611,392536,463189,472261,515068,516086,351178,391971,245683,314711,72231,132303,250961,241212,360571,328258,378642,367648,442006,447559,495336,495936,340798,380090,238773,305191,69588,126822,4010372,3778522,522300,499855,808088,762828,284735,572,525
2021-09-14T23:59:59+02:00,37232,34820,277294,266664,383450,353644,398877,391771,462584,471609,514538,515633,350937,391731,245553,314541,72186,132233,250180,240419,359840,327590,378034,367049,441463,447047,494915,495553,340601,379876,238662,305044,69565,126768,4003562,3773412,521973,499632,808059,762680,282918,571,524
2021-09-13T23:59:59+02:00,36845,34426,276056,265402,382502,352603,398102,390892,461887,470890,514014,515129,350714,391481,245432,314387,72147,132160,249055,239366,359024,326807,377432,366394,440904,446522,494453,495172,340407,379651,238561,304896,69535,126714,3995363,3766482,521256,499346,808026,762584,281635,571,524
2021-09-12T23:59:59+02:00,36704,34297,275487,264965,382030,352158,397715,390466,461563,470589,513802,514914,350608,391370,245386,314311,72135,132125,248530,238954,358522,326364,377064,366042,440602,446232,494203,494950,340283,379520,238502,304809,69520,126669,3992188,3763465,521092,499154,807990,762460,280565,571,523
2021-09-11T23:59:59+02:00,36627,34248,275294,264757,381804,351971,397555,390311,461431,470467,513732,514853,350578,391340,245377,314295,72133,132122,248250,238772,358298,326206,376915,365901,440454,446116,494137,494895,340259,379493,238494,304796,69520,126665,3991154,3762383,521003,499021,807983,762439,279961,571,523
2021-09-10T23:59:59+02:00,36299,33916,274218,263763,380850,351074,396677,389503,460629,469788,513174,514405,350371,391141,245289,314183,72115,132092,247344,238068,357473,325471,376130,365275,439762,445594,493649,494515,340098,379337,238413,304693,69498,126634,3985834,3758935,520862,498807,807973,762417,276019,571,523
2021-09-09T23:59:59+02:00,35864,33470,272919,262609,379803,349899,395744,388470,459833,468916,512591,513896,350132,390857,245159,314026,72079,132031,246277,237107,356562,324604,375322,364467,439072,444986,493062,494072,339884,379109,238292,304550,69468,126582,3977673,3752851,520559,498408,807929,762268,273340,564,521
2021-09-08T23:59:59+02:00,35464,33070,271964,261624,379011,349054,395052,387690,459208,468321,512153,513435,349926,390614,245054,313851,72050,131973,245352,236250,355753,323871,374639,363745,438472,444425,492614,493617,339687,378864,238174,304386,69434,126493,3971242,3747171,520338,498088,807877,762135,271253,564,519
2021-09-07T23:59:59+02:00,35089,32734,270940,260700,378181,348275,394407,387016,458680,467798,511708,513038,349734,390403,244954,313684,72017,131901,244477,235467,354949,323188,373993,363187,437967,443917,492170,493228,339479,378650,238086,304248,69408,126441,3965144,3742190,520099,497746,807864,761958,269344,564,519
2021-09-06T23:59:59+02:00,34690,32326,269824,259597,377240,347328,393725,386242,458083,467169,511269,512603,349512,390156,244865,313563,71987,131831,243707,234711,354209,322534,373378,362599,437506,443413,491758,492844,339265,378444,238004,304115,69379,126385,3957943,3737375,519962,497504,807814,761830,267480,564,519
2021-09-05T23:59:59+02:00,34534,32178,269420,259186,376933,346985,393431,385926,457848,466932,511092,512424,349438,390062,244823,313501,71971,131804,243278,234318,353813,322149,373026,362288,437248,443163,491559,492636,339163,378325,237962,304051,69362,126353,3955356,3734745,519860,497229,807787,761695,266674,564,519
2021-09-04T23:59:59+02:00,34475,32140,269254,259056,376814,346859,393303,385822,457773,466847,511041,512379,349426,390044,244817,313489,71971,131803,243112,234174,353654,321986,372879,362171,437157,443061,491493,492587,339141,378305,237954,304039,69362,126352,3954653,3733960,519806,497093,807782,761672,266260,564,519
2021-09-03T23:59:59+02:00,34156,31826,268362,258250,376075,346198,392715,385235,457197,466364,510580,512040,349255,389866,244751,313383,71948,131770,242097,233314,352857,321268,372207,361519,436504,442470,491003,492171,338944,378106,237867,303930,69342,126325,3950291,3729656,519104,495555,807754,761599,264008,564,519
2021-09-02T23:59:59+02:00,33797,31489,267313,257370,375213,345365,391985,384490,456512,465737,510049,511612,348991,389616,244628,313205,71923,131692,241077,232519,351968,320490,371474,360815,435792,441846,490439,491714,338696,377842,237759,303777,69315,126248,3944357,3724483,518819,495074,807719,761278,261272,564,518
2021-09-01T23:59:59+02:00,33471,31123,266467,256531,374457,344692,391454,383943,456045,465256,509666,511268,348815,389423,244539,313088,71899,131632,239991,231458,351105,319637,370786,360119,435178,441239,489914,491229,338463,377576,237626,303620,69287,126193,3938921,3717673,518634,494530,807685,761060,259707,564,514
2021-08-31T23:59:59+02:00,33074,30780,265600,255626,373721,343978,390881,383360,455535,464772,509217,510902,348625,389231,244444,312940,71868,131589,239037,230572,350299,318892,370125,359483,434620,440730,489391,490830,338260,377362,237537,303470,69253,126137,3933401,3712364,518444,494143,807659,760644,257814,563,514
2021-08-30T23:59:59+02:00,32527,30293,264294,254445,372724,343069,390066,382544,454780,464061,508654,510402,348396,389013,244351,312785,71831,131520,237879,229587,349299,317996,369337,358740,433921,440149,488831,490315,338005,377121,237412,303289,69212,126060,3925912,3706324,518328,493700,807614,760390,255070,563,513
2021-08-29T23:59:59+02:00,32337,30102,263727,253938,372247,342655,389687,382207,454486,463772,508424,510181,348299,388904,244302,312720,71821,131496,237162,228951,348690,317452,368840,358271,433493,439772,488520,490054,337861,376967,237352,303215,69194,126035,3922831,3702440,518209,493301,807586,760131,253845,563,513
2021-08-28T23:59:59+02:00,32248,30005,263501,253759,372068,342502,389530,382084,454360,463652,508350,510129,348275,388881,244291,312708,71820,131493,236843,228692,348439,317256,368618,358106,433311,439607,488392,489962,337819,376925,237332,303189,69192,126031,3921792,3700862,518169,493184,807580,760105,253281,563,513
2021-08-27T23:59:59+02:00,32017,29755,262854,253194,371554,341983,389059,381631,453905,463254,507979,509845,348146,388747,244232,312622,71801,131473,236239,228194,347826,316754,368144,357678,432861,439253,488088,489714,337687,376807,237277,303125,69181,126024,3917988,3697651,518101,492970,807521,760044,251605,563,513
2021-08-26T23:59:59+02:00,31635,29368,261849,252218,370702,341165,388301,380886,453219,462576,507429,509364,347913,388486,244111,312505,71773,131413,234765,226833,346600,315568,367027,356685,431989,438449,487418,489138,337402,376486,237114,302956,69151,125978,3911794,3689316,517857,492324,807480,759685,248935,563,511
2021-08-25T23:59:59+02:00,31272,29035,260923,251359,369953,340390,387642,380192,452582,461986,506872,508903,347676,388230,243985,312342,71738,131346,232716,224969,345120,314165,365840,355491,430990,437486,486614,488410,337019,376094,236959,302720,69106,125889,3906075,3677335,517727,491917,807453,759534,246323,561,507
2021-08-24T23:59:59+02:00,30955,28767,260189,250579,369344,339757,387103,379616,452100,461472,506459,508529,347466,388005,243867,312177,71712,131273,231505,223904,344156,313243,365056,354742,430316,436835,486055,487860,336739,375780,236824,302559,69081,125824,3901127,3670148,517440,491470,807432,759230,244521,561,503
2021-08-23T23:59:59+02:00,30434,28239,258799,249261,368317,338842,386271,378824,451319,460786,505810,507961,347184,387723,243727,311989,71685,131214,230024,222586,342845,312175,364105,353890,429451,436075,485350,487290,336434,375446,236687,302368,69055,125764,3893690,3662738,517294,490990,807397,758946,241149,561,502
2021-08-22T23:59:59+02:00,30290,28125,258394,248891,367963,338512,385997,378558,451082,460541,505622,507811,347087,387628,243686,311931,71668,131188,229304,221907,342159,311518,363568,353385,429011,435671,485031,487025,336270,375262,236623,302263,69037,125727,3891468,3658357,517145,490526,807358,758646,240145,561,498
2021-08-21T23:59:59+02:00,30039,27920,257895,248429,367644,338191,385740,378300,450877,460363,505474,507672,347032,387572,243664,311893,71665,131179,228561,221255,341673,311120,363166,352975,428646,435365,484802,486828,336185,375194,236596,302220,69031,125715,3888916,3655384,517001,489320,807350,758590,239422,561,498
2021-08-20T23:59:59+02:00,29846,27721,257236,247770,366904,337564,385062,377770,450283,459866,505000,507351,346887,387412,243609,311796,71649,131144,226755,219639,340260,309924,362048,352018,427689,434566,484082,486279,335941,374944,236494,302100,69006,125685,3885438,3647126,516678,488160,807337,758223,236555,561,498
2021-08-19T23:59:59+02:00,29514,27408,256250,246917,365899,336774,384270,377077,449568,459226,504437,506866,346646,387149,243501,311649,71615,131071,223991,217204,337950,308086,360343,350545,426286,433295,482922,485321,335521,374518,236302,301854,68972,125616,3879902,3632761,516312,486394,807295,757751,233460,561,497
2021-08-18T23:59:59+02:00,29227,27147,255453,246210,365195,336156,383690,376509,448970,458727,503962,506450,346373,386909,243383,311501,71583,131005,221516,214680,335892,306322,358697,348892,424761,431964,481775,484281,335000,373962,236068,301554,68920,125522,3874782,3619478,516132,482444,807266,757371,231400,560,497
2021-08-17T23:59:59+02:00,28909,26871,254668,245492,364575,335472,383127,375954,448479,458242,503530,506029,346170,386698,243265,311370,71556,130953,218766,211926,333815,304492,357008,347427,423324,430687,480650,483290,334507,373421,235832,301261,68866,125446,3869732,3604400,515830,479666,807240,756941,229687,559,496
2021-08-16T23:59:59+02:00,28620,26607,253971,244841,364003,334913,382665,375490,448038,457802,503108,505664,345984,386489,243165,311206,71525,130913,215595,208852,331523,302374,355486,345976,422113,429552,479701,482446,334115,372973,235645,300987,68826,125357,3865305,3586994,515674,478940,807214,756591,227938,559,494
2021-08-15T23:59:59+02:00,28423,26444,253477,244395,363574,334522,382304,375153,447741,457544,502865,505469,345869,386371,243116,311126,71514,130892,211584,204792,329623,300755,354221,344753,421086,428612,478918,481786,333782,372637,235520,300810,68802,125307,3862451,3569357,515530,478028,807176,756264,226769,559,492
2021-08-14T23:59:59+02:00,28355,26386,253229,244197,363341,334346,382130,375003,447584,457415,502747,505362,345820,386339,243099,311103,71511,130887,210511,203687,328799,299991,353501,344074,420591,428152,478529,481464,333642,372508,235483,300753,68793,125290,3861277,3562656,515459,477657,807172,756187,226073,559,492
2021-08-13T23:59:59+02:00,28099,26143,252524,243608,362841,333919,381692,374571,447148,457053,502409,505104,345692,386188,243034,311027,71499,130858,208623,201899,327373,298674,352232,342881,419538,427213,477779,480823,333398,372218,235370,300611,68775,125236,3857456,3550703,515388,477055,807162,755995,224531,555,492
2021-08-12T23:59:59+02:00,27900,25917,251801,242971,362220,333330,381161,374083,446613,456606,501987,504748,345508,385988,242932,310921,71486,130810,206025,199626,324489,296136,350216,341079,418027,425960,476545,479753,332943,371678,235119,300334,68735,125152,3853493,3533269,515199,475847,807125,754968,222290,553,490
2021-08-11T23:59:59+02:00,27665,25670,251067,242280,361593,332748,380633,373603,446149,456177,501578,504318,345281,385746,242816,310786,71458,130755,202981,196639,321303,293194,348040,339010,416524,424552,475260,478462,332400,371035,234870,299926,68684,125023,3848636,3511394,514979,474773,807085,754030,220751,550,489
2021-08-10T23:59:59+02:00,27419,25412,250233,241542,360879,332196,380092,373053,445649,455702,501121,503916,345085,385550,242730,310647,71435,130711,198777,192503,316628,288970,345050,336228,414403,422605,473660,477000,331711,370362,234571,299516,68627,124904,3843539,3481219,514694,473661,807050,752878,219217,548,489
2021-08-09T23:59:59+02:00,27222,25211,249606,240970,360299,331712,379645,372671,445237,455356,500775,503632,344925,385401,242664,310535,71415,130675,194229,187902,310912,284219,342289,333729,412486,420832,472038,475533,331063,369671,234292,299145,68568,124768,3839818,3450810,514516,470879,807020,751782,217723,548,485
2021-08-08T23:59:59+02:00,27050,25052,249122,240558,359904,331357,379295,372379,444933,455096,500533,503440,344817,385293,242601,310455,71398,130642,192879,186531,309284,282878,340973,332564,411609,420075,471466,475013,330801,369400,234161,298975,68542,124717,3837229,3441668,514359,469513,806968,751293,216490,548,484
2021-08-07T23:59:59+02:00,26901,24876,248593,240108,359506,331016,378960,372095,444640,454860,500307,503266,344745,385198,242567,310405,71390,130631,189200,182940,307236,281024,339251,331039,410273,418807,470539,474217,330445,369026,234030,298786,68508,124680,3834368,3422019,514252,468178,806958,751079,215607,548,481
2021-08-06T23:59:59+02:00,26675,24641,247723,239440,358719,330406,378284,371518,443983,454332,499769,502875,344512,384993,242468,310289,71379,130609,185455,179383,303763,278211,337129,329201,408670,417465,469238,473251,330064,368641,233870,298631,68484,124632,3831781,3402685,512885,466447,806946,749978,212124,548,480
2021-08-05T23:59:59+02:00,26353,24317,246543,238501,357820,329531,377459,370784,443240,453647,499100,502332,344227,384690,242352,310114,71338,130546,180973,175432,298368,273791,333006,325630,405859,414972,466979,471464,329396,367936,233604,298258,68423,124521,3825396,3374710,512620,461730,806882,746263,209109,548,479
2021-08-04T23:59:59+02:00,25979,23974,245396,237510,356820,328619,376678,370069,442609,453048,498526,501801,343952,384420,242229,309941,71310,130475,177491,172125,294594,270657,328592,321717,403601,412876,465269,469911,328700,367234,233328,297906,68364,124419,3818875,3347511,512275,459960,806847,744512,206464,544,478
2021-08-03T23:59:59+02:00,25515,23552,244031,236323,355908,327779,375966,369373,441953,452385,497926,501265,343660,384119,242099,309764,71266,130407,174004,168672,290484,267008,323476,317103,400849,410316,462925,467806,327853,366364,232977,297433,68296,124280,3810914,3315361,512113,458080,806803,742437,204565,544,478
2021-08-02T23:59:59+02:00,25197,23246,242977,235360,355059,327018,375265,368773,441380,451836,497400,500815,343398,383844,241981,309607,71240,130348,170360,165073,285779,263033,317597,312145,398091,407754,460688,465811,327079,365527,232681,297033,68234,124162,3804544,3281844,511865,456098,806745,739903,202693,543,476
2021-08-01T23:59:59+02:00,25041,23055,242345,234752,354460,326504,374820,368380,440946,451515,497055,500536,343257,383678,241905,309491,71226,130322,168808,163616,283288,261030,312957,308427,396231,406175,459207,464561,326645,365040,232509,296815,68205,124103,3800855,3263906,511560,453950,806651,737453,201323,540,472
2021-07-31T23:59:59+02:00,24931,22950,242001,234429,354177,326276,374579,368209,440758,451362,496946,500436,343224,383638,241885,309478,71225,130316,165030,159767,280459,258478,310864,306426,394832,404892,458060,463571,326325,364664,232375,296641,68179,124057,3799232,3240951,511370,453011,806645,736659,200673,540,472
2021-07-30T23:59:59+02:00,24641,22690,241200,233711,353600,325745,374087,367743,440295,450959,496584,500145,343086,383497,241840,309399,71212,130300,161278,155995,277056,255359,307831,303601,392599,402775,456210,461983,325813,364130,232165,296349,68146,123999,3795142,3215829,511000,451805,806628,733457,199062,539,470
2021-07-29T23:59:59+02:00,24294,22349,239662,232435,352430,324664,373115,366830,439436,450163,495767,499520,342752,383184,241703,309215,71175,130233,156415,151502,271660,251172,301910,298810,388233,399274,453151,459569,324979,363280,231852,295938,68086,123899,3787542,3181837,510318,446932,806544,728345,195615,538,470
2021-07-28T23:59:59+02:00,23994,22061,238509,231394,351543,323821,372361,366137,438796,449493,495200,499026,342497,382884,241568,309029,71140,130161,152651,147847,267155,247499,297465,294850,384964,396413,451057,457714,324318,362518,231582,295552,68022,123773,3780774,3151051,509779,445005,806466,725696,193688,537,467
2021-07-27T23:59:59+02:00,23721,21834,237499,230417,350698,323079,371654,365542,438208,448877,494674,498567,342252,382579,241434,308833,71104,130062,147617,142714,261218,242353,292157,290078,380942,392708,447871,454897,323326,361412,231215,295045,67930,123614,3774459,3109394,509222,442674,806408,721947,192039,536,465
2021-07-26T23:59:59+02:00,23488,21594,236522,229432,349904,322374,371044,364985,437650,448385,494222,498196,342020,382337,241306,308674,71080,130004,143261,138311,255657,237556,286977,285594,376468,388741,444347,451869,322371,360448,230885,294565,67855,123477,3768755,3069907,508590,440414,806326,717587,190637,533,465
2021-07-25T23:59:59+02:00,23130,21293,235181,228276,348958,321603,370362,364320,437069,447842,493761,497791,341820,382123,241216,308544,71059,129940,141411,136549,252967,235332,284467,283490,374328,386957,442257,450073,321855,359932,230680,294335,67830,123400,3761668,3054858,508212,438225,806259,713220,189234,532,465
2021-07-24T23:59:59+02:00,22881,21096,234251,227414,348234,320950,369786,363796,436541,447403,493399,497513,341704,382024,241172,308482,71056,129929,138513,133744,250230,233005,281898,281271,372066,385098,441016,449085,321504,359594,230535,294156,67811,123366,3757638,3036489,507450,435205,806244,712878,187381,532,465
2021-07-23T23:59:59+02:00,22463,20709,232745,226067,346906,320006,368735,362928,435661,446614,492700,496980,341469,381752,241083,308369,71035,129893,133026,128893,244849,228692,277413,277479,368372,381889,438358,446880,320803,358872,230281,293843,67757,123285,3750149,3000895,506978,433429,806189,710737,183870,532,465
2021-07-22T23:59:59+02:00,21958,20233,230639,224086,345150,318462,367224,361636,434342,445465,491718,496077,341033,381300,240905,308120,70991,129812,128674,124828,238840,224173,271018,272403,361466,376378,432894,442364,319618,357609,229840,293314,67663,123131,3737684,2958749,505388,427438,806059,704412,181080,531,463
2021-07-21T23:59:59+02:00,21450,19713,228749,222261,343447,316926,365603,360061,432764,444074,490490,494905,340480,380777,240657,307834,70937,129717,124907,121252,233374,219927,265479,267869,353322,369435,428281,438619,318497,356460,229377,292747,67582,122951,3726653,2923186,501626,416537,805833,699624,177786,531,461
2021-07-20T23:59:59+02:00,21148,19434,227278,220777,342207,315753,364636,359184,431897,443280,489766,494254,340137,380405,240509,307611,70908,129627,120569,117009,227020,214749,259646,262685,346199,363322,423576,434302,317403,355204,228963,292159,67484,122768,3717297,2879363,501218,409309,805702,695232,175643,531,460
2021-07-19T23:59:59+02:00,20834,19137,225540,219081,340888,314497,363596,358206,431081,442502,489096,493636,339841,380041,240357,307378,70863,129530,117809,114403,222625,211152,255022,258729,342478,360143,420952,432116,316676,354476,228663,291767,67409,122644,3706692,2854268,500794,403921,805610,690903,174053,531,460
2021-07-18T23:59:59+02:00,20680,19004,224244,217807,339267,313057,362522,357277,430259,441777,488556,493092,339608,379754,240228,307199,70841,129468,116304,113011,219957,208965,252664,256623,340224,358288,418912,430420,316184,353987,228502,291548,67388,122577,3697222,2841945,500255,399639,805534,687197,172670,530,457
2021-07-17T23:59:59+02:00,20281,18582,223090,216746,338685,312516,361929,356763,429739,441327,488140,492803,339504,379637,240186,307143,70838,129457,114232,110909,217496,206659,250194,254425,337794,356146,417463,429156,315849,353595,228367,291380,67365,122537,3691644,2824414,500052,396914,805509,686410,171202,527,457
2021-07-16T23:59:59+02:00,19737,18068,220548,214597,336945,311217,360419,355471,428271,440118,487040,491942,339098,379267,240015,306984,70813,129421,111113,108102,212725,202728,245653,250782,333487,352443,414115,426429,314927,352664,228016,290962,67311,122456,3681442,2796694,499292,394551,805349,682594,164923,526,456
2021-07-15T23:59:59+02:00,19095,17441,217764,212169,335037,309513,358828,354030,426927,438931,486093,491088,338697,378839,239812,306728,70771,129316,107202,104872,204340,196470,238147,245170,326874,347196,407034,419966,313183,350846,227466,290291,67239,122257,3666371,2750019,498693,386097,805231,675163,161788,525,456
2021-07-14T23:59:59+02:00,18249,16715,215314,209840,333325,307972,357418,352680,425701,437727,485062,490128,338238,378377,239571,306416,70717,129229,103584,101527,197850,191291,232422,240493,322574,343713,402854,416333,311870,349532,227057,289731,67156,122103,3651400,2716331,498107,380547,805101,668351,159070,524,453
2021-07-13T23:59:59+02:00,17595,16057,213125,207813,331719,306597,356079,351447,424522,436632,484098,489265,337797,377904,239368,306168,70682,129136,99817,97979,191354,185873,225271,234421,315886,337647,394452,408460,310070,347604,226451,288939,67044,121902,3637532,2673452,497550,367857,804940,658865,156976,523,449
2021-07-12T23:59:59+02:00,16575,15122,209842,204624,329656,304861,354498,349975,423276,435424,483112,488359,337380,377431,239189,305939,70643,129058,96715,95254,186061,181561,218285,228737,309040,331604,389347,404179,308336,345733,225857,288206,66945,121731,3619026,2635089,496992,360706,804759,650440,155174,522,448
2021-07-11T23:59:59+02:00,16066,14647,208481,203347,328904,304138,353835,349347,422710,434916,482662,488013,337189,377228,239129,305833,70621,129018,95292,93963,183272,179249,215280,226439,306344,329444,386511,401786,305862,343105,225476,287735,66890,121633,3612756,2620059,496352,358711,804629,639931,153337,517,444
2021-07-10T23:59:59+02:00,15591,14187,206631,201561,327432,302870,352695,348369,421979,434318,482184,487614,337019,377063,239063,305747,70611,128998,93984,92687,180729,177128,212242,223953,303818,327278,385344,400749,305216,342436,225296,287546,66874,121606,3604153,2603230,495708,358480,804393,638178,150661,516,444
2021-07-09T23:59:59+02:00,15266,13907,204724,199717,325823,301409,351623,347403,421073,433604,481612,487136,336811,376839,238967,305626,70596,128964,91191,89960,177197,173897,207893,219793,298793,322668,381896,397764,304118,341205,224990,287179,66836,121542,3594982,2574197,494840,356414,804198,630576,148058,514,444
2021-07-08T23:59:59+02:00,14798,13479,201227,196727,322506,298734,349242,345409,419363,432145,480176,486066,336373,376397,238789,305377,70551,128886,86884,86189,169943,168227,199749,213385,291413,316548,374939,391545,301390,338275,224210,286239,66719,121282,3579609,2527937,490789,347744,803676,620202,143124,512,443
2021-07-07T23:59:59+02:00,14297,13025,197482,192858,319332,295872,346924,343360,417803,430670,478974,484964,335894,375833,238599,305104,70513,128780,83198,82736,162632,162501,190686,206199,283417,309980,367889,384719,298075,334655,223299,285136,66578,121035,3558296,2479896,489423,334292,803291,610195,140180,509,440
2021-07-06T23:59:59+02:00,13838,12651,194045,189477,316069,293132,344447,341072,416084,429106,477703,483828,335392,375273,238401,304814,70460,128695,79625,79152,155951,156980,183267,199986,274467,302021,361392,378623,294876,331404,222413,284044,66469,120806,3538416,2427326,486349,327307,802873,600669,137749,506,440
2021-07-05T23:59:59+02:00,13440,12314,189649,185227,312008,289794,341930,338733,414407,427557,476558,482756,334920,374756,238221,304568,70427,128609,76556,76317,150826,152883,178495,195858,267546,295746,355280,373080,291599,327958,221524,282923,66359,120635,3515540,2388215,485187,322806,802378,590302,133657,503,437
2021-07-04T23:59:59+02:00,13262,12156,185803,181352,309367,287763,340614,337659,413523,426779,475979,482261,334695,374501,238134,304443,70401,128555,74366,74445,147719,150308,176159,193812,265096,293684,352164,370869,288293,324562,220943,282256,66303,120515,3503281,2374410,483893,320505,801812,578763,129144,503,435
2021-07-03T23:59:59+02:00,12066,11100,179369,175351,305094,284301,338278,335489,411703,424969,474764,481205,334294,374055,237960,304197,70377,128512,72584,72865,145288,148425,173717,191726,262028,290955,349881,369012,286535,322576,220675,281894,66271,120466,3476893,2358657,482485,320305,801629,574267,122945,503,435
2021-07-02T23:59:59+02:00,10967,10008,175657,171888,302674,282102,336531,333784,410451,423778,473989,480514,334034,373739,237846,304015,70349,128464,69885,70178,141359,145134,169275,187677,255969,285504,344654,364302,283282,318844,220034,281121,66222,120381,3458790,2325413,481005,317514,801446,561680,120411,501,418
2021-07-01T23:59:59+02:00,9870,9079,171984,168443,298631,278807,334035,331510,408656,422195,472892,479554,333614,373276,237645,303744,70303,128385,64998,65454,135031,139791,161982,181163,245703,276637,333846,354504,278495,313567,218180,278864,66043,120069,3436220,2269009,478907,305149,801100,543946,117253,501,414
2021-06-30T23:59:59+02:00,9381,8685,168711,165355,293005,274179,330363,328172,406887,420652,471868,478584,333193,372792,237453,303444,70269,128296,61865,62604,129385,135111,155334,175161,235647,267480,320434,341217,273279,308016,216289,276540,65875,119747,3411100,2213937,476739,292329,800807,525100,113489,500,412
2021-06-29T23:59:59+02:00,8845,8163,164910,161573,288461,269912,326793,324877,404784,418573,470322,477172,332604,372153,237200,303089,70214,128187,59073,59604,124433,130695,149309,169627,223791,256776,311871,332846,266814,300823,214315,274079,65672,119401,3383573,2154639,474740,287661,800482,507687,109872,498,409
2021-06-28T23:59:59+02:00,8440,7783,161578,158114,283423,265589,323486,322033,402641,416647,468834,475861,332084,371541,236967,302780,70170,128094,56797,57255,120524,127180,144956,165542,214565,248356,306077,327435,261868,295527,212551,271843,65525,119135,3359631,2118890,470771,279037,799823,491159,106661,498,406
2021-06-27T23:59:59+02:00,8292,7660,160071,156587,281319,263780,321682,320496,400942,415287,467939,475144,331792,371249,236864,302617,70151,128045,55597,56145,118399,125468,142384,163409,210452,244967,302706,324573,258055,291517,210092,268930,65414,118940,3349614,2103405,468695,275542,798775,475010,103653,497,404
2021-06-26T23:59:59+02:00,7138,6560,156803,153249,279214,261897,319267,318254,399751,414131,467241,474445,331523,370969,236757,302459,70127,128015,55050,55554,117058,124310,140956,162169,208207,242960,300173,322158,256516,289855,209758,268520,65387,118870,3330472,2086576,465871,275452,798769,472510,103519,475,383
2021-06-25T23:59:59+02:00,5916,5444,152494,148963,275820,258940,317217,316293,398442,412884,466240,473621,331234,370634,236629,302303,70100,127966,53761,53929,114575,121609,136867,157598,199440,234507,294481,316282,254791,287735,209168,267718,65316,118753,3305519,2044051,464441,273756,798714,465925,103292,475,382
2021-06-24T23:59:59+02:00,5052,4656,148044,144830,270983,254987,312941,312510,396247,411008,464863,472484,330810,370172,236460,302065,70066,127879,51111,51333,109442,116886,129527,150949,187388,224050,283061,306047,249409,281888,207333,265371,65113,118353,3274289,1981952,462432,261966,798548,452165,101604,474,381
2021-06-23T23:59:59+02:00,4830,4450,144876,141711,267283,251833,307699,307705,393755,408661,463456,471166,330281,369551,236229,301753,70018,127772,49168,49247,105644,112972,123854,145268,177483,215381,271075,294051,244795,277070,206000,263672,64952,117994,3246720,1925586,458906,252098,798387,441468,99827,472,380
2021-06-22T23:59:59+02:00,4579,4220,141802,138582,263564,248451,301569,302270,391123,406101,461912,469681,329731,368943,236008,301399,69971,127665,47477,47502,102029,109665,119053,140685,164880,204231,260157,283744,240729,272595,204078,261263,64700,117521,3214654,1867164,456970,244380,798193,430511,98550,470,371
2021-06-21T23:59:59+02:00,4320,3975,138539,135636,258854,244544,296321,297403,388077,403228,460440,468328,329213,368383,235787,301086,69930,127553,46244,46274,99641,107443,116313,137978,158659,198455,253267,277104,235375,266754,200141,256737,64513,117144,3182901,1836147,454924,238862,797989,410720,96585,467,370
2021-06-20T23:59:59+02:00,4176,3857,137030,134125,254601,241049,293737,295161,386688,401914,459651,467584,328987,368096,235675,300954,69910,127491,45119,45347,97381,105645,114033,135988,155624,195913,248951,273027,232371,263224,199154,255483,64432,117018,3165417,1815758,453159,235308,797831,402851,95053,465,363
2021-06-19T23:59:59+02:00,3759,3506,134881,132030,251850,238725,291952,293512,384845,400348,458812,466856,328766,367844,235572,300816,69890,127459,44576,44699,96106,104379,112556,134523,154118,194474,245726,269998,231647,262373,198983,255220,64410,116965,3149082,1799765,450336,233726,797822,402566,94947,465,362
2021-06-18T23:59:59+02:00,2807,2594,131599,128890,248327,235672,287939,290099,382447,398223,457473,465697,328390,367443,235417,300581,69863,127410,43789,43783,94528,102597,110259,131852,150565,190438,238863,262705,229920,260366,198497,254580,64335,116831,3123268,1770430,445899,233196,797797,395855,94667,465,361
2021-06-17T23:59:59+02:00,2573,2371,127884,125602,242298,231229,282709,285709,377658,394230,455142,463857,327795,366720,235172,300227,69798,127297,41546,41956,90474,99119,105353,127098,142699,182764,227458,251308,224717,254427,196845,252423,64076,116411,3088441,1714715,442914,229048,797533,384949,90195,406,353
2021-06-16T23:59:59+02:00,2302,2136,124649,122196,237398,226878,278019,281448,372486,389734,452546,461715,327050,365923,234882,299814,69732,127183,39713,40356,86933,96087,101001,123268,134458,175416,215354,239391,218484,247312,194919,250095,63824,115923,3054897,1654883,437375,223439,797035,376848,87587,404,352
2021-06-15T23:59:59+02:00,1914,1804,119730,117324,231412,221730,272666,276460,367420,385105,449698,459297,326181,364947,234529,299301,69650,126999,38096,38741,83606,93039,97029,119215,127399,169036,202994,227355,212449,240518,192958,247662,63514,115353,3010164,1597557,435448,217589,796472,369166,84868,404,349
2021-06-14T23:59:59+02:00,1651,1529,115679,113167,226185,216822,267307,271488,362127,380352,446579,456703,325395,364089,234219,298913,69588,126878,37116,37851,81326,90941,94316,116693,123279,165287,196389,220850,209338,237009,191822,246189,63295,114960,2968017,1567933,433096,215314,796214,361504,82116,402,346
2021-06-13T23:59:59+02:00,1578,1444,114186,111791,223735,214720,264766,269228,359873,378394,445408,455678,325119,363784,234083,298742,69556,126804,36248,37114,79467,89264,92305,114870,120452,162676,192511,217140,206246,233568,190788,244820,63063,114548,2953030,1553913,430657,208033,795911,353275,80056,402,345
2021-06-12T23:59:59+02:00,1429,1306,111533,109042,221838,212989,263380,267949,358434,376994,444512,454910,324831,363475,233991,298639,69538,126776,35879,36709,78477,88169,91051,113570,118871,161113,188943,213837,205211,232439,189389,243163,63053,114516,2936839,1540739,429679,208024,795889,345893,79922,401,344
2021-06-11T23:59:59+02:00,1282,1170,108985,106525,218941,210368,259712,264756,355299,374261,442798,453440,324395,363023,233854,298431,69511,126721,35203,35594,76469,84791,88816,110034,114760,155970,182233,206377,203114,230067,188784,242392,62990,114417,2912415,1513199,426879,207327,795709,332443,79224,400,343
2021-06-10T23:59:59+02:00,1120,1013,104231,102112,212865,205602,252650,258928,349205,368964,438300,449665,323534,362051,233534,297984,69427,126568,33622,34106,72463,80611,83891,104523,108085,147743,169871,192723,197027,223170,187053,240248,62736,114013,2868754,1465979,419777,205583,794874,305416,75078,396,337
2021-06-09T23:59:59+02:00,972,884,100309,98396,206896,200871,245837,253214,342544,363011,434618,446641,322853,361304,233261,297601,69362,126436,32085,32846,69223,77958,80193,101353,103354,143455,158715,181944,186391,211155,185188,238001,62464,113518,2829715,1411855,411246,201600,794357,294130,70421,377,333
2021-06-08T23:59:59+02:00,790,703,95783,93853,200258,195309,238878,247199,334286,355732,429506,441967,322015,360300,232886,297113,69282,126301,31011,31986,66632,75658,76909,98624,98769,139537,151099,174438,177668,201426,183379,235748,62232,113151,2777720,1372588,405477,196682,793771,283256,65900,377,325
2021-06-07T23:59:59+02:00,631,562,92563,90749,194189,190601,232320,241955,326455,349558,426456,439517,321468,359664,232669,296786,69228,126205,30140,31137,64164,73698,73953,96463,95002,136598,143006,166636,173612,196795,181947,233936,62009,112766,2738687,1345430,399308,193378,793204,272130,61071,377,325
2021-06-06T23:59:59+02:00,593,527,90985,89432,190898,188043,228965,239180,322171,346153,425020,438436,321196,359365,232561,296627,69204,126158,29537,30580,62390,72011,71872,94446,91804,133529,137308,160829,171071,194157,180835,232534,61780,112386,2723250,1333550,391912,183669,792717,261676,58320,374,319
2021-06-05T23:59:59+02:00,511,447,89039,87414,186021,183823,226496,237046,320353,344532,424024,437523,320910,359046,232412,296460,69190,126126,29077,29819,61186,70054,70470,92295,90125,131250,132537,155483,168063,190482,180350,231875,61746,112320,2699740,1309887,391781,183201,792601,256249,57930,373,318
2021-06-04T23:59:59+02:00,411,362,86682,84882,182354,180206,222489,233098,316760,340894,421664,435327,320453,358510,232217,296231,69151,126064,28609,29145,60062,68397,69182,90207,88334,128625,129159,151821,163823,185706,179358,230608,61698,112232,2670484,1291002,387955,182426,792482,246170,57499,372,316
2021-06-03T23:59:59+02:00,318,287,83392,81807,176620,175535,215221,226991,309042,334190,413903,428465,319416,357326,231846,295778,69095,125931,27716,28131,58165,66197,66782,87451,84688,124504,122380,145142,157474,178084,177783,228576,61584,111995,2621506,1261739,377703,177083,792058,233416,54540,370,308
2021-06-02T23:59:59+02:00,268,228,81307,79636,172522,171802,211571,223828,305454,330836,411854,426631,319006,356870,231692,295571,69067,125880,27245,27650,57033,65072,65174,86172,82623,122558,117396,140253,149582,169107,177060,227620,61499,111825,2592691,1229469,376316,175109,792031,229796,53619,367,299
2021-06-01T23:59:59+02:00,169,161,77041,75804,164238,165224,202202,216093,296352,322948,403643,418791,317497,355255,231151,294831,68955,125653,25692,26233,52716,62111,60330,82876,77188,118042,109954,133027,138461,155672,174949,224878,61291,111398,2533963,1179214,364668,170994,791273,218009,46715,362,289
2021-05-31T23:59:59+02:00,147,144,74295,73315,158575,160894,194887,210112,288960,316560,397902,413819,316500,354139,230763,294308,68865,125482,24779,25171,50084,59886,57151,80338,73574,114757,105449,128575,134294,150745,173577,223156,61122,111065,2493498,1156739,355271,168626,790631,207604,40858,361,287
2021-05-30T23:59:59+02:00,136,136,73243,72247,156091,158860,192260,207757,286173,314044,396013,412073,316137,353728,230602,294069,68827,125401,24173,24383,48492,58152,55409,78479,71335,112190,102793,125706,132138,148215,172782,222220,61029,110854,2477669,1146938,352747,167315,789998,196230,37968,360,282
2021-05-29T23:59:59+02:00,133,134,72635,71654,154577,157459,189957,205727,284335,312456,395177,411303,315914,353484,230521,293990,68816,125382,23849,23855,47571,56653,54064,76600,69407,109345,100471,122905,129327,144786,172128,221313,61002,110802,2463778,1133295,352586,167248,789932,185691,37943,358,281
2021-05-28T23:59:59+02:00,129,131,71547,70539,152175,155200,186291,202183,281059,309324,393316,409535,315506,352978,230374,293776,68797,125325,23317,22851,45963,54526,52235,74034,67364,105395,96139,117013,124935,139723,171149,220001,60955,110688,2439940,1110609,351533,167034,789723,171176,37566,356,275
2021-05-27T23:59:59+02:00,118,122,68231,67523,145683,150259,178099,195925,274657,304160,387011,403850,314237,351528,229913,293245,68725,125142,21992,21167,42704,51475,48350,70220,62803,99381,89780,109494,121000,135094,168341,216295,60782,110373,2395337,1082128,343907,164297,787912,151083,31833,354,269
2021-05-26T23:59:59+02:00,114,119,66076,65340,140733,146177,171994,190860,267903,298490,380267,397155,312713,349915,229418,292546,68621,124929,21248,20247,40878,49335,45993,67486,59762,95584,85190,104370,116011,129367,164530,210949,60572,109945,2358018,1050129,330699,162716,786090,139604,29106,353,265
2021-05-25T23:59:59+02:00,113,112,64048,63346,136529,142689,166944,186563,260838,292203,374837,391763,311426,348498,229004,291897,68538,124751,20672,19582,39479,47816,44156,65467,57285,92577,81103,99983,111055,123660,158969,203674,60402,109638,2320425,1018474,323190,159292,783547,130370,27472,349,259
2021-05-24T23:59:59+02:00,111,110,62805,62134,133767,140580,163666,184146,253887,286206,369893,387079,310597,347579,228717,291510,68467,124620,20330,19172,38458,46741,42813,63981,55601,90568,78870,97468,109627,122005,158359,202882,60290,109435,2296672,1009099,312067,157988,781735,123682,25925,348,254
2021-05-23T23:59:59+02:00,106,109,62307,61618,132665,139684,162469,183110,252645,285184,368303,385651,309977,346920,228544,291282,68447,124584,20096,18985,37906,46184,42057,63280,54433,89571,77376,96102,108447,120603,157379,201660,60219,109293,2285161,1000900,311479,154909,781692,122081,25795,348,251
2021-05-22T23:59:59+02:00,103,107,61611,60993,131166,138600,160093,181483,249673,282889,365821,383420,309446,346324,228367,291015,68421,124533,19776,18560,37287,45578,41419,62748,53779,88842,76605,94952,106895,118796,156605,200689,60192,109239,2267156,994191,311463,154905,781653,118646,24309,348,251
2021-05-21T23:59:59+02:00,99,103,60277,59551,128256,136004,156800,178158,244432,278121,359725,377734,308510,345229,228072,290617,68360,124425,19415,18193,36673,44809,40764,61694,52824,87449,74878,92653,103652,114842,155465,199238,60100,109063,2231057,981156,309819,154577,780077,112047,24024,344,247
2021-05-20T23:59:59+02:00,90,101,57228,56762,122512,131124,149861,171840,234118,269364,350691,369449,305971,342483,227304,289605,68228,124205,18119,17257,34498,42565,38308,58794,49997,83673,70951,88151,99522,110187,152994,196212,59918,108708,2173021,961804,303149,152624,774123,94380,21127,339,246
2021-05-19T23:59:59+02:00,89,99,55017,54572,117503,126443,142693,165222,223575,260009,340138,358542,303324,339611,226552,288551,68077,123929,17536,16470,33271,40981,36902,56732,47985,80891,67709,84573,95636,105713,149359,191467,59656,108216,2107070,938373,296894,150643,771140,84867,19303,337,231
2021-05-18T23:59:59+02:00,85,94,52918,52609,112716,122182,136310,159647,212004,249642,330255,348737,300651,336642,225671,287351,67926,123675,17018,15863,32056,39516,35544,54934,46173,78478,64820,81348,91624,101173,146160,187392,59443,107782,2047179,918094,287521,147780,767544,76212,17321,333,230
2021-05-17T23:59:59+02:00,82,90,51884,51614,110378,120121,133493,156996,205479,243624,322684,341645,298857,334668,225082,286527,67819,123462,16559,15414,31007,38472,34371,53640,44691,76678,62558,78951,86779,95303,144696,185504,59295,107468,2020358,906377,275210,140305,764117,69522,15262,331,226
2021-05-16T23:59:59+02:00,81,87,51096,50959,108933,118798,131750,155332,202505,240941,315248,334690,297836,333534,224771,286042,67766,123364,16276,15041,30256,37689,33497,52723,43627,75365,61226,77479,83363,91225,143904,184423,59207,107327,2005007,900281,264780,133533,760873,65384,13508,327,222
2021-05-15T23:59:59+02:00,80,87,50558,50326,107931,117807,130734,154216,200568,239004,311678,331478,297214,332849,224575,285771,67746,123300,16137,14878,30003,37382,33212,52291,43143,74718,60377,76492,82766,90409,143387,183755,59171,107280,1988790,895040,264759,133386,760005,64255,12799,325,221
2021-05-14T23:59:59+02:00,79,86,49296,48900,105677,115714,127143,150764,192355,231933,305365,325589,296233,331711,224289,285323,67699,123205,15638,14448,29216,36560,32444,51101,42066,72932,58809,74540,80855,87917,142775,182764,59131,107194,1951506,885373,263058,132510,755460,58829,11754,322,219
2021-05-13T23:59:59+02:00,75,85,47381,46948,101833,112482,122428,146649,182330,223347,294756,315770,293268,328289,223479,284186,67599,122998,14778,14001,28359,35861,31684,50199,41121,71838,57304,72975,77078,83564,140006,179153,59021,106977,1899901,872820,254431,125455,749233,54979,10740,318,214
2021-05-12T23:59:59+02:00,73,83,46470,46236,99916,111052,120360,144985,179778,221237,290023,310443,292107,327021,223239,283866,67561,122913,14612,13850,28038,35642,31280,49910,40674,71463,56762,72407,75730,81931,139226,178019,58935,106817,1876811,867063,252268,123659,748742,54709,9940,315,212
2021-05-11T23:59:59+02:00,69,77,44225,44761,95882,107971,114550,140254,166410,209963,278375,299678,288706,323107,222284,282468,67411,122614,14182,13283,27026,34214,30147,48102,39368,69189,55053,70142,72642,78345,137866,176182,58776,106458,1817940,854769,242552,120971,740234,46844,8459,311,211
2021-05-10T23:59:59+02:00,68,73,42972,43782,93281,105963,111293,137621,158027,202936,270498,292572,286531,320655,221713,281608,67287,122373,13837,12839,26267,33229,29352,46842,38371,67335,53823,68415,70553,75790,136721,174669,58658,106170,1782369,845897,236508,119917,733260,39643,7487,308,203
2021-05-09T23:59:59+02:00,67,73,41849,43010,90598,104206,108628,135853,153013,199515,264974,287625,285288,319267,221336,281080,67221,122227,13521,12619,25572,32561,28624,46040,37577,66374,52893,67473,69323,74389,136124,173832,58603,106039,1763025,841324,229409,118938,727261,34868,6503,303,201
2021-05-08T23:59:59+02:00,66,73,41558,42707,89751,103473,107529,134996,151561,198296,262412,285560,284787,318727,221217,280902,67205,122195,13419,12557,25442,32469,28479,45911,37388,66180,52552,67153,68359,73468,135054,172465,58556,105946,1750962,836707,228899,118191,727035,34090,6489,295,189
2021-05-07T23:59:59+02:00,64,72,40634,41990,87813,102133,104697,132778,146939,194489,256156,280047,283446,317127,220871,280448,67152,122073,12674,12076,24615,31734,27715,44851,36524,64917,51366,65640,66109,70779,132824,169640,58466,105769,1725157,827016,225688,115920,722912,27302,5539,289,185
2021-05-06T23:59:59+02:00,60,71,37993,40267,83063,98673,98701,128023,136754,185976,239721,265640,278328,311332,219583,278760,66978,121759,11988,11558,23675,30630,26718,43500,35168,62918,49631,63661,63620,67649,130712,166874,58352,105551,1659615,815910,215784,112810,712008,18935,4628,275,183
2021-05-05T23:59:59+02:00,58,68,36105,39068,79405,96086,94098,124377,128931,179442,224970,251597,272146,304197,218010,276768,66732,121236,11755,11282,23129,29905,26115,42578,34244,61517,48477,62246,61004,64535,127766,163170,58254,105299,1593411,803596,210702,109239,705968,14962,3559,274,179
2021-05-04T23:59:59+02:00,58,66,35000,37959,76679,93762,90589,121335,123360,174709,214342,241327,266661,297750,216569,274925,66523,120769,11592,11078,22720,29363,25653,41806,33522,60426,47368,60974,58286,61352,125401,160232,58104,105063,1544350,791696,205579,106601,699889,11815,2909,270,177
2021-05-03T23:59:59+02:00,57,64,34129,36908,74387,91940,87713,118985,118924,171065,207683,235327,263382,293887,215770,273837,66401,120473,11344,10807,22326,28785,25170,41106,32835,59461,46343,59834,55492,58008,121623,155334,57847,104625,1512593,775822,202468,104885,694952,9058,1257,266,174
2021-05-02T23:59:59+02:00,57,64,33774,36592,73211,91033,86238,117892,116495,169198,204589,232812,262420,292799,215483,273429,66334,120365,11272,10734,22137,28570,24937,40821,32492,59053,45889,59360,54302,56546,118552,151651,57763,104494,1501982,770787,199671,99320,691077,8158,391,261,169
2021-05-01T23:59:59+02:00,56,64,33455,36213,72449,90239,85165,116850,115024,167832,201502,229783,261728,291974,215273,273149,66323,120326,11258,10718,22084,28540,24874,40783,32430,58996,45807,59283,54060,56254,118394,151455,57754,104477,1486878,769477,199663,99280,690810,8110,384,260,168
2021-04-30T23:59:59+02:00,53,62,32914,35612,71241,89016,83701,115119,111243,164266,194108,222671,259739,289608,214824,272540,66263,120218,10937,10522,21724,28262,24598,40358,32102,58434,45345,58651,53163,55090,117442,150269,57699,104358,1453990,765798,199336,97289,690012,5771,183,258,165
2021-04-29T23:59:59+02:00,51,61,31414,34659,68317,86986,80066,112512,106129,160151,181290,211125,251803,280506,213627,270908,66128,119875,10629,10307,21249,27814,24169,39861,31517,57694,44541,57720,51329,52894,115594,148031,57599,104163,1399073,756962,192052,94621,684640,3453,161,248,163
2021-04-28T23:59:59+02:00,50,59,30179,34049,66447,85673,77587,110690,102703,157293,171602,201943,240949,267912,212349,269223,65932,119549,10443,10146,20948,27459,23804,39391,31093,57033,43815,56893,49203,50271,113013,144789,57474,103951,1346415,747390,188688,90064,679271,2232,131,242,155
2021-04-27T23:59:59+02:00,47,58,29421,33364,64872,84207,75573,108880,99937,154896,166877,197214,232442,258103,211202,267608,65812,119326,10318,10035,20667,27169,23567,39061,30733,56532,43126,56204,47194,47727,110372,141354,57355,103751,1312360,737570,186380,86054,671281,1511,130,237,145
2021-04-26T23:59:59+02:00,46,58,28991,32980,63771,83321,74071,107715,97649,153183,158264,189215,228250,253260,210495,266612,65719,119126,10224,9945,20449,26981,23331,38847,30435,56190,42508,55632,45387,45578,108474,138873,57259,103597,1283422,729605,184937,82952,664554,1131,124,231,142
2021-04-25T23:59:59+02:00,46,57,28739,32740,62995,82794,73007,106978,95917,151954,152878,184344,223918,248379,209905,265831,65653,119003,10168,9911,20371,26903,23243,38764,30327,56064,42348,55473,44975,45081,107793,137968,57231,103526,1270645,727940,178799,81188,655881,1000,121,228,141
2021-04-24T23:59:59+02:00,46,56,28395,32313,62053,81570,71822,105530,94366,150292,147970,179193,221132,245045,209435,265157,65619,118953,10154,9892,20330,26861,23190,38697,30246,55978,42198,55337,44731,44772,107541,137671,57210,103498,1245763,726845,178769,80488,654595,957,120,227,139
2021-04-23T23:59:59+02:00,44,56,27649,31691,60487,80057,70030,103510,91776,147647,143182,174795,216578,239494,208780,264169,65556,118838,10101,9828,20220,26774,23059,38547,30013,55769,41835,55006,44116,44012,106479,136383,57054,103223,1220863,723491,177584,78010,646064,905,119,224,136
2021-04-22T23:59:59+02:00,42,55,27033,31090,58951,78621,67562,101294,87648,144156,135146,167309,207555,228502,206738,261539,65357,118442,9976,9732,19970,26477,22705,38114,29501,55257,41088,54371,42959,42698,104487,133931,56825,102825,1179347,716009,170133,74113,637729,784,119,219,132
2021-04-21T23:59:59+02:00,42,51,26537,30568,57618,77516,65680,99662,84605,141515,127963,160493,194476,213168,204589,258653,65131,118016,9844,9646,19737,26226,22417,37789,29145,54804,40534,53837,42110,41680,102292,131141,56570,102411,1127844,709445,167245,70022,631360,712,119,215,125
2021-04-20T23:59:59+02:00,41,50,26111,30097,56452,76370,64004,98077,82053,138944,122876,155424,183005,199718,202163,255516,64895,117586,9740,9556,19517,26038,22125,37518,28732,54386,39995,53305,41293,40748,100069,128152,56232,101874,1085206,701881,163758,66774,624581,632,117,213,116
2021-04-19T23:59:59+02:00,41,49,25745,29738,55478,75549,62717,96898,79923,137020,119349,152039,177244,192877,200453,253281,64711,117256,9632,9463,19286,25817,21881,37244,28417,53994,39482,52773,40496,39840,96959,124166,55827,101160,1060632,691493,161927,64356,617979,595,116,203,116
2021-04-18T23:59:59+02:00,40,44,25437,29476,54710,75004,61594,95951,78063,135592,115983,149645,172135,187319,199440,252051,64599,117063,9558,9388,19096,25641,21704,37079,28202,53718,39223,52523,40168,39457,95746,122618,55644,100859,1046635,687624,160259,62427,607416,580,116,200,115
2021-04-17T23:59:59+02:00,39,43,25328,29383,54340,74807,61078,95598,77410,134993,115134,148904,167883,182439,198906,251325,64565,117000,9513,9329,18957,25452,21517,36849,27974,53444,38959,52256,39867,39132,94980,121694,55579,100775,1035759,683603,160231,62113,603349,568,116,199,115
2021-04-16T23:59:59+02:00,39,43,24953,29133,53350,74199,59790,94720,75783,133663,110982,144762,160240,173673,197248,249124,64457,116792,9307,9154,18565,25018,20931,36275,26863,52539,36935,50655,36548,36183,91790,118167,55177,100120,1009850,668502,159439,55193,593825,539,115,197,114
2021-04-15T23:59:59+02:00,36,39,24477,28684,52098,73032,57826,92994,72505,130824,105522,139486,152381,164701,192595,243256,64160,116175,9133,8990,18195,24595,20438,35613,26185,51741,35544,49425,34439,34132,88669,114426,54669,99263,977661,655374,157385,49604,575903,489,114,195,110
2021-04-14T23:59:59+02:00,34,36,24138,28357,51165,72094,56483,91606,70118,128662,101521,135718,143185,154323,184855,233376,63818,115509,8725,8718,17718,24089,19903,34965,25274,50863,34254,48306,32392,31978,85692,110776,54177,98402,939780,640468,154717,45381,560660,394,113,189,109
2021-04-13T23:59:59+02:00,34,36,23898,28139,50467,71560,55537,90776,68482,127247,97796,132282,131362,141204,178464,225050,63480,114919,8488,8544,17372,23678,19476,34426,24608,50069,33185,47287,31008,30615,83534,108378,53818,97857,906533,631094,150202,40988,544156,272,113,186,108
2021-04-12T23:59:59+02:00,34,35,23689,27950,49912,71048,54671,90042,67011,125957,95165,129959,124248,133171,175238,221101,63209,114428,8251,8356,17007,23380,19103,33989,24136,49536,32518,46659,29480,29076,81869,106440,53491,97336,890113,622648,148657,37733,528258,258,111,182,105
2021-04-11T23:59:59+02:00,33,35,23514,27787,49384,70627,53938,89587,65868,125151,93307,128480,118761,127154,171323,216500,63039,114132,8116,8222,16710,23101,18785,33677,23778,49155,32073,46274,28845,28411,80852,105191,53282,97018,882635,617354,144256,35910,511897,244,106,176,102
2021-04-10T23:59:59+02:00,33,35,23453,27730,49217,70490,53738,89427,65537,124881,92783,128044,116678,124623,169882,214649,62997,114032,7529,7616,15818,22314,17827,32836,22659,48123,30960,45279,28183,27700,78760,102583,53015,96582,875636,602029,143400,35531,509365,240,100,175,102
2021-04-09T23:59:59+02:00,32,35,23204,27480,48715,70000,53101,88739,64540,123755,90959,126137,107846,113677,166502,210240,62798,113674,6569,6714,14287,20991,16107,31279,20515,46155,28749,43270,26406,25876,75254,98398,52470,95742,856205,574556,136345,34016,499062,228,89,170,99
2021-04-08T23:59:59+02:00,32,35,22907,27235,48138,69511,52345,88040,63231,122669,88541,123972,97534,101671,160959,203390,62469,113105,5925,6125,13097,19971,14849,29940,18875,44440,26261,40938,23385,22908,70594,92605,51316,93975,837511,542943,127450,32083,481011,200,80,167,97
2021-04-07T23:59:59+02:00,30,34,22595,27008,47330,69049,51415,87425,61843,121683,85395,121526,88343,91378,153956,194603,62175,112548,5545,5802,12438,19295,14034,29115,17836,43390,24357,39047,20852,20383,66630,87830,50319,92356,817096,519471,121851,29612,459583,173,73,160,92
2021-04-06T23:59:59+02:00,29,34,22386,26847,46799,68665,50824,86901,60811,120906,83285,119784,80586,82569,147589,186641,61830,111922,5350,5643,12085,18937,13681,28683,17301,42828,23500,38239,19725,19352,63473,83729,49398,90969,797817,506104,118640,26663,442151,162,67,153,89
2021-04-05T23:59:59+02:00,29,33,22287,26722,46487,68317,50434,86501,60264,120213,82105,118632,76107,77472,142605,180554,61629,111606,5210,5504,11824,18685,13387,28370,16978,42452,23054,37778,19264,18883,60589,80171,48697,89903,788370,496761,116886,23868,426944,158,63,148,89
2021-04-04T23:59:59+02:00,29,33,22238,26662,46365,68046,50263,86187,59983,119712,81595,118000,74664,75765,141901,179581,61592,111525,5205,5496,11805,18671,13375,28353,16959,42435,22958,37706,18858,18562,59150,78325,48490,89592,785830,491970,116779,23865,421744,151,57,145,86
2021-04-03T23:59:59+02:00,29,33,22176,26581,46242,67937,50099,86012,59668,119400,81027,117422,73318,74130,140786,178045,61509,111377,5196,5487,11792,18652,13352,28333,16926,42388,22852,37631,18722,18412,58799,77760,48401,89445,779470,490181,116737,23865,419796,149,56,144,86
2021-04-02T23:59:59+02:00,29,33,22098,26496,46080,67770,49881,85764,59198,118947,80148,116610,71761,72244,138505,175062,61314,111017,5176,5450,11744,18609,13297,28251,16837,42239,22580,37157,18366,18049,56461,74878,47588,88344,770344,481706,114960,23222,417868,149,52,142,84
2021-04-01T23:59:59+02:00,26,31,21903,26292,45664,67250,49234,85023,58323,118008,78266,114942,68499,68815,134418,169886,60996,110448,5029,5306,11470,18344,13073,28015,16516,41930,22075,36716,17541,17301,51602,68830,45901,85873,758697,463591,108867,21849,410678,137,47,139,83
2021-03-31T23:59:59+02:00,26,31,21574,26073,45263,66724,48737,84371,57592,117069,77105,113700,66452,66496,129659,163765,60592,109724,4951,5253,11371,18223,12911,27864,16277,41661,21486,36204,16414,16401,46378,62407,44517,83880,748924,445204,101695,20924,404556,134,42,137,78
2021-03-30T23:59:59+02:00,26,30,21397,25850,44862,66107,48231,83573,56881,116017,75967,112321,64608,64476,125276,158016,60125,108825,4884,5168,11266,18097,12718,27674,15949,41338,20912,35657,15582,15599,43617,58996,43404,82085,738736,433351,97472,19557,396614,108,35,130,76
2021-03-29T23:59:59+02:00,25,30,21199,25612,44400,65557,47755,82884,56147,114938,74733,110886,62114,61728,118539,149394,59356,107432,4786,5095,11161,17981,12564,27509,15704,41016,20452,35189,14933,15057,41020,56006,42297,80256,718205,422131,94052,18877,390707,91,33,129,74
2021-03-28T23:59:59+02:00,25,30,20993,25321,43902,64865,47238,82141,55469,113931,73789,109778,60856,60294,113833,143424,58912,106674,4731,5036,11015,17831,12306,27209,15512,40771,20285,34956,14693,14812,39948,54597,41947,79716,711668,417820,86742,17554,383299,70,33,126,68
2021-03-27T23:59:59+01:00,25,30,20872,25163,43608,64501,46874,81613,54966,113244,73113,109040,59701,59210,112346,141714,58845,106592,4718,5024,10988,17812,12288,27179,15150,40341,19884,34519,14402,14602,39462,53909,41474,78899,706389,413765,86038,16901,379262,66,33,125,66
2021-03-26T23:59:59+01:00,25,29,20621,24651,42801,62799,45904,79587,53630,110223,71098,105423,57688,57322,109596,138481,58517,106076,4699,4991,10965,17760,12218,27088,15072,40231,19543,33922,13931,13949,36383,50059,39416,75644,694992,399216,82719,16682,366989,54,30,125,66
2021-03-25T23:59:59+01:00,25,26,20189,23978,41926,61036,44809,77036,52118,106696,68710,101661,55090,54688,106283,134516,57948,105083,4653,4936,10874,17657,12097,26943,14891,40012,19267,33615,13460,13459,32537,45005,36416,71094,683567,380849,78524,16098,349958,49,27,122,66
2021-03-24T23:59:59+01:00,25,26,19785,23530,41141,59763,43790,75498,50736,104771,66609,99331,52309,51772,102032,129421,57308,104007,4598,4870,10781,17515,11930,26739,14661,39726,18900,33196,13005,13012,29969,41797,33305,66261,670765,365302,73649,15007,337675,42,22,119,65
2021-03-23T23:59:59+01:00,25,26,19538,23227,40580,58846,43065,74403,49697,103256,64944,97472,50016,49429,99281,126210,56751,103168,4538,4799,10682,17390,11784,26555,14417,39413,18489,32807,12508,12508,27535,38688,29607,60339,662621,347674,70306,14430,327243,40,21,117,65
2021-03-22T23:59:59+01:00,25,26,19316,22810,39937,57962,42397,73362,48752,101870,63470,95838,48189,47544,96887,123472,56280,102402,4481,4753,10594,17274,11653,26377,14258,39172,18247,32505,12194,12134,25696,36330,25618,53875,656317,331331,67503,13875,316954,35,21,114,64
2021-03-21T23:59:59+01:00,25,26,19177,22551,39444,57207,41846,72517,48099,100714,62526,94604,47145,46521,95244,121621,55910,101825,4465,4744,10558,17226,11606,26291,14198,39085,18166,32404,12074,12000,25266,35880,25264,53315,653734,329131,65476,13462,308025,34,19,112,60
2021-03-20T23:59:59+01:00,24,26,19119,22407,39231,56713,41606,71956,47788,100079,62084,94003,46490,45756,92648,118396,55622,101340,4456,4735,10549,17214,11578,26274,14156,39050,18086,32329,11920,11840,24625,35108,24500,52232,647273,325429,65028,13274,303216,34,19,112,60
2021-03-19T23:59:59+01:00,23,25,18763,21845,38099,54592,40325,69964,46053,97995,59203,91248,42055,41886,87431,112640,54921,100263,4434,4720,10516,17163,11513,26162,14064,38878,17851,32030,11570,11558,22951,33049,22814,49669,629538,316086,57816,12912,290206,29,18,108,60
2021-03-18T23:59:59+01:00,23,24,18369,21196,36921,52437,38786,67175,43898,93523,55359,85454,38025,38086,82703,107172,53833,98610,4414,4691,10450,17060,11435,26007,13919,38691,17638,31829,11336,11375,21706,31530,21098,47070,612617,308008,52080,12299,267120,27,17,107,58
2021-03-17T23:59:59+01:00,23,23,17943,20844,36194,51519,38019,66218,42815,92165,53569,83628,35350,35297,78690,102351,52891,97138,4391,4663,10388,16965,11361,25874,13806,38503,17442,31637,11098,11150,20454,30112,19507,44663,595950,300484,47676,11588,261268,24,17,104,58
2021-03-16T23:59:59+01:00,23,23,17583,20425,35445,50449,37207,65023,41717,90492,51729,81642,33147,33282,74657,97393,52010,95824,4341,4612,10315,16835,11270,25721,13706,38265,17309,31393,10923,10969,19174,28585,18024,42335,582684,292684,42989,11153,252612,24,13,103,57
2021-03-15T23:59:59+01:00,23,23,17303,20061,34734,49470,36415,63834,40811,89013,50467,80040,31422,31446,71370,93300,51315,94693,4319,4577,10248,16712,11204,25521,13589,37977,17161,31122,10758,10811,18443,27620,16763,40473,571557,286861,39661,10506,244743,24,2,99,57
2021-03-14T23:59:59+01:00,23,22,17034,19635,33879,48260,35515,62516,39752,87187,49211,78312,30257,30207,69376,90739,50872,94017,4295,4558,10203,16635,11148,25379,13529,37755,17071,30960,10686,10725,18263,27340,16501,39911,564443,285664,37782,9375,234811,15,0,95,57
2021-03-13T23:59:59+01:00,23,22,16219,18574,32379,46221,33941,60381,37715,84108,47073,75754,28907,28853,67360,88114,50604,93626,4295,4557,10201,16629,11145,25371,13520,37748,17063,30951,10651,10694,17516,26454,15456,38460,548099,281416,37498,9374,224479,15,0,95,56
2021-03-12T23:59:59+01:00,22,21,15121,17198,29937,43568,31274,57241,34850,79254,43861,71290,26067,25661,63057,82815,49620,92224,4282,4524,10182,16567,11127,25320,13476,37630,16973,30821,10376,10466,16626,25206,14385,36936,520062,275613,36186,9363,207024,12,0,93,55
2021-03-11T23:59:59+01:00,21,21,14078,15737,27680,40873,28951,54056,32257,74861,40106,66398,22662,22183,57049,75507,47695,89396,4241,4483,10102,16448,11014,25095,13359,37320,16807,30516,10074,10255,15995,24363,13716,35661,488016,271611,34593,7924,187095,9,0,90,51
2021-03-10T23:59:59+01:00,21,21,13484,15037,26272,39260,27297,52235,30693,72542,37589,63275,19911,19630,51136,68376,46145,87068,4206,4439,10003,16281,10894,24844,13211,36902,16608,30143,9832,10072,15252,23590,13056,34636,461606,266876,32549,7180,176008,7,0,88,49
2021-03-09T23:59:59+01:00,20,20,13202,14571,25146,38221,25880,51049,29629,70890,36208,61438,18728,18507,47626,63935,45025,85277,4181,4413,9918,16114,10790,24585,13058,36585,16432,29906,9707,9969,14587,22752,12556,33862,448004,263158,30016,6346,167510,7,0,88,46
2021-03-08T23:59:59+01:00,19,20,12871,13962,24066,37109,24611,49912,28694,69408,34971,59821,17655,17627,43503,58949,43799,83291,4166,4377,9856,15916,10687,24321,12925,36227,16302,29642,9623,9885,14091,22147,12241,33419,432539,259964,28017,5954,159887,2,0,86,45
2021-03-07T23:59:59+01:00,19,20,12637,13668,23473,36256,23913,49036,28092,68539,34360,59059,17391,17376,42434,57495,43433,82729,4154,4364,9834,15874,10660,24247,12895,36057,16245,29528,9601,9856,13893,21893,12106,33216,427766,258906,26202,5611,156116,0,0,82,45
2021-03-06T23:59:59+01:00,19,20,12524,13376,23071,35523,23379,48246,27042,67006,33259,57294,17003,17046,41788,56604,43133,82260,4151,4350,9823,15847,10642,24213,12885,36016,16227,29497,9583,9816,13847,21855,12003,33005,423694,258529,26138,5327,148914,0,0,80,43
2021-03-05T23:59:59+01:00,19,20,12111,12772,22387,34319,22694,47017,26286,65377,32024,54875,16355,16212,38333,52305,40986,78829,4124,4303,9753,15747,10592,24065,12817,35821,16140,29292,9488,9746,13662,21644,11631,32394,408531,256836,24685,4480,139851,0,0,80,41
2021-03-04T23:59:59+01:00,17,20,11352,11761,21200,32592,21482,44966,24929,62728,30328,52519,15625,15493,34333,47142,37912,74147,4075,4212,9639,15455,10489,23706,12684,35288,15998,28891,9310,9593,13504,21434,11546,32248,390104,253782,22609,4387,125976,0,0,80,38
2021-03-03T23:59:59+01:00,15,20,11042,11265,20513,31372,20707,43603,24021,60977,29283,50877,15146,14992,31722,43822,34827,69379,4034,4149,9558,15285,10409,23454,12578,34866,15818,28544,9125,9467,13378,21216,11401,31978,374664,251137,21813,4221,117249,0,0,76,35
2021-03-02T23:59:59+01:00,15,20,10782,10837,19868,30401,19994,42586,23235,59590,28309,49600,14519,14344,29048,40455,30935,63165,3986,4077,9496,15119,10340,23188,12473,34433,15717,28235,8999,9364,13238,21027,11325,31832,356476,248725,20303,4220,111061,0,0,75,35
2021-03-01T23:59:59+01:00,13,19,10610,10577,19355,29597,19431,41702,22645,58518,27595,48477,14101,13890,26976,37874,26668,56271,3970,4027,9441,14964,10276,22890,12392,34058,15611,27913,8915,9302,13057,20757,11209,31649,339241,246305,19188,4220,106023,0,0,74,35
2021-02-28T23:59:59+01:00,12,19,10441,10375,18887,28948,18894,40962,22163,57665,27103,47682,13893,13647,26370,37214,26263,55668,3954,4013,9415,14931,10257,22839,12375,33988,15584,27866,8888,9278,12926,20579,11146,31500,336774,245451,18328,4183,101234,0,0,74,34
2021-02-27T23:59:59+01:00,12,18,10262,9860,18559,28083,18636,40176,21880,56682,26778,46893,13621,13346,25704,36417,25343,54253,3941,4001,9393,14910,10225,22792,12336,33906,15538,27792,8867,9262,12906,20556,11124,31480,332884,245090,17606,4034,96159,0,0,74,34
2021-02-26T23:59:59+01:00,11,17,9467,9078,17661,26645,17854,37973,20951,53837,25319,44077,13156,12945,24115,34429,23815,51949,3860,3932,9315,14749,10151,22537,12256,33540,15424,27499,8788,9182,12840,20489,11085,31410,323762,243193,17351,3960,82305,0,0,74,32
2021-02-25T23:59:59+01:00,11,17,8310,8225,16345,25037,16589,35719,19717,50952,23613,41297,12680,12545,22838,32842,22319,49672,3736,3787,9149,14433,9931,21932,12001,32686,15099,26844,8592,9031,12577,20164,10945,31141,316160,239044,16578,3100,66103,0,0,71,31
2021-02-24T23:59:59+01:00,10,16,7945,7700,15691,24005,15963,34485,19003,49441,22824,40097,12287,12209,21535,31349,20640,47045,3664,3719,9008,14143,9754,21477,11797,32057,14837,26311,8451,8894,12435,19991,10880,30929,307935,236273,15611,2168,58809,0,0,71,30
2021-02-23T23:59:59+01:00,10,16,7461,7221,14876,22829,15277,33266,18283,48034,22106,39027,11976,11886,20197,29779,19026,44491,3623,3643,8888,13941,9613,21079,11609,31477,14539,25809,8283,8750,12307,19780,10808,30691,299823,233431,14811,1503,51233,0,0,70,29
2021-02-22T23:59:59+01:00,9,14,7354,7015,14494,22213,14926,32541,17817,47026,21610,38294,11775,11636,19448,28770,17709,42538,3594,3542,8751,13650,9451,20577,11354,30732,14170,25210,8035,8556,12108,19526,10702,30384,293947,230119,14204,315,47140,0,0,68,29
2021-02-21T23:59:59+01:00,9,14,7264,6889,14171,21767,14507,31958,17401,46376,21172,37801,11669,11534,19286,28556,17462,42204,3555,3502,8667,13526,9372,20361,11282,30440,14049,24942,7976,8494,12051,19417,10631,30220,292802,228276,13834,299,43504,0,0,66,29
2021-02-20T23:59:59+01:00,9,14,7147,6839,14045,21687,14391,31823,17282,46225,21012,37618,11570,11450,18504,27638,16404,40732,3552,3496,8657,13518,9362,20340,11268,30415,14035,24931,7971,8485,11987,19353,10577,30152,288539,227893,13637,298,42312,0,0,65,27
2021-02-19T23:59:59+01:00,7,13,6845,6588,13691,21249,14020,31155,16809,45429,20306,36749,10968,11048,17459,26311,15252,39128,3472,3473,8581,13490,9319,20282,11230,30322,13977,24837,7929,8425,11767,19081,10384,29823,282171,226189,13261,297,37691,0,0,62,25
2021-02-18T23:59:59+01:00,7,13,6448,6115,13064,20105,13378,29784,15993,43562,19432,35172,10738,10831,16867,25558,14677,38243,3287,3336,8247,12951,9025,19532,10879,29280,13607,24008,7725,8117,11181,18129,9887,28668,278589,217656,12681,297,28810,0,0,61,24
2021-02-17T23:59:59+01:00,7,12,6282,5772,12619,19227,12888,28595,15290,41841,18785,33847,10507,10578,16112,24744,13901,37057,3037,3176,7907,12434,8725,18741,10512,28233,13220,23156,7492,7882,10626,17277,9451,27853,273925,209518,11950,293,22278,0,0,59,24
2021-02-16T23:59:59+01:00,7,12,5956,5470,12083,18395,12387,27525,14746,40466,18191,32814,10352,10475,15445,23916,13392,36272,2855,3056,7604,11981,8420,18017,10116,27142,12762,22258,7223,7589,9913,16105,8725,26302,270400,200019,11453,137,16141,0,0,56,24
2021-02-15T23:59:59+01:00,7,12,5850,5288,11786,17750,12120,26742,14399,39473,17845,32046,10225,10364,14887,23264,13032,35735,2766,2976,7411,11659,8202,17510,9813,26296,12412,21576,6955,7304,9220,15047,8214,25022,267305,192380,10851,91,12762,0,0,53,23
2021-02-14T23:59:59+01:00,7,12,5581,5173,11537,17480,11896,26309,14167,39026,17654,31768,10179,10313,14653,22924,12867,35342,2716,2938,7297,11492,8074,17303,9637,25964,12233,21274,6858,7179,8998,14664,8027,24486,266301,189140,9916,89,10764,0,0,52,21
2021-02-13T23:59:59+01:00,7,12,5521,5135,11487,17443,11865,26277,14139,38994,17634,31749,10165,10285,14626,22891,12853,35324,2712,2935,7292,11485,8062,17281,9620,25929,12206,21230,6827,7145,8842,14452,7674,23857,266056,187631,9912,8,10533,0,0,51,19
2021-02-12T23:59:59+01:00,7,11,5004,4818,10919,17081,11548,25725,13821,38352,17303,31109,10055,10178,14445,22679,12772,35215,2661,2902,7196,11327,7962,17050,9473,25538,11993,20783,6644,6910,8479,13892,7081,22518,264369,182493,9901,6,6865,0,0,50,19
2021-02-11T23:59:59+01:00,7,11,4542,4517,10334,16400,11135,24917,13344,37091,16814,30250,9740,9916,14163,22231,12491,34529,2492,2628,6597,10134,7274,15314,8609,22918,10937,18699,5990,6198,7432,12279,6265,20204,261136,164053,8259,3,3130,0,0,48,14
2021-02-10T23:59:59+01:00,7,11,4295,4349,10000,15952,10826,24379,13033,36208,16399,29501,9522,9779,13981,22026,12400,34322,2129,2336,5659,8668,6468,13273,7623,20007,9809,16657,5446,5611,6444,10616,5491,18152,258484,144473,7759,2,839,0,0,45,2
2021-02-09T23:59:59+01:00,7,10,4231,4251,9875,15685,10717,23977,12859,35589,16187,29029,9343,9638,13785,21814,12257,34098,1733,1982,4876,7399,5694,11478,6706,17490,8727,14660,4874,4984,5395,9059,4758,16037,256030,125927,6980,1,434,0,0,44,2
2021-02-08T23:59:59+01:00,7,10,4196,4197,9781,15475,10608,23615,12739,35131,16043,28670,9249,9571,13582,21531,12150,33901,1568,1786,4316,6403,5029,9904,5889,14961,7711,12803,4322,4454,4421,7466,3995,13949,253653,109046,6465,1,428,0,0,42,2
2021-02-07T23:59:59+01:00,7,10,4031,4130,9624,15340,10506,23450,12659,34869,15931,28477,9208,9525,13438,21351,12077,33757,1353,1541,3897,5729,4615,9025,5462,13799,7226,11842,4068,4195,4190,7071,3834,13349,252562,101263,5920,1,0,0,0,38,1
2021-02-06T23:59:59+01:00,7,10,4022,4121,9613,15324,10493,23415,12637,34819,15913,28420,9189,9512,13420,21316,11971,33561,1201,1346,3664,5424,4430,8600,5245,13215,6946,11286,3934,4063,4064,6922,3556,12893,252219,96854,5636,1,0,0,0,38,0
2021-02-05T23:59:59+01:00,7,9,3949,4052,9541,15181,10427,23165,12552,34451,15799,28137,9105,9439,13348,21244,11622,32966,1060,1116,3383,4979,4171,8017,4930,12437,6564,10558,3680,3819,3906,6690,3048,12002,250340,90421,4744,0,0,0,0,38,0
2021-02-04T23:59:59+01:00,7,9,3891,3927,9420,14865,10250,22616,12364,33655,15584,27576,8985,9329,13124,20950,11508,32759,798,784,2559,3728,3237,6274,3980,9892,5243,8343,3006,3105,3291,5705,2659,10510,246390,73161,4519,0,0,0,0,37,0
2021-02-03T23:59:59+01:00,7,9,3822,3855,9317,14643,10146,22278,12231,33144,15435,27159,8876,9214,12984,20775,11431,32590,663,616,1930,2813,2502,4845,3009,7598,4016,6291,2192,2233,2398,4218,1929,7863,243660,55152,4347,0,0,0,0,36,0
2021-02-02T23:59:59+01:00,7,9,3755,3759,9218,14449,10047,21900,12090,32580,15233,26708,8750,9098,12861,20566,11349,32324,526,486,1462,2081,1911,3643,2265,5781,2998,4706,1552,1535,1636,2778,1343,5223,240449,39951,4345,0,0,0,0,34,0
2021-02-01T23:59:59+01:00,6,9,3715,3668,9140,14218,9940,21515,11953,31944,15050,26205,8630,8952,12752,20422,11300,32146,391,352,1019,1435,1260,2428,1476,3790,1867,2980,984,979,969,1693,770,3023,237311,25429,4345,0,0,0,0,32,0
2021-01-31T23:59:59+01:00,6,9,3696,3632,9086,14109,9870,21310,11885,31647,14947,26009,8574,8893,12700,20310,11255,32017,361,331,897,1245,1070,2056,1274,3236,1634,2610,886,888,868,1509,699,2716,235816,22291,4229,0,0,0,0,31,0
2021-01-30T23:59:59+01:00,6,9,3695,3629,9076,14096,9857,21287,11872,31627,14935,25995,8570,8888,12631,20241,11189,31939,345,307,836,1161,1013,1932,1210,3046,1559,2472,858,862,849,1469,684,2663,235496,21276,4136,0,0,0,0,31,0
2021-01-29T23:59:59+01:00,6,9,3635,3614,9016,14067,9828,21235,11839,31551,14887,25928,8546,8865,12445,20017,11008,31696,278,224,715,987,869,1572,1056,2657,1348,2148,768,771,801,1415,666,2610,234275,18893,4007,0,0,0,0,30,0
2021-01-28T23:59:59+01:00,6,8,3517,3527,8812,13680,9609,20722,11607,30969,14561,25432,8410,8763,12013,19399,10651,31118,131,57,297,363,377,613,464,1154,615,962,404,424,468,814,381,1579,229491,9107,3405,0,0,0,0,28,0
2021-01-27T23:59:59+01:00,6,8,3285,3392,8520,13262,9309,20098,11223,30135,14174,24694,8193,8551,11462,18595,10228,30355,80,33,204,225,244,416,308,805,436,660,307,308,347,606,286,1157,222782,6425,2794,0,0,0,0,28,0
2021-01-26T23:59:59+01:00,5,8,3121,3294,8238,12923,9046,19529,10919,29379,13778,24059,7955,8329,10886,17680,9581,29205,75,29,189,215,228,382,292,752,405,600,292,282,320,543,259,1027,216068,5893,1952,0,0,0,0,28,0
2021-01-25T23:59:59+01:00,5,8,3032,3200,7955,12442,8756,18825,10533,28377,13300,23294,7674,8128,10270,16862,9124,28304,67,21,168,193,194,323,253,631,354,496,255,237,266,465,210,840,209766,4976,409,0,0,0,0,25,0
2021-01-24T23:59:59+01:00,5,8,2988,3179,7870,12362,8682,18699,10424,28217,13170,23111,7631,8091,10204,16749,9076,28208,66,20,164,189,192,310,250,609,345,482,246,233,264,458,206,825,208455,4862,305,0,0,0,0,24,0
2021-01-23T23:59:59+01:00,5,8,2987,3178,7869,12359,8678,18689,10422,28203,13164,23106,7624,8088,10080,16583,8749,27623,65,20,164,188,192,309,248,608,343,482,246,233,264,458,206,823,207200,4852,303,0,0,0,0,22,0
2021-01-22T23:59:59+01:00,5,8,2924,3132,7745,12245,8595,18547,10312,28030,13083,22992,7594,8053,9881,16281,8231,26600,65,20,163,188,192,309,248,608,342,482,246,233,264,458,206,823,204048,4850,302,0,0,0,0,18,0
2021-01-21T23:59:59+01:00,5,8,2842,2962,7246,11332,8112,17401,9775,26405,12479,21778,7311,7728,9248,15341,7717,25552,59,18,147,174,175,277,222,533,305,442,221,207,233,380,176,693,193028,4265,302,0,0,0,0,16,0
2021-01-20T23:59:59+01:00,5,8,2481,2616,6363,9921,7365,15448,8824,23576,11371,19707,6710,7080,8153,13574,6905,23329,57,18,146,169,172,275,213,519,292,420,209,200,227,355,162,655,173215,4092,298,0,0,0,0,15,0
2021-01-19T23:59:59+01:00,5,8,2042,2261,5462,8532,6502,13558,7804,20795,10104,17472,5959,6199,6776,11398,5885,20295,41,12,97,124,118,169,150,356,192,292,133,114,141,238,114,489,150905,2781,217,0,0,0,0,15,0
2021-01-18T23:59:59+01:00,4,8,1770,1971,4704,7148,5549,11327,6607,17199,8681,14754,5080,5320,5397,9149,4817,16827,22,7,39,46,53,78,66,163,76,146,59,53,66,131,62,221,126279,1289,93,0,0,0,0,15,0
2021-01-17T23:59:59+01:00,3,8,1496,1682,4191,6354,5041,10196,6069,15632,8042,13492,4743,4974,5022,8475,4488,15822,8,2,9,15,16,28,20,50,29,57,24,23,20,31,13,47,115695,392,88,0,0,0,0,14,0
2021-01-16T23:59:59+01:00,3,7,1330,1479,3975,6033,4861,9759,5810,14968,7715,12798,4553,4746,4808,8199,4137,15218,0,0,0,1,1,2,1,1,1,2,0,1,1,0,0,1,110442,12,8,0,0,0,0,13,0
2021-01-15T23:59:59+01:00,3,7,1180,1254,3720,5612,4606,9192,5520,14130,7309,11998,4262,4451,4620,7891,3600,14173,0,0,0,0,0,0,0,0,0,0,0,0,0,0,0,0,103571,0,4,0,0,0,0,13,0
2021-01-14T23:59:59+01:00,3,4,907,944,2975,4426,3741,7375,4576,11385,5915,9653,3464,3581,3880,6661,3119,12377,0,0,0,0,0,0,0,0,0,0,0,0,0,0,0,0,85021,0,0,0,0,0,0,13,0
2021-01-13T23:59:59+01:00,3,3,772,791,2501,3694,3157,6150,3804,9441,4822,7774,2595,2666,2922,5075,2389,9460,0,0,0,0,0,0,0,0,0,0,0,0,0,0,0,0,68048,0,0,0,0,0,0,12,0
2021-01-12T23:59:59+01:00,2,3,639,659,2093,3030,2601,5000,3047,7601,3801,6107,1863,1845,1998,3438,1692,6459,0,0,0,0,0,0,0,0,0,0,0,0,0,0,0,0,51913,0,0,0,0,0,0,0,0
2021-01-11T23:59:59+01:00,1,1,495,524,1744,2452,2086,3998,2362,5778,2828,4433,1200,1141,1200,2028,935,3684,0,0,0,0,0,0,0,0,0,0,0,0,0,0,0,0,36915,0,0,0,0,0,0,0,0
2021-01-10T23:59:59+01:00,1,1,438,455,1483,2026,1747,3274,1952,4793,2351,3714,1059,1015,1057,1780,834,3231,0,0,0,0,0,0,0,0,0,0,0,0,0,0,0,0,31227,0,0,0,0,0,0,0,0
2021-01-09T23:59:59+01:00,1,1,407,410,1358,1849,1601,2984,1799,4345,2166,3383,987,946,1002,1727,816,3188,0,0,0,0,0,0,0,0,0,0,0,0,0,0,0,0,28984,0,0,0,0,0,0,0,0
2021-01-08T23:59:59+01:00,1,1,310,281,1108,1503,1322,2312,1478,3564,1795,2766,852,838,914,1603,768,3032,0,0,0,0,0,0,0,0,0,0,0,0,0,0,0,0,24459,0,0,0,0,0,0,0,0
2021-01-07T23:59:59+01:00,1,0,145,76,400,507,485,795,596,1376,785,1203,467,483,562,965,465,1912,0,0,0,0,0,0,0,0,0,0,0,0,0,0,0,0,11226,0,0,0,0,0,0,0,0
2021-01-06T23:59:59+01:00,1,0,111,44,271,287,311,518,400,932,535,825,360,361,425,748,358,1445,0,0,0,0,0,0,0,0,0,0,0,0,0,0,0,0,7935,0,0,0,0,0,0,0,0
2021-01-05T23:59:59+01:00,1,0,87,31,192,232,245,430,321,822,451,703,344,347,408,716,351,1391,0,0,0,0,0,0,0,0,0,0,0,0,0,0,0,0,7075,0,0,0,0,0,0,0,0
2021-01-04T23:59:59+01:00,1,0,69,25,175,194,203,336,258,639,357,512,269,254,289,518,234,934,0,0,0,0,0,0,0,0,0,0,0,0,0,0,0,0,5269,0,0,0,0,0,0,0,0
2021-01-03T23:59:59+01:00,1,0,67,21,168,189,198,321,256,622,348,495,261,252,285,505,232,917,0,0,0,0,0,0,0,0,0,0,0,0,0,0,0,0,5140,0,0,0,0,0,0,0,0
2021-01-02T23:59:59+01:00,1,0,67,21,168,189,198,321,253,622,345,495,261,252,285,505,232,916,0,0,0,0,0,0,0,0,0,0,0,0,0,0,0,0,5133,0,0,0,0,0,0,0,0
2021-01-01T23:59:59+01:00,1,0,66,21,167,189,198,319,252,622,342,493,261,252,285,504,232,916,0,0,0,0,0,0,0,0,0,0,0,0,0,0,0,0,5122,0,0,0,0,0,0,0,0
2020-12-31T23:59:59+01:00,1,0,66,21,166,187,198,318,251,621,341,492,261,252,285,504,232,916,0,0,0,0,0,0,0,0,0,0,0,0,0,0,0,0,5114,0,0,0,0,0,0,0,0
2020-12-30T23:59:59+01:00,1,0,65,21,166,186,196,315,250,619,340,490,261,252,285,504,231,916,0,0,0,0,0,0,0,0,0,0,0,0,0,0,0,0,5100,0,0,0,0,0,0,0,0
2020-12-29T23:59:59+01:00,1,0,46,13,118,140,147,212,182,445,239,376,179,164,197,375,170,714,0,0,0,0,0,0,0,0,0,0,0,0,0,0,0,0,3719,0,0,0,0,0,0,0,0
2020-12-28T23:59:59+01:00,1,0,25,9,65,77,82,122,101,253,118,233,98,93,104,200,102,388,0,0,0,0,0,0,0,0,0,0,0,0,0,0,0,0,2072,0,0,0,0,0,0,0,0
2020-12-27T23:59:59+01:00,0,0,12,3,18,26,37,47,36,89,37,95,33,29,41,73,31,145,0,0,0,0,0,0,0,0,0,0,0,0,0,0,0,0,752,0,0,0,0,0,0,0,0
