Datum,<15_m,<15_w,15-24_1_m,15-24_1_w,25-34_1_m,25-34_1_w,35-44_1_m,35-44_1_w,45-54_1_m,45-54_1_w,55-64_1_m,55-64_1_w,65-74_1_m,65-74_1_w,75-84_1_m,75-84_1_w,>84_1_m,>84_1_w,<24_2_m,<24_2_w,25-34_2_m,25-34_2_w,35-44_2_m,35-44_2_w,45-54_2_m,45-54_2_w,55-64_2_m,55-64_2_w,65-74_2_m,65-74_2_w,75-84_2_m,75-84_2_w,>84_2_m,>84_2_w,bp_1,bp_2,mo_1,mo_2,az_1,az_2,ja,unb_1,unb_2
2021-09-02T23:59:59+02:00,33543,31293,266510,256375,373918,344174,390898,383579,455585,464908,509308,510985,348592,389215,244566,313213,71971,131765,239929,231292,350321,318892,369991,359499,434412,440536,489069,490368,337780,376791,237145,302967,69114,125782,3936110,3710892,518069,493601,807740,760012,258981,567,404
2021-09-01T23:59:59+02:00,33224,30931,265690,255571,373194,343524,390401,383055,455131,464449,508931,510652,348419,389028,244487,313100,71947,131714,238878,230272,349506,318097,369346,358828,433831,439962,488577,489910,337563,376547,237027,302823,69093,125736,3930935,3704432,517895,493101,807712,759819,257488,487,388
2021-08-31T23:59:59+02:00,32857,30622,264922,254779,372557,342897,389901,382539,454686,464012,508537,510321,348244,388852,244400,312959,71918,131680,238047,229493,348821,317475,368772,358288,433353,439525,488136,489554,337378,376370,236949,302694,69064,125684,3925961,3699854,517715,492759,807689,759426,255899,487,388
2021-08-30T23:59:59+02:00,32316,30144,263640,253623,371577,341996,389091,381736,453941,463312,507978,509832,348020,388640,244307,312809,71882,131613,236905,228534,347846,316602,367997,357564,432664,438957,487588,489055,337135,376137,236828,302520,69027,125610,3918613,3694009,517600,492322,807646,759176,253178,487,388
2021-08-29T23:59:59+02:00,32129,29956,263079,253129,371108,341587,388714,381409,453649,463027,507750,509610,347925,388532,244258,312745,71872,131589,236199,227910,347247,316066,367506,357105,432244,438591,487284,488798,336998,375985,236768,302449,69010,125586,3915574,3690209,517485,491928,807619,758925,251969,487,388
2021-08-28T23:59:59+02:00,32040,29864,262856,252952,370934,341435,388560,381289,453526,462912,507677,509560,347902,388511,244247,312733,71871,131586,235883,227654,347004,315876,367290,356943,432063,438431,487162,488706,336958,375946,236748,302424,69009,125582,3914551,3688657,517445,491815,807613,758900,251425,487,388
2021-08-27T23:59:59+02:00,31813,29616,262207,252388,370428,340927,388093,380847,453080,462521,507315,509283,347775,388379,244190,312649,71853,131566,235285,227165,346404,315384,366826,356526,431623,438085,486866,488464,336829,375832,236697,302363,69000,125575,3910806,3685523,517377,491604,807548,758843,249777,487,388
2021-08-26T23:59:59+02:00,31438,29232,261217,251419,369595,340124,387355,380117,452410,461856,506781,508807,347545,388126,244067,312535,71824,131505,233845,225835,345205,314229,365754,355554,430770,437308,486224,487901,336555,375526,236539,302199,68973,125531,3904726,3677440,517137,490971,807501,758491,247166,487,388
2021-08-25T23:59:59+02:00,31082,28904,260317,250577,368861,339367,386714,379430,451786,461273,506239,508365,347316,387877,243947,312379,71789,131439,231858,224013,343758,312857,364601,354383,429791,436363,485446,487198,336187,375145,236395,301969,68930,125447,3899147,3665802,517012,490564,807473,758343,244608,486,386
2021-08-24T23:59:59+02:00,30789,28651,259618,249832,368277,338760,386199,378878,451322,460791,505853,508017,347115,387665,243840,312223,71762,131369,230671,222969,342815,311952,363831,353652,429134,435731,484896,486664,335918,374843,236266,301812,68907,125384,3894508,3658781,516727,490126,807455,758043,242849,486,381
2021-08-23T23:59:59+02:00,30275,28132,258239,248534,367256,337853,385375,378102,450553,460119,505213,507457,346840,387386,243702,312035,71735,131311,229203,221666,341516,310903,362888,352808,428284,434993,484206,486100,335620,374514,236134,301627,68881,125325,3887181,3651493,516585,489662,807421,757765,239507,486,381
2021-08-22T23:59:59+02:00,30136,28020,257837,248172,366912,337533,385106,377840,450321,459878,505031,507313,346748,387293,243663,311977,71719,131285,228491,221001,340839,310254,362359,352314,427856,434591,483888,485840,335462,374339,236072,301525,68862,125289,3885013,3647180,516446,489208,807382,757470,238520,486,381
2021-08-21T23:59:59+02:00,29889,27817,257346,247714,366601,337216,384855,377584,450118,459705,504884,507176,346695,387237,243641,311939,71716,131276,227753,220351,340362,309860,361964,351913,427493,434286,483661,485651,335379,374273,236046,301482,68856,125277,3882496,3644245,516306,488013,807375,757414,237809,486,381
2021-08-20T23:59:59+02:00,29701,27620,256691,247059,365869,336600,384190,377064,449529,459215,504417,506859,346554,387082,243586,311844,71700,131243,225960,218749,338972,308687,360860,350965,426549,433496,482949,485106,335141,374026,235946,301364,68832,125248,3879075,3636102,515990,486866,807363,757049,234971,486,381
2021-08-19T23:59:59+02:00,29376,27311,255733,246223,364897,335831,383426,376384,448823,458598,503865,506381,346320,386825,243479,311699,71668,131172,223218,216329,336685,306878,359172,349501,425164,432243,481805,484155,334729,373606,235755,301126,68798,125178,3873701,3621881,515638,485115,807332,756583,231916,485,381
2021-08-18T23:59:59+02:00,29096,27053,254942,245525,364210,335230,382859,375816,448234,458112,503396,505980,346053,386589,243362,311553,71637,131107,220767,213826,334653,305130,357548,347862,423659,430930,480674,483131,334218,373063,235527,300837,68751,125086,3868675,3608753,515467,481231,807308,756208,229879,485,381
2021-08-17T23:59:59+02:00,28785,26778,254162,244822,363605,334567,382308,375278,447762,457644,502973,505568,345858,386385,243248,311425,71611,131056,218022,211088,332593,303307,355873,346406,422237,429673,479558,482155,333742,372528,235301,300556,68701,125012,3863773,3593834,515169,478463,807281,755779,228185,485,380
2021-08-16T23:59:59+02:00,28504,26521,253478,244184,363041,334019,381851,374824,447334,457209,502563,505205,345677,386181,243153,311265,71580,131017,214874,208037,330318,301211,354368,344970,421043,428550,478620,481321,333361,372096,235119,300287,68663,124926,3859447,3576595,515018,477767,807258,755432,226455,485,380
2021-08-15T23:59:59+02:00,28311,26361,252997,243747,362625,333640,381499,374493,447041,456961,502328,505017,345567,386068,243106,311185,71569,130996,210880,203995,328439,299607,353118,343766,420030,427622,477841,480668,333031,371765,235001,300112,68639,124876,3856673,3559097,514884,476859,807225,755111,225301,485,379
2021-08-14T23:59:59+02:00,28246,26306,252757,243549,362396,333466,381325,374345,446886,456833,502213,504911,345518,386036,243088,311162,71566,130992,209814,202901,327634,298847,352407,343097,419541,427165,477458,480349,332892,371638,234963,300055,68630,124859,3855518,3552459,514814,476496,807221,755036,224614,485,379
2021-08-13T23:59:59+02:00,27996,26066,252062,242967,361903,333043,380895,373920,446454,456474,501878,504656,345390,385887,243024,311088,71554,130964,207942,201124,326218,297544,351151,341916,418499,426230,476710,479714,332651,371350,234851,299913,68612,124807,3851750,3540590,514744,475901,807211,754846,223094,479,379
2021-08-12T23:59:59+02:00,27801,25845,251343,242338,361293,332467,380373,373446,445930,456039,501465,504311,345211,385689,242924,310986,71542,130916,205361,198866,323343,295028,349154,340134,417004,424998,475499,478660,332212,370824,234607,299637,68572,124725,3847872,3523295,514560,474739,807177,753825,220888,479,379
2021-08-11T23:59:59+02:00,27569,25596,250622,241660,360682,331900,379857,372974,445478,455624,501061,503889,344987,385452,242811,310854,71515,130865,202328,195891,320171,292104,346990,338075,415515,423599,474224,477378,331677,370190,234361,299238,68524,124604,3843114,3501550,514348,473678,807140,752890,219372,479,378
2021-08-10T23:59:59+02:00,27328,25340,249795,240938,359989,331364,379330,372436,444988,455155,500617,503499,344799,385259,242727,310718,71492,130821,198143,191784,315525,287921,344026,335315,413406,421661,472644,475934,331005,369524,234073,298836,68469,124488,3838111,3471564,514073,472605,807106,751743,217884,478,378
2021-08-09T23:59:59+02:00,27136,25142,249179,240372,359425,330899,378900,372062,444588,454819,500279,503221,344644,385113,242661,310609,71472,130786,193616,187211,309833,283183,341279,332835,411506,419898,471032,474478,330376,368840,233809,298469,68413,124356,3834506,3441308,513896,469864,807077,750659,216407,478,377
2021-08-08T23:59:59+02:00,26967,24989,248703,239975,359042,330556,378565,371782,444297,454570,500041,503031,344539,385010,242601,310531,71455,130753,192279,185854,308222,281859,339980,331691,410647,419148,470473,473969,330121,368575,233687,298304,68388,124306,3832022,3432306,513746,468511,807027,750185,215191,478,377
2021-08-07T23:59:59+02:00,26818,24816,248182,239525,358649,330226,378231,371503,444004,454335,499816,502858,344468,384917,242566,310482,71447,130742,188620,182269,306182,280014,338267,330176,409320,417892,469550,473182,329771,368205,233557,298116,68354,124270,3829189,3412763,513639,467182,807017,749971,214319,478,374
2021-08-06T23:59:59+02:00,26597,24582,247316,238866,357877,329624,377570,370929,443352,453815,499287,502473,344233,384713,242468,310367,71436,130720,184892,178731,302734,277227,336150,328351,407724,416563,468258,472221,329393,367821,233397,297962,68330,124224,3826650,3393546,512296,465461,807007,748880,210851,478,373
2021-08-05T23:59:59+02:00,26277,24260,246148,237940,356994,328768,376765,370214,442624,453146,498627,501941,343953,384415,242354,310193,71395,130658,180436,174795,297375,272851,332052,324817,404933,414086,466015,470441,328728,367122,233136,297594,68271,124114,3820395,3365771,512040,460773,806947,745187,207868,478,373
2021-08-04T23:59:59+02:00,25906,23917,245008,236955,356007,327864,375994,369505,442005,452551,498060,501422,343681,384148,242235,310023,71369,130588,176977,171503,293624,269730,327651,320924,402688,411999,464318,468896,328039,366427,232865,297247,68213,124013,3813961,3338711,511697,459019,806913,743441,205250,470,372
2021-08-03T23:59:59+02:00,25441,23497,243646,235775,355114,327041,375294,368824,441360,451895,497470,500892,343392,383850,242109,309848,71326,130521,173501,168066,289533,266099,322553,316329,399954,409450,461999,466808,327215,365569,232518,296783,68147,123876,3806073,3306733,511538,457152,806876,741372,203390,470,372
2021-08-02T23:59:59+02:00,25124,23190,242598,234820,354272,326290,374602,368233,440797,451357,496953,500444,343132,383576,241994,309698,71300,130462,169869,164478,284849,262148,316698,311388,397211,406904,459773,464823,326444,364737,232224,296386,68085,123759,3799773,3273354,511292,455190,806820,738847,201538,470,371
2021-08-01T23:59:59+02:00,24972,23003,241971,234220,353681,325788,374168,367851,440364,451038,496608,500167,342995,383413,241919,309581,71287,130435,168324,163034,282372,260161,312075,307676,395357,405334,458301,463579,326019,364257,232058,296170,68058,123700,3796140,3255509,510984,453061,806733,736404,200183,470,371
2021-07-31T23:59:59+02:00,24863,22898,241629,233903,353403,325567,373932,367685,440177,450887,496502,500068,342962,383376,241899,309568,71286,130430,164561,159198,279553,257625,309994,305686,393962,404052,457154,462593,325701,363881,231924,295998,68032,123654,3794546,3232640,510797,452124,806729,735616,199542,470,371
2021-07-30T23:59:59+02:00,24576,22641,240839,233192,352831,325040,373450,367224,439721,450488,496144,499778,342824,383237,241855,309489,71273,130414,160822,155437,276157,254524,306976,302876,391738,401945,455315,461014,325193,363354,231715,295706,67999,123598,3790494,3207619,510441,450925,806712,732426,197948,470,371
2021-07-29T23:59:59+02:00,24229,22303,239302,231926,351676,323971,372489,366318,438874,449699,495337,499154,342495,382927,241720,309309,71236,130350,155979,150969,270787,250351,301081,298108,387397,398471,452269,458616,324360,362514,231405,295299,67938,123500,3782959,3173797,509773,446085,806630,727330,194531,470,371
2021-07-28T23:59:59+02:00,23928,22019,238155,230895,350797,323136,371748,365637,438247,449040,494772,498667,342243,382631,241590,309126,71202,130279,152226,147329,266306,246707,296652,294165,384137,395627,450187,456776,323704,361759,231144,294915,67873,123377,3776276,3143158,509243,444168,806551,724701,192621,469,370
2021-07-27T23:59:59+02:00,23659,21795,237149,229929,349956,322400,371055,365051,437665,448429,494246,498211,342002,382330,241457,308933,71167,130181,147207,142212,260395,241573,291358,289413,380131,391937,447015,453977,322723,360662,230781,294412,67783,123221,3770025,3101646,508698,441875,806495,720967,190977,468,369
2021-07-26T23:59:59+02:00,23427,21558,236180,228962,349177,321700,370461,364507,437111,447945,493796,497848,341774,382092,241330,308777,71144,130124,142862,137827,254856,236792,286192,284943,375674,387988,443503,450954,321772,359699,230454,293934,67709,123084,3764399,3062280,508073,439624,806416,716621,189601,468,369
2021-07-25T23:59:59+02:00,23069,21257,234841,227812,348240,320939,369787,363851,436540,447407,493342,497446,341578,381879,241243,308647,71123,130060,141016,136079,252182,234580,283699,282855,373542,386219,441433,449178,321265,359188,230256,293706,67684,123008,3757367,3047345,507697,437451,806354,712274,188218,468,369
2021-07-24T23:59:59+02:00,22820,21062,233914,226954,347521,320289,369215,363329,436014,446970,492981,497169,341461,381782,241201,308585,71120,130049,138122,133280,249452,232260,281138,280650,371287,384364,440197,448195,320918,358852,230112,293528,67665,122974,3753369,3029024,506929,434445,806337,711938,186375,468,369
2021-07-23T23:59:59+02:00,22404,20676,232413,225619,346203,319358,368173,362470,435138,446185,492284,496638,341226,381512,241112,308472,71099,130013,132648,128439,244088,227969,276668,276872,367600,381175,437553,445999,320220,358131,229858,293218,67611,122893,3745939,2993551,506458,432676,806282,709801,182888,468,368
2021-07-22T23:59:59+02:00,21902,20200,230314,223651,344460,317823,366673,361186,433828,445046,491307,495745,340806,381064,240943,308228,71054,129933,128308,124392,238098,223466,270291,271817,360719,375688,432100,441503,319051,356880,229431,292701,67517,122742,3733546,2951562,504871,426700,806157,703493,180156,468,368
2021-07-21T23:59:59+02:00,21395,19681,228435,221840,342769,316299,365056,359619,432255,443662,490087,494581,340257,380543,240696,307944,71001,129838,124555,120832,232649,219233,264776,267296,352597,368770,427503,437767,317935,355731,228971,292137,67436,122563,3722592,2916131,501120,415838,805934,698716,176875,468,365
2021-07-20T23:59:59+02:00,21092,19402,226968,220372,341539,315138,364096,358749,431401,442874,489372,493942,339918,380175,240551,307723,70974,129749,120223,116603,226306,214066,258954,262130,345489,362671,422815,433463,316843,354477,228558,291555,67341,122382,3713333,2872421,500714,408628,805804,694331,174746,468,364
2021-07-19T23:59:59+02:00,20776,19107,225242,218686,340233,313892,363066,357778,430595,442104,488702,493330,339622,379814,240402,307492,70930,129651,117475,114009,221935,210479,254348,258179,341781,359502,420202,431288,316123,353750,228267,291165,67268,122258,3702805,2847444,500297,403251,805715,690017,173166,468,364
2021-07-18T23:59:59+02:00,20623,18976,223955,217420,338633,312473,362007,356864,429789,441385,488167,492788,339391,379529,240273,307315,70908,129589,115985,112628,219296,208309,251998,256090,339539,357657,418176,429601,315644,353267,228107,290947,67247,122191,3693406,2835197,499758,398985,805641,686326,171839,468,362
2021-07-17T23:59:59+02:00,20230,18555,222803,216367,338057,311937,361422,356353,429273,440936,487755,492501,339287,379412,240231,307260,70905,129579,113917,110529,216841,206008,249541,253902,337117,355525,416731,428341,315310,352878,227972,290780,67223,122151,3687863,2817725,499555,396265,805628,685541,170378,465,362
2021-07-16T23:59:59+02:00,19687,18042,220255,214225,336319,310645,359920,355065,427807,439732,486657,491640,338883,379043,240058,307102,70880,129542,110804,107727,212079,202080,245010,250265,332824,351829,413386,425622,314391,351952,227622,290364,67169,122069,3677674,2790057,498798,393915,805467,681728,164120,465,361
2021-07-15T23:59:59+02:00,19045,17416,217474,211801,334413,308945,358337,353629,426476,438552,485718,490791,338486,378617,239856,306847,70838,129438,106902,104520,203728,195845,237528,244669,326234,346602,406326,419192,312663,350147,227079,289699,67098,121871,3662657,2743584,498199,385494,805348,674310,161027,465,361
2021-07-14T23:59:59+02:00,18200,16690,215040,209481,332723,307417,356939,352293,425261,437353,484692,489837,338034,378155,239618,306535,70784,129352,103302,101193,197261,190694,231823,240008,321947,343130,402158,415568,311355,348837,226676,289141,67017,121717,3647761,2710055,497636,379933,805220,667517,158336,464,358
2021-07-13T23:59:59+02:00,17550,16031,212851,207456,331122,306045,355606,351074,424092,436269,483731,488978,337600,377683,239415,306290,70749,129260,99549,97661,190786,185303,224697,233953,315278,337072,393774,407720,309568,346915,226075,288354,66908,121519,3633953,2667341,497079,367271,805063,658058,156256,462,352
2021-07-12T23:59:59+02:00,16533,15099,209574,204277,329061,304319,354030,349607,422851,435069,482755,488078,337185,377215,239236,306061,70709,129183,96457,94947,185510,181014,217720,228282,308451,331042,388680,403449,307846,345053,225486,287622,66809,121350,3615511,2629095,496523,360141,804885,649653,154471,461,350
2021-07-11T23:59:59+02:00,16025,14625,208219,203008,328326,303608,353370,348987,422289,434569,482311,487737,336998,377012,239176,305956,70688,129143,95039,93662,182746,178708,214729,226000,305765,328891,385855,401064,305381,342431,225108,287153,66756,121252,3609302,2614143,495885,358154,804758,639173,152651,458,349
2021-07-10T23:59:59+02:00,15551,14166,206374,201228,326867,302349,352237,348015,421565,433976,481837,487339,336830,376847,239110,305870,70678,129123,93741,92391,180219,176601,211696,223516,303250,326732,384693,400029,304734,341761,224928,286965,66740,121225,3600726,2597356,495255,357925,804521,637423,150005,457,349
2021-07-09T23:59:59+02:00,15228,13887,204470,199389,325262,300903,351170,347057,420663,433264,481268,486863,336625,376626,239013,305750,70662,129089,90957,89668,176693,173378,207355,219369,298231,322130,381256,397054,303640,340536,224625,286597,66703,121161,3591596,2568394,494392,355868,804330,629833,147411,457,348
2021-07-08T23:59:59+02:00,14764,13459,200980,196406,321947,298236,348800,345074,418954,431816,479834,485797,336189,376183,238836,305504,70617,129014,86656,85907,169451,167732,199233,212979,290866,316029,374323,390853,300930,337626,223854,285664,66586,120903,3576271,2522259,490341,347228,803811,619489,142524,457,348
2021-07-07T23:59:59+02:00,14263,13005,197247,192547,318787,295380,346496,343033,417397,430348,478639,484698,335713,375622,238647,305233,70580,128909,82976,82466,162163,162031,190204,205812,282895,309474,367303,384047,297627,334027,222953,284564,66448,120657,3555019,2474348,488980,333811,803429,609512,139649,456,346
2021-07-06T23:59:59+02:00,13805,12633,193815,189167,315531,292649,344020,340744,415679,428788,477375,483565,335212,375066,238450,304943,70527,128823,79408,78889,155495,156522,182797,199612,273961,301526,360818,377965,294434,330788,222070,283474,66339,120426,3535179,2421889,485917,326836,803011,600010,137215,455,346
2021-07-05T23:59:59+02:00,13408,12297,189432,184928,311491,289323,341512,338419,414016,427248,476235,482493,334739,374549,238276,304699,70494,128738,76351,76072,150384,152446,178034,195486,267055,295266,354710,372433,291163,327345,221187,282358,66230,120257,3512393,2382875,484761,322349,802521,589657,133149,452,344
2021-07-04T23:59:59+02:00,13230,12140,185593,181063,308863,287302,340202,337351,413138,426469,475654,482007,334518,374296,238186,304575,70468,128685,74168,74205,147298,149897,175709,193448,264617,293208,351605,370231,287863,323957,220608,281693,66175,120138,3500176,2369139,483473,320058,801954,578152,128663,451,342
2021-07-03T23:59:59+02:00,12037,11085,179170,175071,304608,283850,337876,335186,411325,424661,474448,480947,334119,373850,238011,304328,70444,128642,72390,72632,144879,148021,173273,191368,261559,290486,349327,368378,286114,321977,220340,281332,66143,120089,3473846,2353436,482073,319860,801770,573667,122483,451,342
2021-07-02T23:59:59+02:00,10940,9993,175460,171613,302199,281656,336130,333488,410077,423476,473674,480262,333860,373537,237895,304147,70416,128594,69699,69947,140964,144739,168849,187335,255507,285049,344111,363675,282864,318253,219701,280561,66095,120005,3455773,2320279,480597,317076,801584,561093,119971,450,321
2021-07-01T23:59:59+02:00,9848,9066,171796,168184,298166,278375,333645,331226,408285,421903,472579,479301,333441,373076,237694,303875,70369,128516,64825,65232,134667,139416,161579,180836,245265,276209,333326,353909,278089,312987,217849,278308,65916,119692,3433266,2264051,478511,304733,801238,543393,116836,450,319
2021-06-30T23:59:59+02:00,9359,8674,168532,165112,292555,273751,329979,327892,406516,420374,471559,478334,333021,372594,237503,303576,70335,128428,61701,62393,129032,134738,154944,174841,235228,267074,319940,340651,272887,307452,215960,275989,65748,119374,3408213,2209117,476350,291932,800945,524576,113089,449,317
2021-06-29T23:59:59+02:00,8823,8151,164743,161340,288029,269500,326424,324598,404419,418296,470020,476923,332436,371958,237252,303222,70280,128319,58919,59406,124094,130338,148932,169322,223393,256394,311395,332301,266431,300270,213993,273535,65545,119029,3380750,2149961,474363,287280,800622,507191,109495,448,314
2021-06-28T23:59:59+02:00,8418,7771,161428,157889,283001,265188,323130,321748,402279,416371,468534,475615,331916,371349,237019,302911,70236,128225,56652,57065,120201,126835,144593,165245,214175,247990,305613,326906,261489,294976,212229,271304,65399,118765,3356865,2114299,470389,278684,799968,490678,106295,448,311
2021-06-27T23:59:59+02:00,8270,7648,159927,156365,280900,263382,321332,320216,400586,415011,467644,474905,331624,371057,236916,302749,70217,128176,55455,55958,118081,125129,142033,163121,210072,244610,302260,324053,257688,290982,209774,268396,65288,118577,3346878,2098882,468317,275205,798920,474560,103299,448,311
2021-06-26T23:59:59+02:00,7118,6552,156664,153026,278795,261497,318926,317984,399397,413860,466945,474204,331353,370774,236810,302592,70193,128146,54908,55374,116751,123980,140612,161886,207828,242608,299730,321642,256157,289324,209441,267986,65261,118507,3327775,2082122,465500,275117,798914,472065,103166,413,280
2021-06-25T23:59:59+02:00,5898,5436,152355,148750,275408,258543,316869,316024,398094,412615,465946,473382,331064,370440,236683,302437,70165,128096,53623,53749,114279,121287,136538,157320,199074,234164,294053,315773,254435,287206,208851,267186,65190,118389,3302843,2039670,464074,273425,798860,465492,102945,413,280
2021-06-24T23:59:59+02:00,5044,4649,147916,144627,270595,254612,312598,312253,395914,410746,464576,472251,330645,369978,236515,302201,70132,128009,50981,51163,109169,116582,129224,150689,187056,223728,282647,305556,249060,281372,207021,264844,64987,117989,3271728,1977719,462075,261672,798692,451751,101277,413,279
2021-06-23T23:59:59+02:00,4824,4442,144758,141516,266904,251464,307359,307459,393422,408403,463173,470936,330118,369360,236286,301892,70084,127904,49041,49084,105376,112675,123564,145015,177176,215072,270694,293583,244455,276568,205689,263148,64826,117629,3244221,1921488,458558,251824,798534,441064,99503,411,278
2021-06-22T23:59:59+02:00,4574,4213,141687,138391,263198,248090,301239,302025,390787,405846,461632,469456,329574,368756,236067,301542,70036,127798,47355,47347,101773,109379,118776,140448,164598,203942,259798,283297,240396,272103,203770,260741,64574,117160,3212202,1863221,456630,244121,798348,430113,98235,409,270
2021-06-21T23:59:59+02:00,4315,3968,138425,135453,258499,244202,295999,297164,387751,402980,460162,468109,329057,368199,235844,301231,69996,127685,46126,46120,99394,107165,116043,137750,158392,198178,252920,276658,235047,266275,199847,256235,64389,116785,3180517,1832280,454595,238610,798141,410362,96285,408,270
2021-06-20T23:59:59+02:00,4171,3850,136921,133949,254271,240735,293424,294928,386361,401667,459372,467366,328833,367918,235732,301099,69976,127623,45009,45202,97143,105381,113776,135766,155364,195645,248620,272597,232049,262751,198860,254982,64308,116659,3163108,1811996,452836,235061,797988,402505,94757,408,264
2021-06-19T23:59:59+02:00,3754,3499,134773,131853,251520,238417,291644,293284,384524,400099,458529,466638,328613,367666,235628,300959,69955,127591,44474,44555,95877,104128,112310,134304,153866,194211,245404,269584,231332,261904,198689,254719,64286,116606,3146777,1796079,450019,233484,797979,402228,94657,408,263
2021-06-18T23:59:59+02:00,2805,2586,131497,128713,247997,235373,287636,289880,382129,397975,457191,465477,328239,367266,235473,300723,69928,127542,43691,43643,94298,102352,110024,131640,150323,190183,238556,262320,229612,259904,198205,254081,64211,116472,3120992,1766822,445589,232963,797953,395539,94382,407,263
2021-06-17T23:59:59+02:00,2571,2363,127791,125428,241987,230940,282421,285495,377347,393993,454871,463646,327649,366547,235231,300368,69863,127429,41453,41820,90249,98883,105138,126899,142464,182512,227176,250943,224417,253978,196556,251930,63951,116053,3086265,1711218,442612,228827,797700,384645,89923,329,255
2021-06-16T23:59:59+02:00,2300,2130,124559,122026,237095,226608,277727,281234,372175,389502,452290,461515,326911,365752,234943,299958,69797,127316,39626,40228,86718,95863,100795,123082,134239,175183,215087,239046,218199,246882,194636,249607,63699,115565,3052806,1651523,437075,223227,797191,376567,87322,327,254
2021-06-15T23:59:59+02:00,1913,1798,119644,117160,231114,221466,272382,276253,367115,384872,449448,459104,326044,364783,234596,299444,69715,127133,38008,38620,83399,92821,96832,119037,127196,168815,202758,227042,212178,240098,192682,247181,63388,114996,3008139,1594325,435149,217394,796628,368899,84612,327,251
2021-06-14T23:59:59+02:00,1651,1524,115592,113002,225888,216558,267021,271280,361832,380130,446336,456513,325263,363928,234284,299056,69653,127013,37027,37733,81122,90736,94128,116523,123087,165072,196168,220556,209070,236594,191548,245710,63170,114607,2966027,1564788,432798,215122,796371,361245,81866,325,250
2021-06-13T23:59:59+02:00,1577,1439,114098,111625,223441,214456,264480,269019,359576,378175,445167,455482,324987,363624,234149,298888,69621,126939,36165,37004,79271,89071,92121,114711,120263,162477,192308,216856,205990,233159,190517,244344,62938,114196,2951040,1550832,430361,207859,796066,353052,79810,325,249
2021-06-12T23:59:59+02:00,1428,1302,111449,108880,221548,212728,263098,267745,358140,376777,444270,454713,324700,363315,234057,298785,69603,126911,35796,36600,78285,87976,90872,113417,118688,160917,188750,213554,204956,232033,189116,242687,62928,114165,2934873,1537698,429382,207850,796047,345669,79680,324,248
2021-06-11T23:59:59+02:00,1280,1166,108908,106367,218656,210108,259436,264559,355007,374049,442555,453241,324266,362865,233920,298579,69576,126856,35124,35488,76284,84607,88639,109892,114586,155776,182059,206114,202860,229665,188513,241919,62866,114068,2910473,1510244,426591,207155,795867,332224,78990,324,247
2021-06-10T23:59:59+02:00,1119,1013,104151,101963,212587,205348,252383,258737,348921,368756,438060,449470,323412,361895,233599,298132,69493,126704,33543,34006,72289,80436,83722,104390,107923,147577,169726,192481,196795,222789,186786,239780,62613,113666,2866877,1463170,419498,205416,795022,305225,74858,322,242
2021-06-09T23:59:59+02:00,971,883,100236,98263,206630,200620,245572,253032,342268,362809,434386,446449,322740,361153,233331,297754,69429,126572,32012,32750,69057,77786,80028,101224,103207,143301,158596,181738,186184,210814,184924,237535,62341,113171,2827925,1409199,410974,201441,794519,293964,70210,295,238
2021-06-08T23:59:59+02:00,789,702,95708,93723,200001,195058,238614,247023,334021,355534,429280,441785,321908,360154,232959,297270,69348,126436,30939,31895,66471,75489,76747,98504,98631,139385,151008,174254,177480,201107,183120,235290,62108,112805,2775982,1370041,405213,196531,793936,283111,65697,295,227
2021-06-07T23:59:59+02:00,631,560,92492,90626,193942,190356,232059,241784,326189,349364,426238,439343,321366,359523,232745,296947,69294,126340,30073,31049,64009,73536,73794,96348,94870,136452,142934,166470,173437,196496,181693,233479,61885,112422,2737012,1342956,399053,193240,793372,272019,60870,293,226
2021-06-06T23:59:59+02:00,593,524,90918,89310,190656,187812,228707,239017,321913,345962,424807,438267,321098,359230,232637,296789,69270,126293,29472,30494,62239,71857,71719,94342,91683,133386,137255,160693,170906,193877,180583,232079,61656,112042,2721613,1331118,391671,183592,792893,261579,58127,291,225
2021-06-05T23:59:59+02:00,513,444,88975,87296,185792,183597,226244,236888,320097,344337,423809,437354,320812,358910,232489,296620,69256,126261,29018,29738,61038,69906,70323,92193,90006,131120,132502,155366,167901,190212,180098,231422,61622,111976,2698141,1307514,391551,183115,792753,256192,57745,290,224
2021-06-04T23:59:59+02:00,413,359,86622,84768,182131,179990,222238,232941,316507,340698,421447,435160,320354,358375,232292,296391,69218,126198,28553,29067,59920,68254,69046,90116,88215,128508,129139,151711,163668,185445,179106,230155,61574,111890,2668893,1288703,387729,182343,792636,246112,57332,290,223
2021-06-03T23:59:59+02:00,320,285,83335,81702,176400,175332,214984,226849,308801,334002,413693,428304,319323,357197,231922,295942,69163,126067,27663,28056,58027,66067,66657,87374,84585,124397,122390,145048,157325,177841,177536,228129,61461,111653,2619984,1259525,377491,177029,792217,233371,54402,288,218
2021-06-02T23:59:59+02:00,271,226,81257,79537,172324,171612,211339,223693,305224,330657,411649,426474,318916,356745,231769,295736,69135,126016,27197,27577,56901,64955,65066,86102,82531,122460,117417,140167,149451,168881,176817,227174,61376,111484,2591240,1227343,376107,175060,792187,229755,53511,285,213
2021-06-01T23:59:59+02:00,172,158,76994,75712,164046,165050,201983,215962,296125,322782,403450,418640,317407,355139,231230,295000,69023,125788,25646,26161,52589,62005,60230,82814,77118,117959,109990,132959,138356,155480,174716,224439,61166,111057,2532576,1177225,364471,170949,791425,217978,46636,283,208
2021-05-31T23:59:59+02:00,150,141,74251,73235,158388,160736,194677,209997,288738,316405,397712,413677,316413,354030,230845,294480,68933,125617,24734,25103,49967,59790,57063,80279,73516,114683,105495,128516,134211,150579,173351,222719,60996,110725,2492175,1154809,355081,168617,790794,207584,40813,282,206
2021-05-30T23:59:59+02:00,139,133,73201,72169,155912,158706,192054,207644,285958,313889,395827,411936,316051,353619,230684,294244,68895,125537,24132,24316,48377,58062,55323,78425,71290,112121,102839,125653,132059,148054,172558,221783,60903,110514,2476361,1145041,352562,167311,790166,196208,37944,281,202
2021-05-29T23:59:59+02:00,136,131,72591,71577,154401,157305,189755,205612,284118,312302,394990,411163,315830,353374,230604,294166,68884,125519,23810,23791,47460,56566,53984,76552,69366,109276,100523,122853,129256,144634,171906,220875,60876,110462,2462467,1131441,352402,167246,790098,185672,37924,281,201
2021-05-28T23:59:59+02:00,132,128,71505,70459,152011,155048,186098,202074,280849,309167,393131,409397,315424,352872,230457,293951,68865,125462,23279,22789,45852,54438,52159,73994,67325,105324,96199,116960,124884,139583,170931,219567,60830,110348,2438669,1108835,351353,167033,789889,171140,37545,280,198
2021-05-27T23:59:59+02:00,121,118,68193,67444,145527,150111,177910,195824,274464,304012,386816,403716,314163,351428,229998,293421,68794,125280,21958,21105,42600,51388,48282,70176,62775,99312,89848,109448,120956,134963,168134,215866,60658,110035,2394115,1080410,343737,164292,788081,151069,31818,280,194
2021-05-26T23:59:59+02:00,117,115,66041,65267,140575,146029,171813,190759,267713,298345,380078,397028,312646,349825,229512,292725,68692,125069,21217,20189,40780,49251,45929,67444,59740,95521,85258,104337,115976,129246,164345,210533,60449,109609,2356855,1048509,330539,162718,786270,139593,29087,279,193
2021-05-25T23:59:59+02:00,116,108,64010,63278,136374,142541,166763,186470,260648,292067,374656,391642,311368,348420,229108,292082,68608,124892,20639,19526,39381,47733,44095,65429,57268,92523,81179,99962,111042,123561,158811,203294,60279,109305,2319337,1017003,323032,159296,783731,130365,27450,275,187
2021-05-24T23:59:59+02:00,113,106,62769,62066,133619,140437,163482,184057,253699,286080,369725,386970,310541,347501,228822,291697,68536,124763,20296,19120,38363,46662,42751,63944,55590,90512,78943,97452,109621,121906,158205,202504,60167,109103,2295603,1007651,311929,157997,781943,123679,25902,274,183
2021-05-23T23:59:59+02:00,108,106,62272,61550,132519,139545,162288,183023,252457,285059,368140,385542,309924,346844,228651,291471,68516,124727,20064,18933,37811,46106,41997,63245,54429,89516,77453,96087,108447,120510,157227,201285,60096,108963,2284113,999480,311346,154916,781899,122086,25776,274,181
2021-05-22T23:59:59+02:00,105,104,61578,60929,131031,138472,159916,181400,249488,282771,365662,383320,309395,346251,228474,291205,68490,124677,19745,18513,37199,45506,41357,62716,53773,88790,76682,94945,106897,118709,156454,200316,60069,108909,2266150,992780,311331,154912,781860,118660,24313,274,181
2021-05-21T23:59:59+02:00,101,100,60246,59489,128126,135879,156631,178078,244255,278008,359568,377634,308462,345161,228178,290809,68430,124569,19385,18147,36586,44736,40706,61666,52821,87397,74963,92642,103656,114758,155315,198865,59977,108734,2230097,979759,309692,154586,780287,112065,24030,271,179
2021-05-20T23:59:59+02:00,94,98,57197,56694,122392,131009,149707,171768,233948,269269,350546,369357,305930,342421,227412,289801,68298,124351,18089,17213,34412,42490,38252,58768,50007,83626,71033,88144,99537,110117,152856,195852,59797,108378,2172157,960477,303038,152643,774333,94396,21134,263,179
2021-05-19T23:59:59+02:00,93,96,54983,54501,117387,126330,142539,165156,223415,259913,339997,358469,303286,339554,226666,288758,68148,124075,17509,16428,33186,40902,36848,56706,47997,80846,67794,84567,95655,105641,149235,191131,59535,107887,2106273,937089,296782,150667,771356,84890,19306,263,166
2021-05-18T23:59:59+02:00,88,91,52887,52540,112602,122069,136163,159587,211849,249547,330126,348675,300618,336589,225789,287562,67996,123821,16991,15824,31975,39441,35493,54912,46191,78438,64909,81341,91654,101111,146042,187073,59322,107452,2046438,916869,287420,147809,767762,76249,17323,259,166
2021-05-17T23:59:59+02:00,85,88,51853,51547,110270,120013,133353,156932,205323,243533,322558,341591,298829,334619,225203,286739,67889,123609,16535,15375,30925,38396,34326,53621,44709,76639,62648,78948,86822,95253,144579,185189,59172,107137,2019649,905178,275124,140345,764337,69564,15265,258,164
2021-05-16T23:59:59+02:00,84,85,51066,50891,108828,118689,131613,155273,202353,240852,315126,334642,297812,333491,224896,286255,67837,123512,16251,15003,30176,37615,33454,52700,43644,75325,61315,77478,83404,91179,143790,184113,59085,106997,2004333,899096,264702,133578,761098,65422,13511,256,160
2021-05-15T23:59:59+02:00,84,85,50530,50258,107830,117701,130600,154164,200419,238918,311556,331434,297191,332805,224700,285984,67817,123448,16111,14840,29922,37309,33169,52269,43157,74680,60466,76496,82807,90362,143274,183445,59049,106950,1988145,893860,264684,133431,760231,64294,12800,254,159
2021-05-14T23:59:59+02:00,83,85,49270,48836,105579,115608,127012,150711,192213,231851,305245,325552,296211,331668,224415,285536,67770,123353,15613,14411,29138,36490,32400,51079,42078,72899,58903,74545,80904,87875,142661,182458,59009,106864,1950901,884218,262987,132560,755680,58871,11755,251,158
2021-05-13T23:59:59+02:00,79,84,47351,46891,101737,112381,122306,146605,182199,223274,294647,315740,293245,328249,223606,284397,67670,123146,14750,13965,28282,35794,31638,50177,41135,71805,57398,72980,77127,83525,139901,178851,58899,106648,1899352,871678,254379,125513,749449,55020,10738,248,155
2021-05-12T23:59:59+02:00,77,82,46440,46185,99818,110957,120247,144947,179653,221166,289916,310417,292083,326983,223366,284078,67632,123061,14585,13815,27962,35576,31238,49887,40691,71430,56858,72413,75790,81901,139124,177718,58813,106488,1876304,865952,252217,123722,748960,54750,9938,243,154
2021-05-11T23:59:59+02:00,73,76,44196,44710,95792,107882,114446,140221,166288,209900,278270,299658,288682,323072,222410,282677,67482,122762,14157,13247,26953,34150,30108,48085,39387,69151,55146,70148,72705,78317,137770,175889,58655,106130,1817465,853691,242522,121032,740450,46884,8462,239,152
2021-05-10T23:59:59+02:00,72,72,42945,43738,93192,105880,111191,137594,157904,202878,270398,292553,286508,320624,221836,281815,67358,122520,13814,12803,26192,33166,29315,46826,38392,67296,53920,68419,70617,75760,136625,174379,58535,105842,1781931,844825,236478,119979,733480,39684,7489,235,145
2021-05-09T23:59:59+02:00,71,72,41823,42967,90511,104127,108528,135826,152899,199461,264880,287615,285270,319243,221461,281286,67292,122374,13499,12585,25501,32496,28584,46023,37601,66335,52983,67472,69387,74358,136029,173545,58480,105711,1762630,840245,229383,119002,727491,34917,6499,231,143
2021-05-08T23:59:59+02:00,70,72,41532,42666,89666,103398,107436,134972,151454,198247,262319,285553,284769,318701,221342,281107,67276,122342,13397,12524,25374,32404,28440,45894,37412,66141,52643,67154,68422,73436,134961,172182,58433,105618,1750609,835640,228872,118258,727268,34139,6486,210,128
2021-05-07T23:59:59+02:00,68,71,40608,41950,87734,102060,104614,132763,146835,194442,256070,280048,283431,317103,220993,280650,67223,122219,12650,12041,24551,31669,27677,44834,36549,64878,51456,65643,66174,70750,132738,169364,58343,105440,1724847,825980,225663,115991,723146,27342,5532,209,126
2021-05-06T23:59:59+02:00,64,70,37963,40227,82987,98605,98620,128011,136650,185937,239623,265638,278308,311312,219707,278962,67048,121903,11963,11524,23614,30564,26682,43481,35194,62876,49718,63669,63687,67625,130626,166603,58229,105222,1659305,814888,215750,112883,712255,18974,4619,199,125
2021-05-05T23:59:59+02:00,62,67,36076,39032,79333,96022,94020,124365,128829,179408,224874,251600,272125,304173,218134,276972,66802,121380,11729,11249,23075,29839,26080,42559,34269,61477,48567,62256,61075,64519,127684,162904,58131,104972,1593118,802614,210677,109318,706219,14995,3546,199,122
2021-05-04T23:59:59+02:00,62,65,34972,37927,76613,93704,90519,121325,123268,174676,214258,241329,266638,297729,216694,275129,66593,120912,11567,11045,22671,29299,25622,41786,33552,60391,47458,60983,58356,61342,125320,159971,57981,104736,1544099,790743,205561,106683,700142,11849,2894,197,120
2021-05-03T23:59:59+02:00,61,63,34104,36872,74327,91889,87642,118976,118828,171031,207604,235329,263361,293865,215896,274047,66472,120617,11322,10772,22277,28723,25139,41086,32867,59425,46436,59844,55574,58005,121545,155080,57724,104299,1512357,774909,202450,104971,695216,9090,1236,195,119
2021-05-02T23:59:59+02:00,61,63,33752,36554,73153,90986,86175,117883,116403,169165,204508,232817,262402,292777,215612,273639,66406,120509,11250,10700,22088,28510,24909,40800,32526,59019,45985,59369,54385,56544,118482,151401,57640,104169,1501768,769895,199659,99418,691342,8188,367,194,115
2021-05-01T23:59:59+02:00,60,63,33435,36180,72392,90192,85104,116843,114936,167804,201429,229788,261712,291955,215402,273359,66395,120470,11236,10684,22035,28480,24849,40762,32464,58961,45902,59294,54143,56252,118323,151205,57631,104152,1486691,768586,199656,99378,691077,8139,361,193,115
2021-04-30T23:59:59+02:00,57,61,32893,35580,71185,88969,83644,115111,111158,164243,194033,222673,259721,289587,214953,272751,66335,120364,10915,10489,21674,28201,24573,40339,32139,58398,45439,58661,53247,55088,117371,150018,57576,104032,1453812,764908,199330,97388,690277,5796,162,190,112
2021-04-29T23:59:59+02:00,55,59,31393,34632,68267,86944,80010,112511,106053,160137,181221,211132,251791,280491,213756,271118,66199,120015,10609,10276,21198,27753,24143,39840,31554,57657,44631,57726,51414,52896,115523,147783,57476,103837,1398948,756078,192053,94708,684907,3483,141,181,110
2021-04-28T23:59:59+02:00,54,57,30159,34020,66400,85634,77531,110690,102626,157285,171541,201964,240937,267893,212477,269433,66002,119687,10424,10117,20900,27401,23779,39370,31130,57002,43904,56902,49292,50280,112943,144552,57353,103625,1346322,746538,188690,90162,679534,2258,111,174,106
2021-04-27T23:59:59+02:00,51,56,29400,33336,64825,84171,75523,108883,99873,154887,166820,197240,232434,258090,211329,267818,65882,119465,10299,10006,20619,27112,23543,39040,30770,56507,43221,56211,47287,47737,110304,141120,57236,103425,1312307,736734,186384,86153,671546,1540,110,169,101
2021-04-26T23:59:59+02:00,50,56,28971,32952,63725,83288,74022,107716,97589,153176,158205,189227,228248,253249,210622,266826,65790,119267,10204,9917,20404,26926,23308,38823,30474,56169,42604,55635,45482,45589,108409,138641,57140,103272,1283376,728773,184940,83059,664818,1160,106,165,99
2021-04-25T23:59:59+02:00,50,55,28720,32714,62950,82765,72960,106981,95861,151952,152822,184358,223916,248366,210032,266046,65724,119144,10149,9883,20326,26850,23222,38742,30363,56043,42444,55476,45068,45092,107728,137734,57112,103202,1270626,727116,178802,81289,656141,1029,103,164,97
2021-04-24T23:59:59+02:00,50,54,28378,32288,62013,81545,71775,105537,94316,150296,147922,179213,221129,245035,209562,265372,65690,119094,10134,9865,20285,26808,23170,38677,30282,55957,42295,55340,44825,44784,107478,137440,57091,103174,1245785,726032,178773,80589,654861,986,102,164,95
2021-04-23T23:59:59+02:00,48,54,27632,31663,60445,80038,69989,103519,91727,147657,143144,174823,216579,239490,208907,264383,65627,118979,10081,9802,20177,26721,23039,38527,30048,55750,41932,55010,44207,44027,106417,136154,56935,102899,1220935,722685,177593,78112,646322,934,101,161,92
2021-04-22T23:59:59+02:00,46,53,27017,31064,58909,78602,67525,101305,87606,144168,135112,167338,207546,228493,206869,261751,65429,118582,9956,9706,19927,26423,22684,38094,29533,55236,41178,54372,43038,42699,104426,133708,56706,102501,1179423,715212,170152,74171,637986,810,101,156,90
2021-04-21T23:59:59+02:00,46,51,26524,30542,57583,77501,65643,99675,84568,141532,127926,160529,194482,213162,204720,258863,65203,118157,9825,9620,19695,26175,22399,37769,29181,54786,40626,53842,42190,41681,102238,130925,56453,102090,1127968,708671,167273,70093,631613,738,101,150,89
2021-04-20T23:59:59+02:00,45,50,26099,30072,56425,76357,63969,98095,82023,138959,122848,155466,183009,199706,202296,255730,64967,117730,9722,9529,19477,25987,22107,37500,28770,54374,40088,53308,41374,40748,100020,127939,56116,101554,1085361,701128,163790,66842,624842,658,99,148,83
2021-04-19T23:59:59+02:00,45,49,25732,29715,55454,75537,62686,96917,79897,137033,119329,152086,177257,192865,200589,253496,64784,117397,9613,9436,19246,25767,21862,37226,28454,53983,39576,52779,40578,39839,96923,123975,55711,100842,1060823,690785,161960,64420,618236,621,98,142,83
2021-04-18T23:59:59+02:00,44,44,25424,29455,54686,74992,61564,95973,78045,135611,115964,149693,172151,187311,199579,252272,64672,117205,9539,9361,19057,25593,21685,37060,28236,53706,39316,52528,40250,39452,95707,122430,55530,100546,1046855,686918,160290,62488,607684,606,98,141,82
2021-04-17T23:59:59+02:00,43,43,25315,29363,54315,74797,61047,95621,77391,135012,115118,148952,167899,182428,199045,251546,64638,117140,9494,9302,18919,25405,21497,36830,28009,53431,39051,52260,39951,39130,94943,121502,55466,100462,1035974,682900,160262,62174,603620,594,98,141,82
2021-04-16T23:59:59+02:00,43,43,24941,29115,53327,74192,59763,94742,75766,133681,110971,144808,160262,173655,197390,249341,64529,116931,9286,9127,18526,24976,20916,36255,26900,52527,37028,50656,36637,36198,91755,117979,55063,99807,1010069,667831,159471,55261,594101,560,98,140,80
2021-04-15T23:59:59+02:00,39,39,24466,28663,52076,73022,57803,93013,72497,130836,105502,139528,152400,164677,192738,243468,64232,116312,9112,8964,18157,24554,20422,35596,26222,51733,35634,49424,34522,34160,88642,114245,54555,98950,977857,654731,157418,49670,576175,509,97,138,78
2021-04-14T23:59:59+02:00,37,35,24125,28338,51139,72084,56465,91627,70110,128679,101513,135761,143203,154296,184999,233589,63891,115644,8706,8691,17683,24048,19886,34951,25308,50854,34345,48301,32479,32002,85664,110598,54065,98090,939999,639840,154746,45442,560930,409,96,133,77
2021-04-13T23:59:59+02:00,37,35,23888,28121,50443,71549,55521,90802,68476,127270,97788,132329,131373,141177,178609,225260,63553,115056,8471,8519,17338,23642,19465,34415,24644,50061,33280,47287,31096,30641,83509,108218,53708,97546,906764,630525,150230,41050,544434,286,96,131,75
2021-04-12T23:59:59+02:00,36,34,23679,27933,49888,71040,54657,90069,67009,125980,95156,130005,124263,133142,175382,221311,63282,114565,8234,8334,16975,23346,19094,33980,24172,49524,32612,46661,29570,29103,81848,106279,53382,97025,890354,622095,148688,37793,528530,272,94,129,73
2021-04-11T23:59:59+02:00,35,34,23504,27773,49364,70617,53927,89615,65866,125178,93300,128528,118782,127129,171463,216706,63112,114267,8101,8200,16679,23067,18776,33671,23815,49144,32164,46274,28933,28437,80827,105034,53173,96706,882886,616806,144279,35967,512179,254,90,127,70
2021-04-10T23:59:59+02:00,35,34,23443,27716,49197,70482,53727,89457,65540,124908,92775,128092,116699,124603,170022,214855,63070,114167,7514,7596,15789,22281,17817,32831,22695,48112,31054,45278,28270,27725,78732,102427,52906,96270,875895,601487,143424,35587,509651,249,85,127,70
2021-04-09T23:59:59+02:00,34,34,23196,27466,48697,69991,53087,88774,64543,123785,90950,126184,107872,113664,166640,210447,62872,113811,6556,6696,14261,20958,16096,31271,20554,46148,28849,43270,26494,25900,75232,98252,52361,95431,856486,574044,136368,34074,499346,237,77,122,66
2021-04-08T23:59:59+02:00,34,34,22900,27220,48117,69500,52332,88074,63236,122702,88532,124016,97562,101674,161101,203603,62546,113247,5913,6109,13074,19939,14838,29932,18915,44429,26350,40936,23472,22933,70584,92482,51220,93681,837830,542498,127469,32133,481295,207,67,120,66
2021-04-07T23:59:59+02:00,32,33,22589,26995,47314,69043,51406,87462,61847,121723,85391,121576,88376,91383,154098,194817,62252,112687,5533,5788,12414,19266,14022,29105,17872,43377,24440,39039,20936,20408,66627,87718,50225,92066,817444,519041,121875,29650,459874,177,61,116,65
2021-04-06T23:59:59+02:00,31,33,22378,26834,46786,68662,50816,86938,60814,120946,83283,119833,80615,82579,147736,186859,61909,112059,5339,5629,12063,18909,13669,28673,17337,42815,23577,38230,19809,19376,63467,83624,49302,90684,798180,505672,118661,26705,442443,166,56,112,62
2021-04-05T23:59:59+02:00,31,32,22279,26709,46475,68317,50430,86540,60269,120256,82103,118683,76138,77486,142732,180758,61708,111744,5200,5490,11802,18657,13375,28361,17014,42443,23132,37769,19344,18906,60584,80072,48603,89618,788752,496339,116909,23911,427203,160,53,110,62
2021-04-04T23:59:59+02:00,31,32,22231,26650,46354,68049,50261,86226,59989,119754,81596,118051,74696,75780,142029,179785,61671,111662,5196,5483,11784,18644,13364,28345,16995,42426,23034,37697,18937,18583,59147,78225,48397,89307,786218,491547,116803,23909,422007,153,49,107,60
2021-04-03T23:59:59+02:00,31,32,22169,26569,46231,67941,50098,86051,59673,119442,81028,117472,73351,74144,140912,178249,61588,111513,5187,5474,11771,18626,13341,28325,16961,42379,22928,37623,18801,18432,58797,77663,48308,89161,779855,489761,116761,23909,420059,153,48,106,60
2021-04-02T23:59:59+02:00,31,32,22091,26486,46071,67775,49879,85803,59203,118992,80150,116660,71796,72260,138633,175268,61391,111154,5168,5436,11723,18583,13286,28243,16872,42231,22654,37146,18443,18069,56456,74781,47495,88060,770742,481278,114986,23265,418131,153,44,104,58
2021-04-01T23:59:59+02:00,28,30,21896,26282,45655,67253,49233,85061,58327,118052,78269,114989,68533,68827,134550,170095,61074,110587,5021,5292,11451,18320,13063,28007,16549,41922,22150,36703,17625,17325,51611,68749,45816,85604,759102,463228,108889,21894,410937,140,39,101,57
2021-03-31T23:59:59+02:00,28,30,21569,26064,45253,66729,48739,84413,57598,117115,77111,113747,66488,66508,129792,163983,60672,109864,4943,5241,11353,18202,12903,27857,16308,41652,21555,36192,16495,16422,46398,62331,44436,83621,749350,444888,101729,20946,404818,137,34,98,53
2021-03-30T23:59:59+02:00,28,29,21391,25841,44854,66110,48233,83616,56887,116063,75972,112369,64647,64487,125412,158231,60204,108965,4876,5156,11249,18077,12711,27668,15981,41328,20981,35643,15662,15619,43643,58921,43320,81826,739159,433034,97508,19583,396873,108,30,93,52
2021-03-29T23:59:59+02:00,27,29,21193,25603,44393,65561,47757,82925,56151,114989,74745,110936,62158,61740,118672,149591,59434,107572,4779,5083,11144,17964,12558,27502,15734,41005,20523,35175,15010,15078,41054,55937,42213,80004,718626,421832,94085,18904,390966,93,28,93,51
2021-03-28T23:59:59+02:00,27,29,20987,25314,43894,64876,47240,82184,55471,113983,73804,109830,60899,60306,113965,143613,58990,106815,4724,5025,10998,17818,12300,27203,15543,40758,20356,34942,14771,14834,39974,54518,41865,79465,712089,417513,86771,17577,383568,73,28,92,48
2021-03-27T23:59:59+01:00,27,29,20867,25157,43602,64510,46876,81655,54971,113294,73131,109092,59741,59221,112479,141905,58923,106735,4711,5013,10971,17799,12282,27173,15182,40329,19956,34506,14478,14622,39487,53829,41390,78647,706812,413456,86069,16922,379533,66,28,92,48
2021-03-26T23:59:59+01:00,27,28,20615,24643,42797,62806,45908,79630,53633,110272,71114,105478,57726,57338,109726,138663,58596,106219,4692,4980,10947,17747,12212,27081,15104,40219,19615,33911,14009,13970,36415,49990,39333,75404,695414,398942,82748,16703,367255,53,25,91,48
2021-03-25T23:59:59+01:00,27,26,20183,23971,41924,61042,44812,77079,52119,106746,68724,101714,55132,54703,106415,134694,58025,105228,4646,4925,10856,17644,12090,26935,14920,40000,19338,33604,13534,13479,32565,44944,36337,70870,683993,380602,78554,16105,350217,48,22,89,48
2021-03-24T23:59:59+01:00,27,26,19781,23524,41141,59773,43797,75542,50741,104821,66627,99384,52349,51790,102160,129595,57387,104151,4592,4859,10763,17501,11922,26733,14688,39717,18970,33185,13076,13025,29995,41732,33223,66033,671190,365042,73681,15004,337949,41,17,88,48
2021-03-23T23:59:59+01:00,27,26,19533,23222,40582,58859,43074,74451,49706,103309,64969,97525,50058,49444,99403,126383,56827,103311,4533,4789,10664,17376,11776,26549,14442,39404,18553,32798,12573,12518,27560,38636,29555,60142,663067,347485,70340,14415,327508,40,16,85,48
2021-03-22T23:59:59+01:00,27,26,19310,22808,39942,57978,42408,73412,48761,101922,63495,95892,48223,47558,97003,123637,56356,102540,4475,4742,10578,17260,11645,26371,14284,39164,18311,32496,12262,12146,25727,36283,25598,53760,656762,331271,67533,13862,317210,37,16,82,47
2021-03-21T23:59:59+01:00,27,26,19172,22549,39451,57225,41859,72567,48107,100766,62552,94658,47175,46534,95356,121786,55986,101961,4460,4733,10542,17212,11598,26285,14224,39074,18229,32397,12142,12014,25298,35835,25244,53202,654187,329074,65505,13448,308268,37,15,81,45
2021-03-20T23:59:59+01:00,26,26,19112,22404,39240,56730,41618,72006,47796,100129,62112,94056,46520,45768,92758,118555,55698,101474,4451,4725,10533,17200,11570,26268,14181,39037,18147,32322,11983,11853,24657,35060,24482,52116,647719,325359,65056,13259,303454,37,15,81,45
2021-03-19T23:59:59+01:00,25,25,18758,21839,38107,54605,40337,70012,46059,98042,59229,91298,42076,41893,87540,112791,54996,100394,4430,4712,10500,17149,11505,26156,14089,38867,17912,32023,11631,11570,22990,33000,22798,49556,629957,316029,57844,12897,290426,31,15,76,45
2021-03-18T23:59:59+01:00,25,24,18363,21191,36930,52450,38797,67222,43903,93571,55383,85501,38041,38093,82808,107306,53908,98734,4410,4684,10434,17046,11427,26001,13941,38679,17696,31820,11399,11387,21743,31486,21085,46958,613014,307951,52100,12286,267331,28,15,76,44
2021-03-17T23:59:59+01:00,25,23,17941,20838,36205,51532,38032,66268,42822,92219,53595,83673,35366,35306,78784,102481,52964,97261,4387,4658,10372,16951,11354,25867,13828,38490,17497,31627,11161,11162,20501,30074,19495,44558,596354,300446,47695,11577,261476,25,15,75,44
2021-03-16T23:59:59+01:00,24,23,17584,20419,35459,50462,37219,65073,41725,90543,51757,81685,33161,33286,74751,97535,52083,95947,4337,4609,10299,16823,11263,25716,13729,38253,17364,31384,10991,10983,19217,28554,18014,42233,583093,292667,43006,11143,252825,25,12,73,44
2021-03-15T23:59:59+01:00,24,23,17304,20055,34750,49484,36427,63883,40821,89063,50497,80084,31437,31446,71469,93441,51386,94814,4315,4574,10232,16700,11196,25515,13613,37965,17215,31112,10825,10825,18484,27588,16755,40372,571966,286843,39681,10494,244955,25,1,71,44
2021-03-14T23:59:59+01:00,24,22,17036,19628,33894,48274,35527,62563,39763,87237,49241,78354,30271,30213,69474,90878,50941,94138,4291,4555,10187,16623,11139,25372,13553,37743,17125,30948,10753,10739,18303,27307,16493,39811,564854,285642,37803,9361,235015,16,0,67,44
2021-03-13T23:59:59+01:00,24,22,16223,18565,32396,46240,33952,60427,37723,84163,47108,75800,28917,28859,67460,88253,50672,93747,4291,4555,10185,16617,11136,25365,13544,37737,17119,30939,10716,10707,17554,26421,15447,38359,548497,281391,37518,9360,224714,16,0,67,44
2021-03-12T23:59:59+01:00,23,22,15122,17188,29953,43591,31286,57286,34859,79307,43895,71336,26080,25667,63153,82950,49690,92342,4278,4522,10166,16555,11118,25314,13498,37619,17028,30808,10439,10480,16669,25175,14375,36835,520462,275589,36206,9349,207249,13,0,65,43
2021-03-11T23:59:59+01:00,22,22,14080,15728,27702,40896,28966,54096,32270,74916,40140,66438,22678,22190,57136,75630,47756,89501,4237,4482,10086,16436,11007,25089,13380,37308,16862,30504,10134,10267,16034,24333,13707,35560,488397,271583,34614,7908,187305,10,0,64,40
2021-03-10T23:59:59+01:00,22,22,13485,15030,26292,39279,27314,52275,30704,72598,37619,63310,19928,19636,51218,68486,46204,87162,4202,4438,9986,16269,10889,24840,13232,36888,16663,30131,9897,10084,15291,23560,13048,34534,461964,266852,32566,7164,176201,8,0,62,40
2021-03-09T23:59:59+01:00,21,21,13203,14562,25169,38238,25896,51089,29640,70943,36240,61476,18744,18511,47706,64045,45079,85373,4178,4412,9901,16102,10786,24580,13079,36570,16487,29894,9772,9982,14626,22723,12552,33760,448356,263138,30035,6331,167699,8,0,62,38
2021-03-08T23:59:59+01:00,20,21,12872,13954,24086,37128,24624,49951,28704,69459,35006,59857,17664,17631,43584,59057,43851,83389,4163,4376,9840,15904,10684,24319,12946,36212,16358,29629,9688,9898,14131,22117,12238,33321,432887,259954,28029,5940,160072,3,0,61,37
2021-03-07T23:59:59+01:00,20,21,12639,13661,23492,36278,23926,49075,28103,68588,34397,59098,17402,17380,42515,57607,43484,82825,4151,4363,9818,15862,10657,24246,12914,36042,16301,29515,9666,9869,13933,21863,12102,33119,428124,258894,26214,5600,156300,0,0,60,36
2021-03-06T23:59:59+01:00,20,20,12526,13369,23090,35544,23395,48288,27054,67060,33297,57334,17016,17051,41869,56717,43183,82356,4148,4349,9807,15836,10639,24212,12904,36000,16283,29484,9648,9828,13886,21825,11999,32908,424057,258514,26150,5316,149107,0,0,60,35
2021-03-05T23:59:59+01:00,20,20,12113,12767,22408,34341,22712,47057,26299,65429,32061,54914,16369,16216,38407,52409,41026,78912,4121,4302,9737,15736,10587,24064,12836,35804,16196,29277,9552,9758,13700,21610,11628,32297,408859,256813,24698,4467,140041,0,0,60,33
2021-03-04T23:59:59+01:00,18,20,11353,11759,21220,32613,21493,45009,24942,62777,30366,52557,15638,15497,34401,47241,37945,74224,4072,4211,9624,15444,10483,23706,12703,35271,16051,28876,9374,9604,13542,21399,11543,32152,390410,253757,22621,4374,126157,0,0,60,30
2021-03-03T23:59:59+01:00,16,20,11045,11263,20531,31392,20719,43647,24033,61027,29321,50915,15161,14994,31788,43918,34859,69454,4032,4148,9543,15274,10404,23454,12597,34849,15873,28530,9190,9478,13417,21185,11397,31882,374962,251122,21826,4209,117430,0,0,56,28
2021-03-02T23:59:59+01:00,16,20,10783,10838,19885,30423,20004,42627,23248,59639,28350,49639,14534,14347,29109,40544,30973,63234,3984,4077,9481,15109,10335,23189,12493,34416,15772,28223,9064,9376,13279,20998,11320,31737,356767,248721,20315,4208,111240,0,0,55,28
2021-03-01T23:59:59+01:00,14,19,10612,10578,19373,29619,19441,41743,22659,58568,27634,48517,14119,13893,27039,37953,26716,56345,3968,4027,9426,14954,10272,22890,12412,34040,15666,27900,8982,9316,13096,20728,11204,31554,339543,246302,19201,4208,106203,0,0,55,28
2021-02-28T23:59:59+01:00,13,19,10445,10377,18905,28970,18906,41005,22180,57716,27147,47723,13911,13651,26430,37293,26310,55743,3952,4013,9401,14921,10253,22839,12395,33970,15639,27854,8955,9292,12964,20549,11141,31404,337086,245446,18341,4172,101420,0,0,55,27
2021-02-27T23:59:59+01:00,13,18,10266,9862,18576,28103,18647,40219,21895,56731,26818,46929,13635,13350,25760,36487,25387,54323,3940,4001,9380,14900,10221,22791,12356,33888,15594,27781,8933,9276,12945,20527,11120,31384,333169,245090,17618,4023,96333,0,0,55,27
2021-02-26T23:59:59+01:00,12,17,9469,9077,17673,26659,17863,38010,20965,53877,25358,44105,13168,12948,24171,34498,23860,52017,3859,3933,9302,14739,10147,22535,12275,33522,15477,27486,8853,9195,12878,20459,11079,31315,324046,243182,17364,3949,82433,0,0,55,25
2021-02-25T23:59:59+01:00,12,17,8310,8225,16351,25054,16593,35746,19728,50986,23648,41320,12694,12547,22891,32906,22363,49732,3737,3789,9140,14426,9927,21930,12021,32670,15150,26831,8656,9044,12616,20133,10939,31046,316421,239041,16593,3093,66201,0,0,54,23
2021-02-24T23:59:59+01:00,11,16,7945,7701,15695,24018,15963,34508,19014,49469,22855,40120,12297,12211,21583,31406,20682,47105,3665,3722,9000,14134,9750,21475,11818,32044,14888,26293,8515,8907,12473,19960,10874,30835,308165,236267,15627,2162,58896,0,0,54,23
2021-02-23T23:59:59+01:00,11,16,7462,7224,14877,22840,15278,33287,18292,48060,22137,39051,11990,11886,20243,29830,19068,44548,3625,3646,8880,13932,9612,21077,11629,31467,14588,25791,8344,8765,12345,19749,10804,30603,300047,233435,14827,1498,51312,0,0,53,22
2021-02-22T23:59:59+01:00,10,14,7355,7018,14492,22222,14927,32559,17827,47054,21643,38319,11792,11637,19494,28821,17752,42594,3595,3544,8743,13640,9448,20575,11374,30726,14213,25193,8096,8571,12145,19496,10698,30300,294178,230121,14218,311,47220,0,0,51,22
2021-02-21T23:59:59+01:00,10,14,7265,6893,14170,21777,14506,31976,17412,46402,21205,37825,11685,11535,19331,28608,17505,42259,3556,3504,8659,13517,9372,20359,11303,30434,14092,24924,8034,8509,12089,19389,10627,30137,293034,228281,13846,297,43582,0,0,49,22
2021-02-20T23:59:59+01:00,10,14,7148,6843,14045,21697,14390,31841,17293,46252,21047,37644,11586,11451,18548,27690,16447,40789,3554,3498,8649,13509,9362,20338,11289,30409,14079,24913,8029,8500,12024,19325,10573,30069,288776,227898,13649,296,42391,0,0,49,21
2021-02-19T23:59:59+01:00,8,13,6846,6591,13691,21258,14019,31172,16819,45454,20340,36774,10984,11050,17501,26359,15288,39179,3474,3475,8573,13482,9319,20281,11251,30318,14020,24819,7986,8439,11802,19053,10380,29738,282387,226191,13274,294,37765,0,0,46,20
2021-02-18T23:59:59+01:00,8,13,6449,6116,13064,20114,13379,29798,16003,43582,19467,35195,10753,10831,16909,25604,14711,38296,3288,3338,8238,12942,9025,19531,10900,29276,13651,23991,7781,8130,11215,18100,9883,28588,278810,217658,12692,294,28868,0,0,46,19
2021-02-17T23:59:59+01:00,8,12,6283,5773,12618,19233,12889,28608,15302,41860,18820,33868,10524,10579,16152,24790,13934,37106,3039,3178,7898,12426,8724,18740,10530,28231,13259,23141,7547,7895,10658,17247,9445,27770,274142,209507,11960,292,22329,0,0,46,19
2021-02-16T23:59:59+01:00,8,12,5957,5472,12079,18398,12385,27533,14757,40480,18227,32833,10370,10475,15483,23959,13425,36317,2856,3058,7596,11974,8419,18016,10134,27141,12794,22243,7277,7600,9939,16073,8717,26220,270606,199990,11464,136,16172,0,0,44,19
2021-02-15T23:59:59+01:00,8,12,5851,5291,11784,17754,12118,26750,14409,39486,17878,32063,10244,10365,14922,23303,13064,35778,2766,2977,7404,11652,8200,17509,9832,26296,12444,21559,6996,7314,9238,15015,8202,24938,267501,192322,10861,90,12790,0,0,44,18
2021-02-14T23:59:59+01:00,8,12,5581,5176,11534,17483,11894,26314,14175,39039,17687,31786,10199,10314,14688,22963,12899,35385,2716,2939,7290,11487,8071,17303,9656,25964,12265,21257,6900,7190,9017,14631,8014,24402,266497,189083,9925,88,10788,0,0,42,18
2021-02-13T23:59:59+01:00,8,12,5521,5138,11484,17447,11863,26283,14147,39007,17667,31767,10185,10286,14661,22931,12887,35367,2712,2936,7285,11480,8059,17281,9640,25928,12238,21214,6870,7156,8863,14418,7662,23776,266252,187578,9924,9,10559,0,0,41,17
2021-02-12T23:59:59+01:00,8,11,5004,4820,10913,17083,11545,25731,13828,38363,17337,31123,10074,10178,14477,22717,12807,35258,2662,2903,7191,11323,7958,17050,9490,25535,12021,20769,6688,6923,8501,13856,7070,22436,264555,182438,9913,7,6882,0,0,40,17
2021-02-11T23:59:59+01:00,8,10,4542,4519,10326,16403,11132,24925,13348,37099,16847,30264,9758,9915,14195,22268,12527,34572,2494,2629,6591,10130,7270,15313,8628,22920,10969,18687,6034,6207,7454,12235,6254,20115,261324,163990,8270,4,3139,0,0,36,16
2021-02-10T23:59:59+01:00,8,10,4296,4351,9991,15950,10822,24384,13036,36214,16431,29514,9544,9777,14014,22064,12435,34365,2133,2336,5653,8668,6463,13269,7637,20004,9842,16651,5487,5621,6467,10572,5478,18056,258673,144401,7771,3,837,0,0,34,4
2021-02-09T23:59:59+01:00,8,9,4232,4253,9868,15682,10712,23982,12863,35594,16219,29040,9365,9639,13819,21854,12293,34143,1737,1981,4872,7399,5690,11476,6718,17490,8754,14655,4908,4991,5417,9019,4747,15958,256225,125872,6993,1,432,0,0,33,4
2021-02-08T23:59:59+01:00,8,9,4198,4198,9774,15470,10604,23622,12744,35133,16078,28682,9273,9572,13617,21569,12184,33950,1572,1786,4314,6402,5028,9900,5896,14963,7731,12799,4348,4458,4428,7431,3984,13878,253852,108973,6479,1,426,0,0,33,4
2021-02-07T23:59:59+01:00,8,9,4033,4131,9618,15334,10502,23458,12665,34870,15966,28488,9232,9527,13471,21385,12110,33807,1357,1539,3894,5728,4612,9021,5471,13803,7245,11840,4092,4198,4198,7037,3824,13282,252754,101194,5933,1,0,0,0,30,3
2021-02-06T23:59:59+01:00,8,9,4024,4122,9607,15318,10489,23422,12643,34820,15949,28431,9212,9513,13453,21350,12005,33609,1205,1343,3661,5421,4426,8596,5251,13213,6965,11282,3955,4061,4072,6888,3545,12824,252409,96759,5648,1,0,0,0,30,2
2021-02-05T23:59:59+01:00,8,8,3951,4054,9535,15175,10422,23171,12558,34450,15834,28150,9128,9439,13380,21275,11655,33012,1064,1114,3380,4976,4166,8016,4934,12432,6579,10553,3694,3815,3909,6657,3039,11934,250521,90310,4755,0,0,0,0,30,2
2021-02-04T23:59:59+01:00,8,8,3893,3930,9414,14858,10245,22623,12370,33654,15618,27588,9005,9329,13154,20982,11540,32808,800,781,2556,3723,3231,6272,3981,9883,5253,8338,3012,3102,3290,5679,2651,10445,246570,73032,4530,0,0,0,0,28,2
2021-02-03T23:59:59+01:00,8,8,3824,3858,9311,14635,10141,22287,12238,33146,15468,27171,8896,9214,13012,20805,11466,32642,664,613,1928,2808,2497,4843,3008,7589,4019,6288,2199,2235,2403,4209,1924,7828,243845,55084,4358,0,0,0,0,28,2
2021-02-02T23:59:59+01:00,8,8,3757,3763,9211,14442,10042,21906,12096,32582,15266,26718,8771,9100,12889,20594,11384,32378,528,486,1458,2073,1908,3643,2261,5771,2998,4699,1556,1537,1640,2773,1338,5209,240630,39898,4356,0,0,0,0,28,2
2021-02-01T23:59:59+01:00,7,8,3717,3673,9132,14212,9936,21521,11957,31946,15081,26214,8651,8953,12781,20451,11333,32202,393,352,1015,1430,1258,2426,1474,3780,1862,2976,985,980,972,1694,769,3022,237492,25397,4356,0,0,0,0,26,2
2021-01-31T23:59:59+01:00,7,8,3699,3638,9078,14104,9867,21317,11891,31649,14977,26017,8595,8894,12730,20340,11288,32073,363,331,893,1240,1068,2053,1272,3228,1629,2609,887,888,868,1510,698,2716,236003,22260,4241,0,0,0,0,25,2
2021-01-30T23:59:59+01:00,7,8,3698,3635,9068,14091,9853,21294,11878,31629,14965,26003,8591,8889,12661,20271,11221,31996,346,307,833,1156,1011,1929,1208,3038,1554,2472,859,862,849,1470,683,2663,235682,21246,4148,0,0,0,0,25,2
2021-01-29T23:59:59+01:00,7,8,3638,3620,9007,14061,9824,21242,11846,31554,14917,25935,8567,8866,12474,20046,11041,31753,279,224,712,983,867,1569,1053,2648,1343,2147,769,770,800,1415,665,2610,234462,18858,4019,0,0,0,0,22,2
2021-01-28T23:59:59+01:00,7,8,3520,3534,8802,13675,9604,20729,11614,30974,14590,25437,8430,8765,12037,19425,10685,31172,132,57,293,360,378,612,461,1148,612,964,407,426,469,814,382,1580,229674,9098,3411,0,0,0,0,20,1
2021-01-27T23:59:59+01:00,7,8,3289,3399,8509,13259,9303,20105,11231,30139,14203,24702,8214,8554,11486,18618,10260,30409,80,33,202,222,244,416,306,801,433,662,309,312,349,607,287,1158,222966,6423,2800,0,0,0,0,20,1
2021-01-26T23:59:59+01:00,6,8,3123,3301,8227,12922,9040,19535,10926,29382,13806,24069,7978,8332,10908,17702,9612,29257,75,29,187,212,228,382,290,750,402,601,294,286,322,544,260,1028,216247,5892,1957,0,0,0,0,20,1
2021-01-25T23:59:59+01:00,6,8,3035,3207,7945,12441,8750,18829,10540,28380,13325,23305,7696,8131,10289,16885,9156,28356,67,21,167,191,194,326,251,630,350,496,257,241,268,467,211,840,209944,4979,410,0,0,0,0,18,1
2021-01-24T23:59:59+01:00,6,8,2991,3186,7860,12363,8676,18704,10431,28220,13196,23122,7653,8095,10224,16773,9108,28260,66,20,163,187,192,312,248,609,341,482,248,237,266,460,207,825,208638,4865,307,0,0,0,0,18,1
2021-01-23T23:59:59+01:00,6,8,2990,3185,7859,12360,8672,18694,10429,28206,13190,23117,7646,8092,10100,16607,8780,27673,65,20,163,187,191,311,246,609,339,482,248,237,266,460,207,823,207379,4856,305,0,0,0,0,17,1
2021-01-22T23:59:59+01:00,6,8,2928,3139,7735,12247,8589,18552,10319,28035,13109,23002,7616,8058,9902,16304,8262,26649,65,20,162,187,191,311,246,609,338,482,248,237,266,460,207,823,204227,4854,304,0,0,0,0,16,1
2021-01-21T23:59:59+01:00,6,8,2846,2969,7236,11333,8104,17405,9783,26408,12502,21786,7334,7733,9265,15357,7744,25599,59,18,147,173,174,280,221,533,301,442,222,210,235,380,177,691,193181,4265,304,0,0,0,0,16,1
2021-01-20T23:59:59+01:00,6,8,2487,2622,6355,9921,7357,15449,8829,23578,11391,19713,6732,7081,8168,13589,6929,23377,57,18,146,168,171,278,213,519,289,420,210,203,229,355,163,653,173350,4094,301,0,0,0,0,16,1
2021-01-19T23:59:59+01:00,6,8,2047,2267,5455,8533,6497,13558,7808,20792,10123,17479,5976,6200,6783,11403,5907,20324,41,11,97,124,115,172,150,356,190,292,133,115,141,237,114,486,150996,2774,220,0,0,0,0,16,1
2021-01-18T23:59:59+01:00,5,8,1774,1977,4699,7149,5542,11318,6609,17194,8694,14763,5092,5317,5397,9150,4834,16842,22,6,38,46,52,80,66,162,76,146,59,54,66,131,62,220,126314,1286,96,0,0,0,0,16,1
2021-01-17T23:59:59+01:00,4,8,1499,1687,4186,6354,5033,10186,6072,15624,8052,13498,4752,4967,5024,8476,4505,15833,8,2,8,15,15,29,20,51,29,56,23,23,20,31,13,47,115709,389,91,0,0,0,0,15,1
2021-01-16T23:59:59+01:00,4,7,1332,1484,3969,6033,4853,9746,5813,14959,7722,12805,4562,4739,4811,8200,4150,15229,0,0,0,1,1,3,1,1,2,2,0,1,1,0,0,1,110448,13,8,0,0,0,0,14,1
2021-01-15T23:59:59+01:00,4,7,1181,1258,3715,5611,4599,9181,5522,14118,7314,12006,4270,4445,4624,7892,3614,14183,0,0,0,0,0,0,0,0,1,0,0,0,0,0,0,0,103575,0,4,0,0,0,0,14,1
2021-01-14T23:59:59+01:00,3,4,907,945,2969,4422,3734,7364,4578,11372,5918,9658,3468,3576,3883,6663,3127,12365,0,0,0,0,0,0,0,0,1,0,0,0,0,0,0,0,84980,0,0,0,0,0,0,14,1
2021-01-13T23:59:59+01:00,3,3,772,791,2496,3690,3150,6140,3805,9430,4824,7780,2595,2663,2934,5080,2394,9459,0,0,0,0,0,0,0,0,1,0,0,0,0,0,0,0,68028,0,0,0,0,0,0,13,1
2021-01-12T23:59:59+01:00,2,3,640,660,2089,3026,2593,4988,3046,7591,3804,6112,1863,1842,2007,3445,1695,6461,0,0,0,0,0,0,0,0,1,0,0,0,0,0,0,0,51893,0,0,0,0,0,0,1,1
2021-01-11T23:59:59+01:00,1,1,496,524,1741,2449,2080,3986,2359,5768,2824,4431,1198,1140,1203,2023,934,3678,0,0,0,0,0,0,0,0,1,0,0,0,0,0,0,0,36857,0,0,0,0,0,0,1,1
2021-01-10T23:59:59+01:00,1,1,440,455,1480,2024,1740,3263,1950,4783,2348,3713,1056,1015,1058,1776,833,3225,0,0,0,0,0,0,0,0,1,0,0,0,0,0,0,0,31173,0,0,0,0,0,0,1,1
2021-01-09T23:59:59+01:00,1,1,408,410,1356,1847,1595,2973,1796,4334,2163,3382,981,944,999,1722,815,3182,0,0,0,0,0,0,0,0,1,0,0,0,0,0,0,0,28919,0,0,0,0,0,0,1,1
2021-01-08T23:59:59+01:00,1,1,311,281,1107,1503,1317,2304,1477,3554,1793,2765,847,836,911,1599,767,3027,0,0,0,0,0,0,0,0,1,0,0,0,0,0,0,0,24409,0,0,0,0,0,0,1,1
2021-01-07T23:59:59+01:00,1,0,146,76,398,507,481,789,596,1369,783,1206,467,483,562,963,466,1912,0,0,0,0,0,0,0,0,1,0,0,0,0,0,0,0,11208,0,0,0,0,0,0,0,1
2021-01-06T23:59:59+01:00,1,0,111,44,268,285,308,513,400,928,533,826,359,363,425,749,359,1445,0,0,0,0,0,0,0,0,1,0,0,0,0,0,0,0,7920,0,0,0,0,0,0,0,1
2021-01-05T23:59:59+01:00,1,0,87,31,189,230,241,427,321,818,450,704,343,347,408,716,352,1391,0,0,0,0,0,0,0,0,1,0,0,0,0,0,0,0,7059,0,0,0,0,0,0,0,1
2021-01-04T23:59:59+01:00,1,0,69,25,172,193,199,334,257,635,356,512,268,254,288,518,235,933,0,0,0,0,0,0,0,0,1,0,0,0,0,0,0,0,5251,0,0,0,0,0,0,0,1
2021-01-03T23:59:59+01:00,1,0,67,21,166,188,194,319,255,620,346,495,260,252,284,505,233,916,0,0,0,0,0,0,0,0,1,0,0,0,0,0,0,0,5124,0,0,0,0,0,0,0,1
2021-01-02T23:59:59+01:00,1,0,67,21,166,188,194,319,252,620,343,495,260,252,284,505,233,915,0,0,0,0,0,0,0,0,1,0,0,0,0,0,0,0,5117,0,0,0,0,0,0,0,1
2021-01-01T23:59:59+01:00,1,0,66,21,165,188,194,318,251,620,340,493,260,252,284,504,233,915,0,0,0,0,0,0,0,0,1,0,0,0,0,0,0,0,5107,0,0,0,0,0,0,0,1
2020-12-31T23:59:59+01:00,1,0,66,21,165,186,194,317,250,619,339,492,260,252,284,504,233,915,0,0,0,0,0,0,0,0,1,0,0,0,0,0,0,0,5100,0,0,0,0,0,0,0,1
2020-12-30T23:59:59+01:00,1,0,65,21,165,185,192,314,250,617,339,490,260,252,284,504,232,915,0,0,0,0,0,0,0,0,1,0,0,0,0,0,0,0,5088,0,0,0,0,0,0,0,1
2020-12-29T23:59:59+01:00,1,0,46,12,117,140,143,212,182,443,239,376,179,164,196,375,171,715,0,0,0,0,0,0,0,0,1,0,0,0,0,0,0,0,3712,0,0,0,0,0,0,0,1
2020-12-28T23:59:59+01:00,1,0,25,8,64,77,80,122,101,252,119,231,98,93,103,200,103,388,0,0,0,0,0,0,0,0,1,0,0,0,0,0,0,0,2066,0,0,0,0,0,0,0,1
2020-12-27T23:59:59+01:00,0,0,12,3,17,26,36,47,36,89,38,94,32,29,40,73,32,145,0,0,0,0,0,0,0,0,0,0,0,0,0,0,0,0,749,0,0,0,0,0,0,0,0
