Datum,<24_1_m,<24_1_w,25-34_1_m,25-34_1_w,35-44_1_m,35-44_1_w,45-54_1_m,45-54_1_w,55-64_1_m,55-64_1_w,65-74_1_m,65-74_1_w,75-84_1_m,75-84_1_w,>84_1_m,>84_1_w,<24_2_m,<24_2_w,25-34_2_m,25-34_2_w,35-44_2_m,35-44_2_w,45-54_2_m,45-54_2_w,55-64_2_m,55-64_2_w,65-74_2_m,65-74_2_w,75-84_2_m,75-84_2_w,>84_2_m,>84_2_w,bp_1,bp_2,mo_1,mo_2,az_1,az_2,ja
2021-06-22T23:59:59+02:00,165540,162492,263131,247192,299060,303697,402496,417507,449166,459951,314335,355209,221116,287454,57670,109548,53987,55898,101645,107840,116535,141324,171528,210692,256173,279162,230956,263478,193292,251470,52897,100073,3177555,1833752,451739,238239,791762,420211,94908
2021-06-21T23:59:59+02:00,161805,159167,259304,243941,294194,299188,399771,414976,447928,458767,313892,354744,220935,287202,57641,109471,52707,54618,99546,105920,114087,138899,165581,205241,250038,273119,225673,257650,190294,247958,52763,99807,3148673,1804642,449886,234176,791558,402034,93209
2021-06-20T23:59:59+02:00,160227,157611,256302,241444,292586,297700,398647,413890,447379,458211,313733,354525,220850,287097,57627,109419,51761,53835,97976,104713,112457,137446,163136,203226,246591,269679,223143,254605,189733,247213,52703,99708,3135921,1788538,448357,231872,791396,395701,91974
2021-06-19T23:59:59+02:00,157465,154996,253609,239185,290894,296175,396884,412371,446670,457584,313527,354296,220763,286973,57610,109394,51127,53098,96736,103500,111060,136031,161618,201815,243554,266775,222540,253876,189596,246988,52686,99663,3119936,1773169,445572,230314,791394,395446,91893
2021-06-18T23:59:59+02:00,153026,150704,250156,236144,287068,292984,394634,410367,445519,456559,313190,353948,220631,286758,57588,109350,50301,52069,95154,101767,108731,133243,157968,197727,237128,259886,221122,252216,189191,246455,52633,99563,3094673,1744685,441276,229815,791376,389113,91700
2021-06-17T23:59:59+02:00,148767,146924,244422,231792,282147,288809,390138,406602,443588,454976,312679,353311,220420,286444,57538,109251,47846,49969,91197,98333,103911,128523,149961,189904,226126,248654,216531,247001,187810,244598,52433,99242,3060870,1690188,438381,225752,791156,378458,87800
2021-06-16T23:59:59+02:00,144981,143006,239517,227566,277627,284676,385183,402344,441347,453079,312045,352604,220168,286076,57479,109153,45766,48127,87639,95399,99492,124603,140992,181958,214721,237134,211123,240727,186174,242618,52237,98838,3028343,1631611,432948,220230,790710,370617,85249
2021-06-15T23:59:59+02:00,139210,137433,233730,222557,272506,279887,380170,397848,438887,450912,311293,351732,219867,285599,57413,109008,43919,46273,84328,92393,95504,120595,133007,174774,202970,225411,206005,234945,184480,240520,51991,98369,2984612,1575359,431053,214574,790175,363100,82609
2021-06-14T23:59:59+02:00,134492,132619,228476,217652,267357,275115,374836,393138,436166,448605,310602,350968,219585,285248,57362,108906,42834,45234,82066,90379,92870,118116,128330,170590,196950,219213,203269,231885,183502,239209,51819,98045,2942948,1546295,428731,212404,789922,355849,79920
2021-06-13T23:59:59+02:00,132740,131002,226009,215531,264944,272940,372588,391167,435176,447766,310352,350694,219471,285088,57337,108842,41849,44365,80202,88725,90932,116336,125331,167843,192897,215075,200851,229259,182599,237986,51636,97702,2928198,1532603,426313,205377,789603,347839,77926
2021-06-12T23:59:59+02:00,129763,127933,224204,213895,263611,271709,371163,389779,434354,447050,310109,350433,219389,284990,57324,108821,41427,43885,79188,87622,89675,115068,123752,166285,189426,211852,199893,228208,181313,236440,51628,97680,2912192,1519667,425343,205371,789574,340649,77811
2021-06-11T23:59:59+02:00,126827,125056,221319,211294,260038,268614,367988,387026,432879,445754,309733,350016,219272,284811,57298,108774,40638,42511,77182,84359,87486,111577,119040,160596,183325,204997,198095,226175,180795,235769,51581,97597,2887988,1492550,422576,204704,789388,327483,77140
2021-06-10T23:59:59+02:00,121284,120046,215401,206576,253115,262945,361898,381729,429003,442421,308992,349170,218990,284398,57228,108644,38779,40682,73097,80169,82597,105999,111978,151927,171371,191841,192647,220007,179299,233898,51380,97261,2844971,1446116,415593,203002,788546,300846,73122
2021-06-09T23:59:59+02:00,116788,115828,209682,201918,246552,257384,355117,375710,425999,439941,308434,348487,218749,284050,57172,108538,37065,39229,69855,77516,78956,102820,107126,147546,159983,180649,182963,208995,177716,231945,51158,96841,2806645,1393135,407524,199126,788038,289726,68530
2021-06-08T23:59:59+02:00,111580,110679,203080,196431,239807,251511,346534,368164,421801,436049,307717,347579,218415,283622,57104,108422,35809,38192,67214,75274,75777,100092,102378,143504,152315,172914,174863,199960,176185,230019,50971,96534,2755472,1354705,401818,194254,787462,279068,64127
2021-06-07T23:59:59+02:00,107749,107050,196871,191649,233508,246490,338764,362056,419325,434007,307244,347005,218222,283325,57059,108341,34792,37219,64687,73309,72859,97966,98413,140411,144162,164814,171458,196017,174937,228422,50803,96212,2716997,1328014,395746,191045,786893,268166,59409
2021-06-06T23:59:59+02:00,105891,105500,193595,189121,230235,243804,334608,358728,418148,433116,306996,346755,218126,283177,57040,108300,34093,36535,62860,71634,70800,95977,95115,137256,138433,158910,169406,193877,173939,227145,50620,95889,2701845,1316389,388535,181533,786387,257966,56752
2021-06-05T23:59:59+02:00,103537,103063,188673,184794,227978,241826,332890,357119,417205,432220,306720,346449,217995,283022,57030,108273,33556,35699,61684,69731,69432,93924,93403,135058,133356,153235,166965,190845,173546,226589,50590,95839,2678571,1293030,388419,181068,785778,253099,56405
2021-06-04T23:59:59+02:00,100780,100192,185011,181181,223908,237754,329403,353667,415194,430352,306325,345976,217827,282818,56999,108221,32997,34904,60577,68089,68176,91805,91564,132486,129809,149293,163085,186500,172715,225532,50552,95763,2649621,1274538,384645,180304,785657,243092,56063
2021-06-03T23:59:59+02:00,97044,96717,179323,176514,216624,231637,321257,346629,408632,424364,305464,344990,217500,282417,56958,108111,31950,33702,58694,65969,65820,89014,87473,128105,123285,142594,157148,179418,171465,223870,50459,95559,2601351,1245740,374710,175140,785230,230524,53267
2021-06-02T23:59:59+02:00,94592,94182,175352,172927,213168,228619,317676,343336,406920,422810,305104,344595,217372,282233,56934,108069,31447,33146,57502,64895,64323,87760,85293,125960,118047,137406,149856,171109,170859,223058,50394,95408,2573210,1213958,373339,173184,785198,226949,52516
2021-06-01T23:59:59+02:00,89601,89748,167043,166365,204024,221016,308601,335495,399474,415611,303787,343180,216903,281569,56836,107877,29618,31489,53084,61985,59612,84509,79697,121309,110708,129985,139204,158258,169177,220809,50223,95045,2515336,1164611,361880,169125,784449,215282,45835
2021-05-31T23:59:59+02:00,86373,86877,161379,162063,196663,214975,301291,329176,394376,411135,302920,342175,216556,281106,56760,107740,28515,30263,50407,59819,56553,81993,76065,117959,106334,125520,135280,153645,168082,219365,50075,94773,2475220,1142615,352691,166908,783827,205070,40196
2021-05-30T23:59:59+02:00,85128,85665,158913,160034,194081,212620,298521,326680,392771,409618,302586,341800,216417,280894,56726,107670,27808,29333,48817,58173,54859,80137,73791,115364,103783,122754,133287,151296,167402,218549,50000,94595,2459553,1133013,350211,165612,783221,193955,37507
2021-05-29T23:59:59+02:00,84437,84999,157296,158520,191795,210640,296816,325188,391976,408868,302408,341594,216342,280832,56720,107653,27429,28672,47834,56688,53534,78211,71797,112426,101446,119983,130710,148108,166824,217764,49978,94548,2445749,1119567,350075,165551,783139,183485,37487
2021-05-28T23:59:59+02:00,83173,83701,154819,156211,188157,207064,293702,322226,390273,407209,302080,341170,216210,280636,56702,107608,26802,27464,46144,54600,51796,75568,69669,108398,97144,114291,126527,143229,165995,216673,49942,94449,2422244,1097242,349039,165339,782904,169125,37120
2021-05-27T23:59:59+02:00,79259,80235,148273,151240,180182,200963,287364,317102,384324,401756,301053,339983,215812,280146,56645,107452,25240,25508,42819,51550,48006,71773,64967,102105,90911,107021,122972,138971,163429,213291,49796,94170,2378103,1069191,341485,162626,781127,149408,31435
2021-05-26T23:59:59+02:00,76702,77764,143224,147046,174021,195843,280706,311482,377879,395281,299877,338689,215386,279523,56562,107271,24367,24431,40941,49376,45668,68978,61819,98191,86308,101982,118243,133368,159923,208366,49624,93812,2341148,1037682,328389,161075,779344,138037,28732
2021-05-25T23:59:59+02:00,74321,75491,139044,143538,168880,191518,273467,305018,372958,390317,298837,337507,215032,278933,56493,107128,23694,23650,39511,47831,43850,66933,59256,95103,82044,97429,113604,127938,154742,201559,49484,93564,2303952,1006592,320935,157686,776833,128927,27116
2021-05-24T23:59:59+02:00,72852,74135,136299,141431,165197,188799,266514,298867,368712,386245,298150,336716,214777,278577,56435,107022,23292,23165,38462,46737,42512,65450,57541,93047,79832,94990,112357,126423,154220,200872,49394,93388,2280455,997473,309958,156411,775078,122338,25589
2021-05-23T23:59:59+02:00,72280,73546,135160,140541,164054,187803,265225,297778,367165,384849,297619,336123,214639,278397,56416,106990,23025,22948,37918,46181,41741,64748,56338,92031,78462,93674,111121,124973,153452,199892,49338,93263,2269045,989479,309398,153518,775028,120771,25466
2021-05-22T23:59:59+02:00,71489,72848,133642,139471,161595,186096,262269,295487,364940,382820,297144,335566,214493,278166,56392,106948,22649,22455,37318,45620,41094,64233,55697,91254,77743,92586,109214,122757,153091,199411,49319,93216,2251337,982872,309381,153517,774984,117383,24013
2021-05-21T23:59:59+02:00,69976,71188,130729,136883,158291,182777,256854,290569,359407,377532,296393,334673,214223,277803,56343,106856,22234,22014,36721,44864,40448,63170,54664,89777,75981,90286,105946,118706,152248,198334,49242,93073,2215935,970047,307759,153197,773413,110857,23735
2021-05-20T23:59:59+02:00,66500,68027,124940,131973,151026,176318,246514,281657,351128,369821,294238,332336,213560,276915,56237,106669,20752,20858,34537,42662,38076,60214,51668,85865,72067,85903,102142,114365,150007,195573,49096,92780,2158672,951130,301192,151283,767474,93418,20860
2021-05-19T23:59:59+02:00,63924,65498,119825,127147,143214,169357,236634,272673,340642,358933,292275,330147,212917,276001,56110,106431,20077,19917,33314,41104,36661,58110,49549,82980,68757,82292,98434,110084,146623,191116,48881,92365,2093490,928016,294988,149339,764542,83992,19040
2021-05-18T23:59:59+02:00,61499,63236,114936,122804,136496,163482,225138,262314,331319,349582,290014,327580,212146,274939,55982,106228,19470,19178,32110,39653,35321,56294,47648,80503,65662,78898,94702,105790,143671,187357,48707,91984,2034206,908026,285740,146506,761000,75462,17077
2021-05-17T23:59:59+02:00,60253,62071,112578,120738,133644,160707,218427,256122,324108,342844,288459,325842,211638,274197,55900,106059,18951,18619,31078,38631,34170,55012,46112,78667,63374,76421,89874,99933,142506,185805,48576,91721,2007655,896555,273600,139090,757627,68894,15033
2021-05-16T23:59:59+02:00,59356,61291,111138,119424,131887,159018,215309,253353,316860,336014,287633,324876,211362,273765,55854,105979,18602,18189,30342,37849,33312,54095,45003,77323,62078,74959,86434,95848,141903,184961,48508,91602,1992470,890576,263248,132377,754432,64880,13295
2021-05-15T23:59:59+02:00,58753,60599,110144,118453,130866,157859,213173,251267,313553,333040,287088,324265,211191,273517,55840,105923,18444,18004,30083,37542,33034,53655,44501,76648,61259,74027,85789,94996,141486,184393,48479,91566,1976453,885422,263233,132233,753570,63772,12599
2021-05-14T23:59:59+02:00,57302,58978,107818,116323,127190,154280,204615,243934,307949,327763,286287,323290,210939,273128,55798,105846,17872,17521,29303,36708,32281,52429,43373,74790,59664,72113,84005,92561,140968,183586,48449,91494,1939566,875908,261574,131380,749056,58381,11567
2021-05-13T23:59:59+02:00,55053,56712,103987,113125,122396,150104,194120,234917,297921,318341,283801,320399,210250,272139,55719,105673,16894,17005,28501,36025,31525,51517,42432,73715,58085,70415,79811,87707,138865,180797,48358,91306,1888444,863523,253079,124408,742885,54577,10567
2021-05-12T23:59:59+02:00,53980,55863,102058,111725,120341,148449,191583,232792,292979,312697,283087,319642,210036,271856,55688,105599,16692,16838,28192,35807,31142,51227,41987,73341,57511,69802,78476,86047,138204,179837,48283,91163,1865586,857942,250932,122643,742404,54310,9770
2021-05-11T23:59:59+02:00,51429,54164,97904,108528,114520,143631,177577,221042,282107,302399,280246,316298,209229,270634,55567,105348,16178,16134,27181,34376,30032,49433,40664,71004,55722,67560,75480,82510,137036,178243,48160,90849,1807330,845847,241299,119987,733990,46526,8318
2021-05-10T23:59:59+02:00,49972,53031,95250,106474,111285,140999,168686,213608,274846,295688,278372,314163,208724,269851,55464,105145,15777,15588,26424,33403,29256,48159,39636,69057,54447,65865,73454,79987,136041,176911,48057,90608,1772087,837086,235297,118952,727119,39383,7365
2021-05-09T23:59:59+02:00,48642,52093,92589,104759,108614,139238,163490,210011,269550,290851,277428,313074,208388,269378,55410,105015,15401,15314,25745,32745,28540,47339,38860,68092,53430,64909,72299,78596,135533,176194,48012,90499,1752998,832579,228252,117991,721206,34670,6383
2021-05-08T23:59:59+02:00,48288,51735,91713,104031,107557,138372,161959,208743,267172,288898,276993,312610,208281,269211,55397,104989,15284,15244,25622,32654,28392,47217,38666,67882,53021,64553,71287,77561,134632,175026,47973,90420,1741148,828026,227748,117253,720988,33896,6374
2021-05-07T23:59:59+02:00,47233,50909,89726,102690,104661,136065,156917,204647,261573,283799,275864,311253,207990,268796,55349,104887,14452,14673,24822,31934,27658,46135,37764,66586,51769,62976,68887,74712,132780,172628,47898,90279,1715780,818487,224569,115022,716890,27133,5426
2021-05-06T23:59:59+02:00,44256,48915,84828,99136,98597,131245,145342,195009,246442,270075,271527,306345,206907,267333,55201,104628,13672,14058,23906,30839,26664,44722,36349,64565,49979,60949,66328,71464,131004,170312,47805,90080,1650641,807533,214723,111947,706203,18814,4517
2021-05-05T23:59:59+02:00,42111,47522,81075,96511,93926,127468,136479,187584,232333,256316,266228,300081,205555,265619,55004,104184,13394,13711,23379,30126,26053,43768,35400,63121,48792,59492,63517,68110,128490,167104,47723,89875,1584866,795442,209691,108415,700286,14866,3447
2021-05-04T23:59:59+02:00,40790,46212,78298,94194,90358,124357,130409,182312,221575,245704,261661,294617,204323,264036,54832,103784,13201,13467,22983,29577,25588,43002,34659,61987,47608,58134,60678,64787,126457,164576,47607,89680,1536057,783750,204604,105807,694293,11750,2798
2021-05-03T23:59:59+02:00,39766,44994,75922,92334,87472,121990,125589,178348,215102,239677,258837,291264,203642,263087,54734,103526,12924,13149,22586,29010,25105,42277,33972,61001,46507,56930,57494,60827,123260,160473,47400,89314,1504488,768059,201503,104114,689419,9006,1162
2021-05-02T23:59:59+02:00,39350,44587,74700,91449,85990,120883,122956,176319,212226,237284,258046,290325,203397,262718,54673,103430,12842,13071,22397,28793,24877,41975,33633,60598,46018,56393,55724,58786,120890,157516,47326,89206,1493967,763120,198739,98607,685608,8126,304
2021-05-01T23:59:59+02:00,38973,44165,73911,90626,84899,119838,121459,174902,209189,234279,257464,289616,203220,262465,54664,103401,12824,13055,22345,28763,24820,41936,33565,60542,45936,56309,55472,58472,120756,157356,47317,89191,1478973,761821,198738,98569,685344,8081,300
2021-04-30T23:59:59+02:00,38324,43450,72688,89379,83403,118113,116988,170814,202345,227449,255812,287636,202827,261943,54614,103309,12460,12839,22016,28481,24543,41503,33245,59959,45448,55694,54492,57194,119942,156338,47274,89093,1446299,758175,198415,96595,684557,5758,105
2021-04-29T23:59:59+02:00,36591,42338,69701,87338,79803,115473,111413,166332,188982,214967,249177,279984,201865,260559,54507,103012,12120,12586,21540,28035,24126,40987,32641,59209,44613,54727,52524,54820,118362,154418,47190,88925,1391821,749439,191144,93942,679270,3468,86
2021-04-28T23:59:59+02:00,35210,41638,67822,85998,77292,113620,107847,163327,178674,204925,239285,268432,200769,259118,54348,102743,11917,12396,21235,27684,23775,40511,32208,58536,43825,53850,50209,51953,116112,151595,47090,88741,1339482,740011,187818,89430,673964,2246,61
2021-04-27T23:59:59+02:00,34316,40824,66225,84514,75316,111827,104966,160838,173845,199905,231124,259006,199849,257777,54247,102556,11778,12263,20949,27399,23551,40177,31822,58025,43102,53085,47973,49152,113803,148566,46996,88580,1305738,730288,185534,85448,666078,1536,60
2021-04-26T23:59:59+02:00,33796,40366,65117,83635,73810,110650,102471,158985,164834,191290,227665,254971,199287,256954,54174,102382,11672,12161,20739,27222,23316,39958,31510,57681,42430,52421,46014,46782,112195,146441,46917,88457,1277072,722430,184102,82380,659428,1158,58
2021-04-25T23:59:59+02:00,33492,40085,64317,83117,72730,109901,100665,157729,158242,184902,224838,251722,198766,256283,54120,102276,11609,12119,20665,27154,23229,39871,31401,57558,42263,52250,45538,46206,111601,145633,46894,88396,1264484,720786,177978,80623,650936,1031,57
2021-04-24T23:59:59+02:00,33071,39558,63361,81890,71544,108437,99043,156032,152940,179293,222613,248990,198383,255719,54089,102234,11595,12101,20621,27110,23179,39807,31313,57471,42109,52093,45286,45891,111384,145376,46877,88370,1239775,719717,177955,79931,649679,989,56
2021-04-23T23:59:59+02:00,32189,38816,61775,80353,69775,106369,96279,153318,147969,174544,218601,244035,197801,254872,54042,102134,11541,12037,20503,27025,23042,39649,31074,57260,41741,51742,44609,45068,110400,144162,46753,88154,1215076,716407,176784,77471,641222,938,54
2021-04-22T23:59:59+02:00,31455,38096,60188,78874,67262,104087,91603,149425,139921,166679,210147,233717,196110,252673,53872,101800,11392,11902,20256,26736,22683,39217,30544,56742,40959,51085,43364,43642,108541,141824,46581,87842,1173790,709015,169374,73538,632951,813,54
2021-04-21T23:59:59+02:00,30881,37504,58805,77713,65340,102451,88401,146609,132150,159059,197791,219145,194342,250275,53680,101433,11253,11800,20022,26492,22401,38891,30180,56294,40411,50557,42422,42516,106476,139155,46387,87506,1122637,702569,166507,69496,626638,754,54
2021-04-20T23:59:59+02:00,30371,36946,57616,76560,63647,100818,85695,143914,126607,153377,186767,206137,192335,247689,53485,101067,11142,11704,19796,26295,22114,38616,29757,55865,39882,50046,41536,41433,104329,136307,46129,87066,1080249,695138,163038,66259,619946,677,53
2021-04-19T23:59:59+02:00,29950,36529,56629,75731,62337,99611,83446,141860,122876,149726,181295,199525,190889,245801,53332,100788,11008,11597,19584,26077,21866,38341,29429,55460,39381,49522,40650,40407,101328,132424,45811,86481,1055871,684904,161218,63878,613438,642,52
2021-04-18T23:59:59+02:00,29590,36225,55834,75167,61181,98634,81437,140364,119374,147097,176507,194272,190039,244734,53245,100625,10923,11509,19392,25906,21693,38175,29216,55180,39132,49284,40269,39957,100146,130911,45669,86249,1042001,681083,159555,61956,602968,630,52
2021-04-17T23:59:59+02:00,29462,36127,55424,74955,60681,98276,80753,139732,118295,146050,172506,189646,189588,244147,53219,100569,10866,11432,19258,25716,21496,37949,28979,54887,38876,49038,39958,39601,99421,130031,45621,86183,1031164,677113,159528,61643,598937,614,52
2021-04-16T23:59:59+02:00,29023,35820,54410,74328,59403,97372,79029,138319,113866,141543,165185,181138,188207,242302,53130,100397,10631,11222,18857,25301,20923,37369,27798,53928,36779,47396,36687,36660,96518,126753,45300,85645,1005413,662393,158748,54854,589509,577,52
2021-04-15T23:59:59+02:00,28466,35285,53109,73123,57386,95587,75585,135298,108020,135778,157527,172298,184227,237205,52889,99874,10436,11026,18480,24859,20429,36730,27073,53096,35362,46136,34514,34540,93586,123154,44900,84954,973357,649499,156699,49308,571795,525,52
2021-04-14T23:59:59+02:00,28051,34884,52152,72163,55980,94146,73092,133021,103598,131548,148368,161808,177250,228214,52614,99320,9975,10713,18025,24352,19895,36090,26093,52170,34097,45016,32309,32207,90833,119709,44511,84252,935676,634773,154035,45104,556691,428,51
2021-04-13T23:59:59+02:00,27771,34624,51430,71600,55048,93313,71323,131507,99156,127349,136807,148770,171634,220814,52337,98830,9708,10508,17680,23933,19472,35558,25396,51360,33030,43998,30892,30793,88800,117449,44240,83803,902558,625641,149535,40730,540413,307,51
2021-04-12T23:59:59+02:00,27520,34391,50842,71075,54179,92569,69768,130131,96199,124624,129521,140499,169186,217739,52111,98407,9446,10288,17325,23640,19109,35106,24910,50831,32321,43357,29321,29199,87240,115580,43981,83376,886237,617298,148005,37492,524710,296,51
2021-04-11T23:59:59+02:00,27299,34206,50320,70656,53445,92099,68564,129273,94098,122860,123213,133585,166534,214490,51979,98157,9293,10135,17017,23355,18806,34798,24529,50435,31899,42988,28641,28493,86269,114380,43811,83105,878836,612050,143613,35675,508521,284,50
2021-04-10T23:59:59+02:00,27219,34137,50164,70529,53236,91944,68229,128991,93515,122327,120709,130547,165640,213286,51944,98067,8620,9454,16119,22592,17865,33939,23365,49378,30854,42046,27960,27761,84242,111815,43584,82722,871886,596793,142765,35297,506025,280,49
2021-04-09T23:59:59+02:00,26926,33847,49684,70046,52575,91245,67159,127792,91445,120067,111626,119218,162974,209790,51781,97782,7530,8447,14586,21230,16117,32376,21131,47364,28809,40128,26112,25895,80872,107711,43153,82039,852584,569494,135747,33793,495820,267,45
2021-04-08T23:59:59+02:00,26600,33571,49083,69536,51827,90533,65764,126660,88787,117515,101069,106906,158179,203832,51519,97300,6780,7781,13397,20189,14843,31015,19422,45602,26283,37763,23108,22852,76293,102040,42258,80599,834038,538180,126897,31858,477944,242,41
2021-04-07T23:59:59+02:00,26228,33304,48272,69088,50905,89914,64235,125580,85212,114586,91794,96347,152050,196064,51275,96818,6358,7408,12714,19496,14011,30189,18354,44493,24273,35764,20560,20314,72437,97305,41463,79275,813775,514867,121329,29394,456767,209,37
2021-04-06T23:59:59+02:00,25972,33115,47764,68707,50327,89379,63105,124753,82839,112493,83520,86872,146660,189246,51004,96280,6141,7228,12352,19145,13672,29742,17785,43909,23387,34977,19431,19217,69233,93123,40738,78159,794589,501621,118132,26479,439513,197,35
2021-04-05T23:59:59+02:00,25852,32970,47452,68353,49939,88971,62516,124033,81476,111158,78519,81147,142473,184031,50836,96024,5987,7067,12075,18891,13387,29428,17457,43532,22946,34522,18943,18704,66253,89415,40233,77350,785214,492367,116390,23690,424342,192,33
2021-04-04T23:59:59+02:00,25802,32901,47322,68075,49760,88649,62243,123515,80909,110500,77075,79388,141870,183191,50808,95957,5984,7057,12061,18883,13376,29412,17441,43511,22808,34431,18556,18354,64776,87520,40099,77147,782697,487605,116291,23689,419176,184,30
2021-04-03T23:59:59+02:00,25729,32814,47199,67961,49598,88471,61888,123170,80354,109897,75603,77622,140922,181854,50740,95834,5976,7048,12045,18867,13353,29389,17402,43466,22703,34348,18412,18207,64417,86945,40036,77036,776363,485840,116252,23689,417241,184,29
2021-04-02T23:59:59+02:00,25643,32721,47037,67798,49363,88207,61380,122695,79457,109030,73863,75464,138904,179208,50586,95548,5953,7008,12001,18826,13298,29308,17305,43284,22424,33885,18034,17850,61964,83910,39402,76142,767299,477421,114483,23052,415322,184,28
2021-04-01T23:59:59+02:00,25407,32456,46612,67290,48713,87444,60492,121738,77530,107334,69875,71099,135654,175042,50340,95094,5777,6822,11747,18587,13073,29084,16975,42966,21912,33432,17175,17058,56965,77577,38060,74131,755702,459549,108429,21688,408189,169,25
2021-03-31T23:59:59+02:00,25049,32191,46195,66769,48231,86799,59740,120733,76349,106093,67528,68372,131280,169378,50009,94490,5691,6765,11643,18462,12925,28938,16713,42664,21286,32906,15993,16133,51658,70913,36968,72554,745999,441365,101304,20747,402104,166,24
2021-03-30T23:59:59+02:00,24857,31922,45781,66139,47732,85989,59000,119641,75196,104726,65404,66037,127226,163960,49637,93733,5617,6670,11538,18336,12725,28750,16368,42323,20702,32339,15120,15309,48816,67344,36079,71036,735871,429608,97095,19395,394217,137,20
2021-03-29T23:59:59+02:00,24624,31633,45316,65590,47250,85279,58240,118518,73918,103277,62371,62475,121106,156119,49018,92576,5508,6593,11436,18229,12563,28579,16113,41981,20226,31867,14461,14755,46068,64104,35221,69557,715478,418484,93686,18723,388349,121,20
2021-03-28T23:59:59+02:00,24377,31284,44815,64904,46741,84537,57542,117505,72973,102166,60435,60261,117108,150927,48658,91949,5445,6523,11279,18078,12302,28266,15939,41753,20051,31631,14217,14519,44938,62597,34967,69151,708981,414228,86402,17399,381002,96,20
2021-03-27T23:59:59+01:00,24238,31091,44526,64536,46361,83992,57029,116810,72242,101417,59330,59172,115722,149326,48609,91887,5432,6511,11249,18057,12283,28236,15532,41262,19682,31240,13936,14322,44346,61721,34618,68541,703763,410199,85706,16747,377021,89,20
2021-03-26T23:59:59+01:00,23942,30417,43684,62859,45403,81914,55633,113617,70226,98071,57182,57182,113231,146300,48354,91469,5410,6473,11223,18007,12211,28141,15449,41148,19314,30599,13457,13705,40827,57262,33099,65990,692450,395777,82410,16530,364823,75,20
2021-03-25T23:59:59+01:00,23461,29579,42766,61061,44302,79301,54035,109980,67850,94506,54463,54449,110159,142527,47903,90657,5359,6412,11128,17899,12090,28003,15266,40916,19021,30287,12951,13182,36387,51353,30817,62466,681074,377594,78224,15938,347899,71,19
2021-03-24T23:59:59+01:00,22986,29029,41998,59781,43296,77761,52558,107995,65771,92229,51539,51387,106184,137654,47384,89756,5297,6339,11031,17755,11919,27799,15023,40606,18654,29886,12490,12715,33274,47328,28318,58518,668341,362115,73368,14840,335799,67,15
2021-03-23T23:59:59+01:00,22704,28644,41405,58871,42589,76653,51472,106433,64099,90383,49194,48916,103541,134654,46952,89046,5230,6261,10932,17622,11770,27617,14763,40286,18238,29483,11974,12231,30329,43436,25258,53496,660292,344681,70034,14252,325429,63,14
2021-03-22T23:59:59+01:00,22419,28159,40783,57987,41923,75610,50478,104998,62611,88765,47311,46994,101279,132007,46582,88397,5157,6204,10857,17494,11635,27449,14599,40048,17994,29165,11670,11864,27955,40325,21925,47983,654051,328629,67233,13703,315217,62,14
2021-03-21T23:59:59+01:00,22253,27827,40278,57232,41385,74752,49813,103831,61658,87578,46223,45926,99717,130219,46279,87900,5142,6195,10821,17444,11587,27361,14541,39956,17909,29062,11546,11740,27494,39822,21624,47497,651490,326463,65211,13291,306365,57,13
2021-03-20T23:59:59+01:00,22182,27643,40067,56715,41141,74221,49494,103163,61206,87001,45499,45103,97211,127051,46034,87471,5133,6188,10810,17433,11560,27344,14496,39916,17815,28978,11386,11577,26771,38955,20971,46525,645057,322769,64766,13102,301572,57,13
2021-03-19T23:59:59+01:00,21757,26908,38894,54629,39861,72214,47651,101002,58226,84202,40994,41175,92314,121503,45479,86582,5110,6174,10778,17373,11496,27237,14406,39736,17559,28671,11044,11309,24809,36523,19621,44384,627371,313510,57582,12740,288627,49,13
2021-03-18T23:59:59+01:00,21293,26074,37643,52463,38318,69280,45365,96310,54346,78697,36948,37323,87777,116186,44609,85203,5084,6136,10710,17271,11415,27081,14254,39540,17340,28483,10803,11122,23299,34595,18217,42239,610517,305484,51852,12130,265649,43,13
2021-03-17T23:59:59+01:00,20814,25655,36919,51536,37541,68322,44235,94865,52522,76899,34113,34339,83968,111506,43825,83974,5054,6106,10649,17175,11346,26942,14134,39350,17123,28291,10581,10901,21822,32865,16891,40192,593927,298023,47465,11425,259821,40,13
2021-03-16T23:59:59+01:00,20404,25154,36147,50460,36741,67101,43048,93166,50670,74942,31875,32218,80061,106642,43107,82880,4996,6048,10577,17045,11255,26784,14037,39109,16978,28063,10412,10720,20322,31059,15662,38200,580769,290305,42785,10991,251240,38,11
2021-03-15T23:59:59+01:00,20078,24703,35420,49481,35955,65862,42107,91671,49389,73372,30120,30316,76824,102588,42565,81934,4972,6004,10513,16920,11182,26580,13917,38815,16828,27797,10244,10562,19406,29859,14625,36606,569680,284531,39474,10343,243417,34,0
2021-03-14T23:59:59+01:00,19757,24165,34516,48263,35088,64536,41003,89773,48191,71747,28922,29066,74864,100059,42216,81379,4946,5981,10462,16838,11125,26429,13860,38588,16737,27655,10169,10476,19222,29556,14379,36079,562585,283347,37605,9209,233538,24,0
2021-03-13T23:59:59+01:00,18828,22984,33021,46322,33557,62460,38896,86684,46168,69441,27645,27747,72876,97466,42038,81104,4946,5981,10460,16833,11120,26422,13855,38582,16733,27647,10122,10435,18350,28479,13478,34830,546265,279119,37320,9208,223825,22,0
2021-03-12T23:59:59+01:00,17535,21368,30496,43648,30940,59225,35909,81620,43052,65275,24840,24604,68600,92146,41302,80005,4934,5945,10441,16772,11101,26367,13808,38461,16634,27493,9853,10234,17305,27020,12591,33547,518308,273363,36010,9197,206415,19,0
2021-03-11T23:59:59+01:00,16302,19610,28220,41010,28652,55943,33195,77087,39297,60539,21451,21101,62581,84726,39774,77703,4887,5901,10364,16655,10989,26126,13684,38144,16460,27214,9556,10015,16630,26115,11995,32370,486375,269397,34422,7765,186551,16,0
2021-03-10T23:59:59+01:00,15616,18750,26733,39393,27052,54103,31584,74657,36674,57458,18758,18581,56606,77383,38568,75847,4844,5841,10265,16482,10875,25864,13528,37717,16254,26877,9328,9831,15805,25229,11443,31475,460038,264688,32386,7029,175494,13,0
2021-03-09T23:59:59+01:00,15277,18179,25520,38362,25711,52885,30497,72949,35294,55697,17587,17493,53024,72789,37665,74338,4813,5803,10182,16305,10765,25606,13364,37395,16097,26659,9200,9726,15080,24310,11029,30805,446505,261002,29869,6196,167038,12,0
2021-03-08T23:59:59+01:00,14883,17476,24353,37276,24507,51718,29544,71418,34068,54143,16507,16641,48775,67524,36695,72728,4796,5748,10115,16104,10660,25349,13223,37034,15979,26426,9129,9637,14527,23653,10779,30433,431080,257854,27865,5806,159453,3,0
2021-03-07T23:59:59+01:00,14616,17112,23735,36430,23791,50820,28962,70538,33503,53469,16250,16400,47636,65979,36430,72295,4782,5733,10096,16063,10632,25261,13190,36862,15923,26334,9109,9603,14312,23371,10667,30267,426353,256807,26055,5468,155698,0,0
2021-03-06T23:59:59+01:00,14480,16745,23303,35716,23266,49992,27852,68907,32437,51816,15943,16163,46919,64961,36222,71972,4778,5713,10084,16042,10616,25227,13180,36820,15905,26302,9089,9566,14265,23330,10569,30063,422305,256432,25991,5187,148536,0,0
2021-03-05T23:59:59+01:00,14006,16024,22610,34552,22600,48716,27065,67230,31210,49468,15320,15407,43001,60019,34611,69233,4748,5652,10014,15944,10562,25078,13113,36624,15821,26099,8994,9510,14074,23109,10222,29478,407142,254760,24544,4352,139517,0,0
2021-03-04T23:59:59+01:00,13147,14837,21401,32842,21414,46635,25650,64457,29575,47372,14606,14691,38371,53913,32270,65598,4695,5547,9903,15646,10463,24712,12981,36099,15676,25743,8836,9375,13912,22893,10152,29348,388753,251789,22475,4260,125680,0,0
2021-03-03T23:59:59+01:00,12786,14247,20698,31627,20642,45242,24717,62691,28592,45863,14139,14220,35225,49784,29788,61700,4651,5471,9820,15467,10383,24459,12870,35663,15484,25431,8683,9256,13778,22667,10022,29100,373355,249175,21686,4098,117045,0,0
2021-03-02T23:59:59+01:00,12477,13732,20043,30665,19929,44204,23905,61278,27654,44656,13512,13608,32012,45582,26527,56386,4597,5388,9758,15302,10314,24179,12771,35233,15381,25150,8565,9160,13635,22473,9958,28973,355230,246806,20184,4097,110876,0,0
2021-03-01T23:59:59+01:00,12262,13388,19519,29839,19371,43348,23307,60182,26966,43574,13107,13170,29359,42188,22921,50404,4574,5327,9707,15139,10246,23879,12691,34820,15281,24879,8488,9106,13440,22180,9870,28831,338093,244426,19073,4097,105857,0,0
2021-02-28T23:59:59+01:00,12061,13144,19032,29189,18868,42579,22813,59336,26494,42824,12907,12962,28729,41474,22577,49884,4555,5312,9687,15107,10225,23827,12674,34753,15254,24844,8464,9081,13299,21976,9821,28713,335676,243594,18216,4063,101097,0,0
2021-02-27T23:59:59+01:00,11837,12497,18715,28384,18614,41799,22526,58312,26166,42100,12641,12679,27944,40527,21798,48635,4544,5299,9663,15088,10193,23765,12635,34679,15215,24778,8445,9065,13287,21961,9820,28709,331774,243249,17496,3962,96018,0,0
2021-02-26T23:59:59+01:00,10928,11562,17846,26925,17835,39501,21572,55378,24695,39503,12275,12391,26085,38192,20580,46709,4453,5213,9588,14933,10123,23494,12550,34302,15097,24523,8370,8993,13221,21881,9784,28652,322684,241353,17243,3888,82160,0,0
2021-02-25T23:59:59+01:00,9642,10552,16528,25307,16580,37180,20280,52361,23049,36967,11880,12103,24583,36250,19353,44816,4322,5044,9414,14614,9911,22848,12287,33439,14787,23954,8188,8849,12955,21529,9665,28426,315076,237249,16475,3047,65988,0,0
2021-02-24T23:59:59+01:00,9202,9926,15892,24266,15962,35905,19532,50804,22277,35913,11523,11787,23048,34406,17937,42576,4237,4945,9274,14329,9734,22377,12090,32805,14525,23465,8058,8719,12818,21355,9609,28234,306853,234500,15512,2136,58697,0,0
2021-02-23T23:59:59+01:00,8635,9333,15086,23108,15301,34651,18775,49386,21591,34962,11256,11487,21457,32504,16607,40385,4194,4858,9145,14103,9596,21957,11895,32230,14216,23019,7911,8578,12699,21143,9548,28018,298769,231694,14712,1477,51147,0,0
2021-02-22T23:59:59+01:00,8496,9072,14699,22488,14944,33923,18300,48342,21120,34301,11077,11247,20511,31242,15517,38717,4159,4733,8998,13799,9425,21427,11628,31485,13836,22477,7699,8398,12502,20892,9460,27732,292932,228410,14100,300,47067,0,0
2021-02-21T23:59:59+01:00,8389,8897,14362,22047,14532,33341,17874,47656,20709,33877,10977,11157,20343,31016,15289,38405,4111,4679,8919,13667,9348,21207,11555,31190,13722,22228,7638,8347,12439,20780,9400,27581,291798,226583,13731,287,43443,0,0
2021-02-20T23:59:59+01:00,8255,8840,14246,21962,14417,33215,17750,47486,20555,33714,10871,11069,19446,29918,14372,37133,4108,4673,8911,13658,9337,21186,11540,31163,13709,22222,7635,8339,12367,20704,9356,27528,287558,226209,13535,286,42254,0,0
2021-02-19T23:59:59+01:00,7917,8551,13899,21512,14040,32519,17264,46677,19809,32847,10339,10736,18233,28370,13412,35770,4016,4648,8845,13630,9294,21123,11508,31068,13644,22137,7593,8283,12122,20391,9192,27241,281190,224509,13160,285,37639,0,0
2021-02-18T23:59:59+01:00,7462,7948,13275,20395,13400,31113,16425,44727,18962,31440,10163,10554,17576,27534,12916,34991,3808,4459,8503,13082,9002,20353,11157,30012,13290,21405,7388,7967,11491,19359,8767,26215,277633,216031,12578,285,28762,0,0
2021-02-17T23:59:59+01:00,7263,7510,12824,19516,12892,29870,15718,42923,18349,30304,9959,10331,16711,26578,12268,33959,3528,4242,8158,12576,8714,19516,10772,28933,12920,20671,7163,7735,10883,18426,8398,25509,272965,207917,11847,283,22252,0,0
2021-02-16T23:59:59+01:00,6867,7131,12307,18663,12396,28741,15168,41550,17782,29391,9818,10227,15982,25661,11840,33276,3319,4088,7854,12108,8404,18763,10362,27817,12482,19868,6902,7429,10103,17158,7756,24104,269420,198444,11351,129,16115,0,0
2021-02-15T23:59:59+01:00,6742,6889,12014,18029,12124,27937,14806,40546,17456,28697,9700,10126,15361,24939,11557,32818,3219,3980,7656,11772,8185,18246,10052,26962,12137,19223,6626,7153,9365,15999,7307,22972,266328,190826,10748,84,12751,0,0
2021-02-14T23:59:59+01:00,6450,6748,11774,17751,11905,27491,14574,40101,17270,28456,9658,10077,15108,24567,11416,32463,3163,3933,7540,11606,8052,18041,9880,26612,11965,18949,6519,7021,9143,15595,7145,22478,265327,187613,9812,84,10755,0,0
2021-02-13T23:59:59+01:00,6378,6702,11733,17720,11874,27459,14550,40072,17252,28434,9645,10052,15079,24540,11409,32448,3158,3928,7533,11601,8042,18021,9862,26577,11935,18908,6496,6989,8977,15362,6807,21877,265093,186121,9811,7,10528,0,0
2021-02-12T23:59:59+01:00,5780,6339,11209,17349,11568,26909,14227,39403,16937,27836,9545,9978,14886,24314,11347,32356,3102,3881,7440,11447,7936,17770,9705,26188,11725,18467,6315,6767,8593,14755,6257,20611,263403,181008,9800,6,6864,0,0
2021-02-11T23:59:59+01:00,5249,5970,10654,16680,11151,26052,13735,38150,16468,27055,9253,9730,14600,23859,11093,31709,2904,3509,6804,10220,7262,15965,8823,23510,10686,16603,5699,6087,7504,12971,5546,18528,260201,162669,8162,3,3127,0,0
2021-02-10T23:59:59+01:00,4974,5758,10304,16224,10856,25507,13395,37221,16076,26389,9064,9602,14425,23646,11008,31518,2482,3110,5865,8742,6458,13835,7814,20562,9627,14836,5183,5515,6457,11209,4889,16662,257553,143288,7667,1,829,0,0
2021-02-09T23:59:59+01:00,4898,5633,10182,15952,10749,25094,13217,36579,15865,25963,8887,9473,14224,23433,10890,31316,2042,2645,5062,7472,5676,11979,6898,17991,8570,13082,4624,4866,5371,9529,4259,14778,255120,124882,6890,1,426,0,0
2021-02-08T23:59:59+01:00,4856,5563,10094,15729,10635,24728,13097,36086,15731,25665,8799,9411,14005,23119,10807,31167,1839,2369,4495,6468,5018,10323,6056,15417,7574,11457,4107,4338,4341,7845,3603,12900,252773,108185,6376,1,421,0,0
2021-02-07T23:59:59+01:00,4668,5483,9954,15595,10535,24550,13010,35820,15629,25498,8763,9367,13851,22909,10748,31056,1592,2053,4073,5808,4617,9410,5617,14247,7107,10592,3865,4090,4114,7440,3465,12350,251680,100472,5832,1,0,0,0
2021-02-06T23:59:59+01:00,4659,5470,9942,15581,10521,24510,12990,35771,15611,25447,8744,9350,13829,22876,10648,30862,1410,1806,3846,5530,4437,8954,5391,13641,6826,10071,3746,3985,3992,7282,3194,11907,251338,96048,5549,1,0,0,0
2021-02-05T23:59:59+01:00,4577,5385,9873,15442,10456,24240,12898,35396,15498,25192,8666,9282,13757,22796,10303,30276,1245,1520,3561,5099,4172,8359,5081,12846,6430,9391,3504,3762,3834,7042,2711,11056,249454,89641,4657,0,0,0,0
2021-02-04T23:59:59+01:00,4510,5233,9744,15116,10289,23658,12698,34591,15288,24709,8550,9173,13523,22483,10209,30105,921,1074,2702,3824,3258,6554,4087,10222,5126,7408,2872,3083,3234,6011,2363,9674,245520,72433,4433,0,0,0,0
2021-02-03T23:59:59+01:00,4432,5138,9635,14899,10185,23291,12566,34064,15136,24334,8446,9058,13374,22303,10149,29946,757,837,2031,2887,2511,5058,3121,7827,3897,5598,2076,2224,2368,4482,1719,7237,242765,54645,4265,0,0,0,0
2021-02-02T23:59:59+01:00,4360,5030,9533,14691,10082,22890,12414,33486,14935,23933,8339,8938,13252,22089,10072,29695,600,656,1534,2131,1922,3812,2351,5953,2890,4192,1461,1491,1612,2979,1195,4808,239548,39597,4263,0,0,0,0
2021-02-01T23:59:59+01:00,4315,4919,9442,14453,9975,22467,12274,32838,14754,23482,8224,8803,13154,21953,10028,29528,456,471,1052,1468,1268,2536,1508,3859,1794,2671,914,949,967,1824,683,2775,236418,25202,4263,0,0,0,0
2021-01-31T23:59:59+01:00,4293,4871,9388,14339,9903,22263,12206,32534,14662,23306,8170,8751,13101,21837,9989,29409,416,434,922,1273,1084,2148,1301,3279,1565,2367,827,860,862,1630,620,2491,234941,22084,4152,0,0,0,0
2021-01-30T23:59:59+01:00,4293,4868,9378,14326,9887,22237,12194,32515,14649,23296,8168,8746,13035,21761,9948,29361,398,402,856,1188,1030,2021,1232,3089,1494,2243,804,836,843,1590,607,2442,234627,21079,4106,0,0,0,0
2021-01-29T23:59:59+01:00,4223,4854,9328,14293,9855,22185,12164,32441,14602,23234,8146,8719,12824,21501,9795,29159,321,301,733,1010,885,1644,1079,2701,1287,1950,725,750,794,1534,592,2396,233413,18704,3981,0,0,0,0
2021-01-28T23:59:59+01:00,4086,4733,9121,13897,9638,21662,11919,31858,14292,22789,8015,8623,12349,20806,9496,28663,153,82,292,376,377,639,471,1179,596,871,390,419,468,891,338,1449,228636,8991,3381,0,0,0,0
2021-01-27T23:59:59+01:00,3826,4550,8817,13486,9339,21002,11540,31012,13917,22129,7808,8413,11752,19917,9137,28012,94,52,200,230,246,436,310,823,429,598,293,305,345,660,255,1061,221943,6337,2780,0,0,0,0
2021-01-26T23:59:59+01:00,3639,4423,8532,13126,9076,20418,11224,30230,13524,21573,7588,8190,11119,18924,8562,26963,89,48,186,220,228,396,296,765,395,548,281,279,315,587,233,945,215238,5811,1939,0,0,0,0
2021-01-25T23:59:59+01:00,3540,4289,8233,12629,8780,19686,10823,29218,13045,20883,7341,7998,10451,18011,8171,26187,80,38,165,196,198,337,252,637,345,456,242,238,263,504,188,767,208953,4906,396,0,0,0,0
2021-01-24T23:59:59+01:00,3491,4261,8148,12547,8708,19562,10711,29042,12919,20727,7307,7959,10382,17902,8129,26095,79,36,161,192,195,324,250,616,336,443,234,235,261,496,184,753,207656,4795,297,0,0,0,0
2021-01-23T23:59:59+01:00,3489,4259,8148,12546,8704,19553,10710,29030,12911,20722,7303,7958,10245,17719,7814,25528,78,36,161,192,194,323,247,616,335,443,234,235,261,496,184,752,206406,4787,296,0,0,0,0
2021-01-22T23:59:59+01:00,3418,4207,8024,12433,8623,19402,10602,28870,12839,20615,7273,7928,10017,17374,7328,24549,78,36,160,192,194,323,247,616,334,443,234,235,261,496,184,752,203269,4785,296,0,0,0,0
2021-01-21T23:59:59+01:00,3306,3962,7507,11506,8153,18230,10045,27208,12253,19522,7006,7625,9317,16289,6884,23620,71,33,144,176,178,290,222,541,295,406,211,208,228,409,157,632,192197,4201,296,0,0,0,0
2021-01-20T23:59:59+01:00,2884,3510,6618,10059,7401,16182,9061,24327,11181,17689,6440,6962,8155,14421,6191,21604,70,33,143,170,175,289,214,524,284,387,200,200,219,383,147,597,172445,4035,293,0,0,0,0
2021-01-19T23:59:59+01:00,2382,3034,5699,8672,6521,14195,8034,21463,9934,15669,5701,6070,6714,12047,5299,18836,46,23,96,124,118,177,151,357,182,274,122,112,141,262,99,440,150104,2724,212,0,0,0,0
2021-01-18T23:59:59+01:00,2064,2628,4908,7257,5559,11840,6805,17754,8544,13267,4856,5196,5282,9626,4356,15648,25,12,36,46,54,84,66,158,68,135,59,53,61,140,56,207,125545,1260,89,0,0,0,0
2021-01-17T23:59:59+01:00,1747,2252,4387,6480,5059,10651,6260,16143,7913,12119,4529,4855,4913,8932,4060,14706,11,4,6,14,15,32,19,47,25,50,25,23,15,36,12,41,114956,375,87,0,0,0,0
2021-01-16T23:59:59+01:00,1551,1994,4174,6185,4878,10176,5994,15454,7584,11467,4360,4662,4702,8640,3718,14128,0,0,0,0,2,3,0,0,1,2,0,1,0,0,0,1,109699,10,4,0,0,0,0
2021-01-15T23:59:59+01:00,1379,1711,3917,5782,4620,9591,5703,14588,7168,10704,4079,4396,4518,8318,3207,13123,0,0,0,0,0,0,0,0,0,0,0,0,0,0,0,0,102835,0,2,0,0,0,0
2021-01-14T23:59:59+01:00,1046,1283,3142,4569,3761,7681,4715,11768,5780,8582,3325,3558,3816,7051,2778,11450,0,0,0,0,0,0,0,0,0,0,0,0,0,0,0,0,84331,0,0,0,0,0,0
2021-01-13T23:59:59+01:00,886,1081,2643,3805,3162,6396,3935,9700,4663,6907,2448,2653,2897,5385,2130,8726,0,0,0,0,0,0,0,0,0,0,0,0,0,0,0,0,67439,0,0,0,0,0,0
2021-01-12T23:59:59+01:00,740,910,2204,3110,2594,5193,3159,7824,3654,5403,1737,1801,1982,3676,1505,5946,0,0,0,0,0,0,0,0,0,0,0,0,0,0,0,0,51457,0,0,0,0,0,0
2021-01-11T23:59:59+01:00,591,732,1832,2508,2079,4156,2424,5885,2694,3906,1095,1099,1182,2173,828,3361,0,0,0,0,0,0,0,0,0,0,0,0,0,0,0,0,36560,0,0,0,0,0,0
2021-01-10T23:59:59+01:00,518,629,1559,2064,1732,3403,1997,4866,2240,3289,978,981,1038,1908,738,2944,0,0,0,0,0,0,0,0,0,0,0,0,0,0,0,0,30895,0,0,0,0,0,0
2021-01-09T23:59:59+01:00,483,568,1430,1888,1586,3094,1833,4403,2065,3004,909,916,982,1855,723,2905,0,0,0,0,0,0,0,0,0,0,0,0,0,0,0,0,28653,0,0,0,0,0,0
2021-01-08T23:59:59+01:00,366,416,1173,1517,1314,2420,1505,3611,1712,2469,790,810,896,1725,684,2772,0,0,0,0,0,0,0,0,0,0,0,0,0,0,0,0,24187,0,0,0,0,0,0
2021-01-07T23:59:59+01:00,173,114,404,524,476,822,612,1422,759,1078,448,475,563,1060,415,1764,0,0,0,0,0,0,0,0,0,0,0,0,0,0,0,0,11109,0,0,0,0,0,0
2021-01-06T23:59:59+01:00,131,68,265,293,310,532,410,968,523,743,338,357,423,821,324,1333,0,0,0,0,0,0,0,0,0,0,0,0,0,0,0,0,7839,0,0,0,0,0,0
2021-01-05T23:59:59+01:00,101,51,189,239,243,446,326,848,448,640,326,341,407,786,318,1280,0,0,0,0,0,0,0,0,0,0,0,0,0,0,0,0,6989,0,0,0,0,0,0
2021-01-04T23:59:59+01:00,84,41,169,199,201,352,258,640,357,472,247,252,286,558,210,858,0,0,0,0,0,0,0,0,0,0,0,0,0,0,0,0,5184,0,0,0,0,0,0
2021-01-03T23:59:59+01:00,82,37,163,194,196,336,257,626,347,456,242,249,282,546,208,841,0,0,0,0,0,0,0,0,0,0,0,0,0,0,0,0,5062,0,0,0,0,0,0
2021-01-02T23:59:59+01:00,82,37,163,194,196,336,254,626,345,456,242,249,282,546,208,840,0,0,0,0,0,0,0,0,0,0,0,0,0,0,0,0,5056,0,0,0,0,0,0
2021-01-01T23:59:59+01:00,81,37,162,194,196,335,254,626,343,454,242,249,282,545,208,840,0,0,0,0,0,0,0,0,0,0,0,0,0,0,0,0,5048,0,0,0,0,0,0
2020-12-31T23:59:59+01:00,81,37,162,192,196,334,253,625,342,453,242,249,282,545,208,840,0,0,0,0,0,0,0,0,0,0,0,0,0,0,0,0,5041,0,0,0,0,0,0
2020-12-30T23:59:59+01:00,80,37,162,190,194,332,253,624,342,451,242,249,282,545,208,840,0,0,0,0,0,0,0,0,0,0,0,0,0,0,0,0,5031,0,0,0,0,0,0
2020-12-29T23:59:59+01:00,56,24,115,144,147,226,184,449,241,348,159,159,199,412,152,654,0,0,0,0,0,0,0,0,0,0,0,0,0,0,0,0,3669,0,0,0,0,0,0
2020-12-28T23:59:59+01:00,29,17,65,77,83,129,103,257,113,210,92,92,102,218,93,364,0,0,0,0,0,0,0,0,0,0,0,0,0,0,0,0,2044,0,0,0,0,0,0
2020-12-27T23:59:59+01:00,14,8,17,24,37,53,35,87,35,84,32,28,36,80,30,137,0,0,0,0,0,0,0,0,0,0,0,0,0,0,0,0,737,0,0,0,0,0,0
