Datum,<15_m,<15_w,15-24_1_m,15-24_1_w,25-34_1_m,25-34_1_w,35-44_1_m,35-44_1_w,45-54_1_m,45-54_1_w,55-64_1_m,55-64_1_w,65-74_1_m,65-74_1_w,75-84_1_m,75-84_1_w,>84_1_m,>84_1_w,<24_2_m,<24_2_w,25-34_2_m,25-34_2_w,35-44_2_m,35-44_2_w,45-54_2_m,45-54_2_w,55-64_2_m,55-64_2_w,65-74_2_m,65-74_2_w,75-84_2_m,75-84_2_w,>84_2_m,>84_2_w,bp_1,bp_2,mo_1,mo_2,az_1,az_2,ja,unb_1,unb_2
2021-08-16T23:59:59+02:00,28268,26302,252441,243141,361638,332903,380767,373871,446305,456342,501663,504475,345193,385630,242883,310959,71510,130911,213052,206144,327938,299236,352472,343332,419492,427097,477216,480136,332590,371259,234642,299762,68529,124762,3851252,3561923,514074,475731,806477,753975,223815,484,351
2021-08-15T23:59:59+02:00,28102,26168,252021,242756,361288,332572,380443,373574,446043,456119,501445,504305,345095,385535,242842,310889,71500,130899,209316,202389,326292,297822,351362,342256,418612,426263,476518,479564,332283,370970,234544,299607,68512,124722,3848824,3546092,513960,474876,806444,753682,222784,484,351
2021-08-14T23:59:59+02:00,28070,26147,251918,242672,361224,332507,380388,373509,445987,456072,501384,504248,345067,385519,242829,310877,71497,130896,208408,201437,325734,297245,350879,341798,418257,425909,476209,479293,332176,370874,234512,299562,68504,124707,3848230,3540228,513957,474854,806444,753665,222596,484,351
2021-08-13T23:59:59+02:00,27878,25961,251413,242253,360936,332243,380112,373238,445690,455836,501153,504076,344972,385424,242781,310834,71489,130875,206984,200107,324925,296454,350109,341036,417542,425254,475660,478813,331981,370657,234424,299450,68491,124668,3845466,3531365,513948,474802,806443,753546,221727,480,351
2021-08-12T23:59:59+02:00,27688,25749,250716,241646,360350,331676,379606,372775,445177,455410,500750,503736,344800,385232,242682,310735,71477,130828,204474,197925,322190,294041,348170,339296,416072,424053,474472,477778,331550,370139,234187,299185,68452,124590,3841715,3514633,513763,473665,806409,752558,219566,480,351
2021-08-11T23:59:59+02:00,27456,25502,250006,240978,359752,331117,379112,372312,444739,455009,500364,503318,344580,385000,242570,310603,71451,130778,201471,194979,319046,291147,346050,337251,414620,422678,473222,476502,331020,369513,233941,298787,68405,124470,3837001,3493043,513555,472643,806372,751649,218139,480,351
2021-08-10T23:59:59+02:00,27220,25248,249198,240264,359070,330593,378599,371788,444265,454548,499934,502940,344401,384813,242486,310471,71428,130736,197489,191097,314486,287027,343116,334524,412538,420762,471662,475072,330366,368855,233658,298388,68351,124356,3832066,3463722,513281,471581,806338,750516,216738,479,351
2021-08-09T23:59:59+02:00,27028,25057,248588,239706,358522,330142,378178,371425,443882,454222,499611,502668,344253,384673,242423,310364,71409,130701,193022,186594,308904,282381,340399,332082,410655,419017,470065,473624,329747,368180,233396,298024,68296,124227,3828543,3433915,513109,468855,806309,749442,215312,479,351
2021-08-08T23:59:59+02:00,26867,24908,248122,239316,358150,329808,377850,371153,443599,453979,499382,502486,344150,384575,242364,310288,71392,130668,191698,185253,307314,281077,339116,330948,409811,418275,469514,473124,329494,367919,233276,297863,68271,124178,3826115,3425008,512960,467508,806259,748973,214144,479,351
2021-08-07T23:59:59+02:00,26720,24738,247606,238871,357765,329482,377526,370877,443312,453745,499160,502317,344082,384484,242329,310239,71384,130658,188054,181686,305294,279249,337418,329442,408497,417024,468598,472342,329146,367552,233146,297677,68237,124143,3823311,3405568,512853,466183,806249,748759,213303,479,348
2021-08-06T23:59:59+02:00,26499,24506,246757,238224,357009,328887,376870,370311,442673,453232,498641,501937,343848,384281,242231,310128,71372,130637,184350,178163,301886,276480,335310,327628,406920,415705,467318,471387,328769,367170,232985,297526,68212,124099,3820790,3386453,511541,464472,806239,747675,209894,479,348
2021-08-05T23:59:59+02:00,26185,24192,245611,237319,356149,328050,376089,369611,441969,452571,497997,501413,343578,383987,242119,309956,71331,130575,179939,174255,296574,272134,331252,324122,404158,413240,465088,469615,328110,366478,232726,297163,68154,123989,3814672,3358871,511288,459799,806182,744010,206980,479,348
2021-08-04T23:59:59+02:00,25828,23855,244497,236358,355188,327164,375339,368919,441369,451985,497447,500912,343307,383725,242001,309790,71306,130505,176501,170984,292860,269034,326870,320251,401930,411170,463408,468081,327422,365785,232458,296819,68097,123888,3808360,3331924,510951,458051,806151,742269,204461,471,347
2021-08-03T23:59:59+02:00,25367,23438,243141,235183,354305,326349,374645,368242,440727,451330,496863,500387,343025,383429,241877,309617,71263,130440,173039,167568,288792,265417,321788,315670,399214,408637,461095,466001,326603,364933,232112,296357,68031,123753,3800528,3300088,510790,456187,806115,740203,202623,471,347
2021-08-02T23:59:59+02:00,25051,23130,242098,234238,353469,325616,373963,367657,440180,450796,496351,499943,342766,383161,241764,309467,71237,130381,169423,163994,284140,261481,315963,310756,396489,406104,458875,464024,325833,364104,231819,295962,67970,123637,3794288,3266856,510548,454236,806061,737686,200798,471,346
2021-08-01T23:59:59+02:00,24901,22944,241473,233640,352890,325120,373538,367281,439755,450477,496008,499667,342636,383001,241691,309350,71224,130354,167887,162556,281677,259502,311352,307054,394641,404537,457405,462789,325413,363624,231655,295749,67943,123578,3790690,3249068,510239,452113,805973,735245,199473,471,346
2021-07-31T23:59:59+02:00,24792,22840,241134,233326,352616,324901,373302,367112,439570,450327,495902,499568,342603,382964,241671,309337,71223,130349,164137,158731,278871,256974,309277,305068,393249,403255,456261,461807,325095,363249,231520,295577,67917,123532,3789104,3226263,510052,451179,805968,734457,198838,471,346
2021-07-30T23:59:59+02:00,24506,22584,240346,232620,352052,324379,372822,366656,439116,449929,495546,499278,342464,382825,241627,309259,71210,130333,160409,154978,275484,253883,306271,302264,391031,401159,454427,460235,324592,362723,231312,295286,67884,123476,3785079,3201310,509696,449985,805951,731285,197251,471,346
2021-07-29T23:59:59+02:00,24168,22249,238822,231373,350909,323322,371868,365763,438281,449151,494753,498664,342135,382519,241493,309083,71175,130271,155582,150534,270134,249733,300399,297521,386709,397702,451398,457850,323763,361887,231004,294880,67824,123380,3777632,3167620,509036,445176,805870,726194,193884,471,346
2021-07-28T23:59:59+02:00,23875,21965,237686,230351,350036,322498,371144,365095,437660,448492,494197,498186,341885,382226,241363,308898,71141,130201,151839,146905,265669,246102,295996,293591,383457,394872,449322,456012,323109,361134,230744,294498,67760,123259,3771033,3137083,508514,443270,805792,723575,191984,470,346
2021-07-27T23:59:59+02:00,23607,21741,236697,229397,349215,321771,370463,364522,437097,447890,493686,497741,341652,381933,241232,308709,71106,130103,146837,141817,259780,240993,290724,288861,379474,391197,446169,453230,322137,360042,230383,294000,67672,123103,3764850,3095699,507972,440982,805737,719860,190427,470,345
2021-07-26T23:59:59+02:00,23375,21507,235738,228445,348450,321084,369875,363980,436553,447411,493238,497382,341426,381696,241106,308555,71083,130046,142511,137447,254255,236229,285568,284399,375026,387262,442661,450214,321191,359082,230056,293525,67600,122967,3759293,3056433,507350,438733,805661,715530,189068,470,345
2021-07-25T23:59:59+02:00,23020,21207,234409,227305,347520,320334,369209,363332,435983,446877,492785,496984,341234,381483,241019,308425,71062,129982,140671,135714,251602,234036,283090,282318,372896,385495,440594,448442,320686,358571,229858,293297,67575,122891,3752327,3041585,506975,436565,805599,711186,187691,470,345
2021-07-24T23:59:59+02:00,22776,21018,233490,226460,346806,319694,368642,362819,435460,446446,492430,496710,341118,381386,240977,308363,71059,129972,137782,132924,248880,231728,280534,280120,370648,383647,439361,447461,320339,358235,229714,293119,67556,122857,3748396,3023310,506211,433570,805582,710850,185858,470,345
2021-07-23T23:59:59+02:00,22361,20632,231998,225139,345499,318778,367606,361966,434589,445664,491737,496185,340883,381116,240889,308250,71038,129936,132323,128096,243533,227458,276082,276351,366967,380474,436728,445270,319641,357515,229461,292811,67502,122776,3741022,2987947,505748,431809,805526,708717,182390,470,344
2021-07-22T23:59:59+02:00,21862,20157,229907,223184,343768,317263,366113,360693,433287,444536,490766,495298,340465,380671,240719,308008,70993,129856,127996,124062,237558,222970,269721,271311,360094,374998,431282,440785,318474,356266,229035,292294,67408,122625,3728742,2946054,504168,425845,805388,702428,179664,470,344
2021-07-21T23:59:59+02:00,21357,19637,228037,221380,342092,315751,364508,359136,431728,443163,489551,494139,339916,380154,240474,307726,70940,129761,124252,120512,232117,218749,264216,266805,351984,368096,426692,437054,317358,355119,228576,291730,67327,122447,3717861,2910695,500437,415001,805168,697657,176399,470,341
2021-07-20T23:59:59+02:00,21055,19360,226581,219920,340879,314599,363554,358271,430881,442385,488837,493506,339580,379792,240333,307506,70913,129671,119934,116304,225792,213593,258411,261652,344883,362005,422010,432757,316272,353867,228166,291148,67232,122266,3708679,2867086,500036,407809,805046,693285,174276,470,340
2021-07-19T23:59:59+02:00,20741,19067,224863,218242,339581,313362,362530,357306,430078,441615,488167,492895,339284,379433,240184,307276,70869,129573,117196,113723,221437,210020,253818,257707,341179,358848,419403,430586,315557,353146,227877,290760,67160,122144,3698192,2842194,499624,402442,804958,688984,172705,470,340
2021-07-18T23:59:59+02:00,20589,18940,223581,216994,337995,311957,361482,356401,429281,440907,487636,492356,339056,379150,240055,307098,70847,129511,115711,112342,218809,207859,251473,255623,338942,357005,417384,428905,315078,352663,227717,290542,67139,122077,3688884,2829980,499090,398175,804884,685304,171389,470,339
2021-07-17T23:59:59+02:00,20197,18519,222437,215945,337424,311421,360899,355892,428771,440461,487226,492069,338952,379035,240013,307044,70844,129501,113648,110251,216354,205560,249025,253437,336529,354879,415943,427646,314745,352271,227582,290375,67115,122037,3683378,2812545,498890,395462,804871,684520,169928,464,338
2021-07-16T23:59:59+02:00,19657,18008,219892,213810,335695,310130,359401,354602,427309,439260,486132,491207,338549,378669,239840,306885,70819,129464,110546,107458,211607,201637,244498,249810,332245,351199,412607,424934,313826,351348,227234,289962,67061,121955,3673219,2784968,498138,393121,804714,680710,163674,464,337
2021-07-15T23:59:59+02:00,19019,17385,217119,211400,333798,308438,357823,353170,425978,438086,485197,490361,338152,378246,239641,306630,70777,129361,106656,104260,203263,195412,237027,244219,325666,345985,405563,418515,312097,349546,226694,289299,66990,121758,3658274,2738582,497540,384718,804599,673303,160580,464,337
2021-07-14T23:59:59+02:00,18176,16660,214689,209087,332116,306916,356434,351838,424769,436894,484175,489413,337700,377785,239405,306320,70723,129275,103066,100940,196826,190276,231335,239574,321391,342526,401400,414902,310794,348238,226294,288742,66911,121604,3643437,2705141,496982,379201,804471,666519,157895,464,336
2021-07-13T23:59:59+02:00,17529,16004,212517,207072,330526,305559,355107,350627,423616,435824,483230,488566,337267,377319,239201,306079,70688,129185,99318,97414,190363,184901,224228,233529,314735,336481,393026,407073,309006,346316,225694,287955,66803,121407,3629752,2662522,496426,366553,804328,657071,155820,463,330
2021-07-12T23:59:59+02:00,16515,15073,209248,203897,328473,303837,353535,349163,422380,434631,482256,487670,336854,376856,239022,305853,70648,129108,96234,94703,185098,180618,217264,227873,307922,330456,387944,402806,307287,344457,225107,287223,66704,121238,3611360,2624339,495876,359444,804154,648679,154039,461,328
2021-07-11T23:59:59+02:00,16004,14603,207903,202629,327740,303132,352876,348549,421825,434137,481814,487330,336668,376655,238962,305747,70627,129068,94818,93419,182338,178320,214277,225598,305245,328307,385122,400428,304824,341840,224730,286754,66652,121140,3605193,2609424,495240,357460,804030,638214,152222,454,326
2021-07-10T23:59:59+02:00,15531,14145,206063,200859,326283,301875,351749,347583,421104,433544,481340,486933,336502,376490,238896,305661,70617,129048,93526,92157,179826,176223,211255,223118,302737,326157,383962,399396,304179,341172,224550,286568,66636,121114,3596637,2592706,494615,357235,803795,636466,149589,454,326
2021-07-09T23:59:59+02:00,15208,13869,204159,199027,324683,300430,350686,346629,420204,432836,480775,486458,336299,376269,238800,305541,70601,129014,90751,89439,176303,173004,206917,218974,297722,321563,380529,396423,303088,339950,224247,286202,66599,121050,3587539,2563782,493758,355182,803604,628887,146996,454,325
2021-07-08T23:59:59+02:00,14748,13443,200689,196059,321385,297763,348322,344650,418498,431391,479344,485394,335865,375830,238622,305296,70558,128938,86463,85680,169079,167364,198805,212588,290371,315474,373610,390233,300392,337043,223476,285270,66482,120792,3572296,2517709,489702,346558,803084,618575,142119,454,325
2021-07-07T23:59:59+02:00,14248,12987,196967,192212,318239,294917,346023,342617,416946,429928,478151,484301,335389,375273,238433,305026,70521,128835,82788,82248,161805,161675,189792,205431,282409,308924,366607,383437,297096,333447,222576,284173,66344,120546,3551113,2469868,488347,333159,802700,608620,139255,453,323
2021-07-06T23:59:59+02:00,13790,12616,193548,188843,314995,292195,343558,340336,415236,428374,476892,483170,334890,374720,238238,304737,70469,128749,79239,78691,155156,156178,182403,199238,273494,300990,360141,377369,293909,330209,221696,283085,66236,120315,3531353,2417570,485299,326190,802284,599128,136822,452,323
2021-07-05T23:59:59+02:00,13393,12280,189175,184617,310975,288876,341059,338024,413573,426837,475755,482105,334417,374202,238064,304493,70436,128664,76192,75882,150054,152107,177652,195122,266602,294741,354044,371847,290643,326771,220815,281971,66128,120146,3508642,2378630,484150,321722,801795,588792,132761,446,323
2021-07-04T23:59:59+02:00,13216,12123,185343,180755,308356,286865,339754,336956,412697,426060,475175,481622,334197,373949,237974,304369,70410,128611,74013,74014,146971,149564,175332,193090,264171,292687,350941,369644,287343,323384,220237,281309,66073,120027,3496466,2364916,482866,319437,801225,577297,128277,446,321
2021-07-03T23:59:59+02:00,12025,11069,178923,174769,304107,283421,337431,334793,410891,424252,473971,480562,333797,373503,237800,304123,70386,128568,72239,72444,144553,147692,172897,191015,261118,289972,348666,367793,285596,321405,219970,280948,66041,119978,3470181,2349238,481461,319242,801039,572816,122106,446,321
2021-07-02T23:59:59+02:00,10928,9978,175215,171312,301704,281227,335688,333096,409643,423066,473198,479878,333538,373190,237684,303941,70358,128520,69557,69776,140656,144427,168483,186996,255079,284555,343457,363096,282351,317685,219331,280179,65993,119894,3452118,2316200,479987,316465,800847,560251,119604,445,300
2021-07-01T23:59:59+02:00,9834,9055,171555,167890,297678,277958,333211,330839,407847,421489,472106,478922,333123,372733,237485,303669,70311,128442,64688,65062,134380,139118,161228,180513,244852,275726,332683,353346,277584,312424,217481,277931,65814,119582,3429668,2260069,477905,304142,800499,542586,116465,445,299
2021-06-30T23:59:59+02:00,9346,8665,168294,164826,292079,273343,329549,327516,406079,419963,471092,477954,332703,372251,237294,303372,70277,128356,61566,62215,128752,134438,154595,174514,234821,266599,319318,340101,272387,306900,215594,275611,65646,119264,3404659,2205153,475753,291356,800206,523790,112728,445,297
2021-06-29T23:59:59+02:00,8810,8144,164511,161067,287561,269100,325999,324223,403986,417890,469556,476543,332118,371616,237045,303018,70222,128247,58789,59240,123826,130044,148592,169003,222996,255933,310783,331762,265938,299723,213630,273158,65443,118919,3377246,2146084,473770,286708,799882,506422,109141,444,294
2021-06-28T23:59:59+02:00,8405,7764,161199,157619,282544,264800,322711,321379,401851,415967,468071,475236,331598,371006,236812,302707,70179,128153,56524,56904,119939,126551,144259,164931,213787,247537,305013,326377,260997,294435,211870,270929,65297,118655,3353407,2110476,469798,278124,799228,489926,105946,444,291
2021-06-27T23:59:59+02:00,8258,7641,159701,156101,280446,262999,320914,319852,400164,414606,467184,474532,331306,370715,236709,302548,70160,128104,55332,55798,117819,124851,141711,162812,209693,244166,301667,323528,257207,290450,209417,268022,65186,118467,3343451,2095098,467728,274656,798184,473836,102955,444,291
2021-06-26T23:59:59+02:00,7107,6543,156439,152765,278345,261115,318509,317619,398979,413458,466486,473828,331035,370432,236603,302391,70136,128074,54790,55218,116490,123708,140295,161584,207455,242166,299140,321124,255678,288797,209084,267613,65159,118397,3324364,2078401,464917,274569,798178,471341,102822,402,252
2021-06-25T23:59:59+02:00,5888,5426,152141,148493,274966,258167,316454,315660,397677,412216,465489,473005,330746,370098,236477,302237,70108,128026,53508,53598,114025,121020,136231,157029,198712,233730,293470,315266,253957,286684,208494,266814,65088,118278,3299469,2036018,463495,272883,798124,464781,102601,402,252
2021-06-24T23:59:59+02:00,5035,4644,147716,144377,270171,254259,312189,311894,395504,410352,464122,471872,330328,369639,236309,302000,70075,127940,50870,51017,108922,116323,128925,150406,186720,223309,282079,305058,248593,280871,206668,264477,64885,117878,3268434,1974164,461502,261145,797958,451066,100944,401,251
2021-06-23T23:59:59+02:00,4816,4436,144563,141269,266490,251123,306958,307108,393014,408012,462725,470559,329801,369022,236079,301690,70027,127837,48935,48945,105136,112423,123273,144744,176852,214665,270149,293115,243996,276071,205338,262783,64724,117518,3240980,1918047,457986,251317,797804,440386,99171,401,251
2021-06-22T23:59:59+02:00,4566,4207,141495,138149,262796,247759,300845,301681,390390,405460,461188,469079,329260,368422,235860,301341,69979,127731,47249,47208,101542,109137,118493,140185,164284,203548,259275,282847,239940,271611,203420,260377,64473,117050,3209018,1859859,456064,243622,797625,429456,97907,399,243
2021-06-21T23:59:59+02:00,4309,3962,138241,135218,258107,243879,295609,296824,387366,402596,459719,467734,328743,367866,235635,301031,69939,127619,46023,45986,99166,106925,115765,137487,158088,197796,252415,276226,234601,265791,199508,255878,64289,116676,3177390,1828995,454033,238116,797416,409733,95961,398,243
2021-06-20T23:59:59+02:00,4166,3844,136739,133717,253889,240425,293044,294596,385977,401286,458930,466990,328520,367587,235524,300898,69919,127557,44908,45071,96923,105142,113506,135512,155065,195264,248123,272183,231608,262271,198521,254628,64208,116551,3160028,1808752,452275,234584,797265,401889,94437,398,239
2021-06-19T23:59:59+02:00,3750,3493,134593,131634,251147,238114,291270,292959,384139,399722,458088,466261,328301,367335,235421,300760,69898,127525,44373,44427,95659,103889,112043,134055,153568,193833,244916,269176,230894,261427,198352,254367,64186,116498,3143741,1792873,449464,233008,797257,401615,94339,398,238
2021-06-18T23:59:59+02:00,2802,2581,131322,128500,247630,235075,287266,289560,381749,397604,456749,465100,327927,366935,235266,300524,69871,127476,43591,43518,94088,102120,109762,131394,150028,189811,238085,261924,229174,259430,197869,253729,64111,116365,3117993,1763669,445038,232490,797232,394937,94065,397,238
2021-06-17T23:59:59+02:00,2568,2358,127623,125226,241625,230645,282056,285181,376974,393628,454430,463274,327341,366217,235025,300169,69805,127363,41361,41697,90046,98658,104883,126657,142183,182154,226719,250568,223986,253507,196222,251578,63852,115946,3083327,1708154,442068,228358,796978,384059,89613,306,227
2021-06-16T23:59:59+02:00,2297,2125,124398,121830,236742,226322,277367,280926,371807,389144,451847,461143,326607,365420,234738,299759,69739,127250,39541,40108,86522,95643,100547,122844,133971,174835,214650,238690,217776,246429,194309,249260,63600,115458,3049914,1648566,436544,222764,796462,375999,87016,304,226
2021-06-15T23:59:59+02:00,1910,1793,119487,116971,230767,221188,272033,275947,366750,384517,449009,458734,325740,364450,234393,299245,69657,127067,37923,38505,83209,92607,96591,118807,126935,168476,202339,226705,211767,239660,192360,246837,63289,114889,3005291,1591462,434625,216937,795896,368347,84311,304,223
2021-06-14T23:59:59+02:00,1649,1519,115442,112822,225548,216283,266674,270977,361476,379781,445896,456147,324959,363598,234081,298855,69595,126947,36944,37617,80938,90528,93897,116299,122831,164739,195761,220228,208666,236164,191227,245368,63072,114502,2963220,1561981,432278,214669,795637,360705,81576,301,222
2021-06-13T23:59:59+02:00,1575,1434,113951,111446,223106,214186,264135,268721,359225,377830,444725,455115,324684,363294,233946,298688,69563,126873,36088,36890,79093,88866,91893,114492,120014,162147,191912,216540,205590,232734,190196,244002,62840,114091,2948251,1548060,429844,207419,795330,352523,79530,301,220
2021-06-12T23:59:59+02:00,1426,1297,111304,108702,221217,212459,262757,267449,357790,376433,443830,454347,324397,362986,233854,298585,69545,126845,35720,36488,78110,87772,90646,113206,118446,160589,188358,213241,204557,231610,188796,242346,62830,114061,2932098,1534954,428866,207410,795310,345146,79406,300,219
2021-06-11T23:59:59+02:00,1279,1160,108768,106194,218331,209844,259092,264265,354660,373711,442116,452875,323962,362536,233720,298380,69518,126790,35052,35378,76113,84408,88422,109685,114352,155454,181676,205814,202467,229246,188195,241578,62768,113964,2907722,1507553,426081,206721,795132,331717,78718,300,217
2021-06-10T23:59:59+02:00,1119,1007,104019,101792,212276,205100,252048,258453,348577,368418,437627,449105,323108,361569,233399,297932,69435,126639,33472,33897,72127,80247,83519,104197,107700,147270,169369,192200,196411,222378,186472,239444,62515,113563,2864173,1460577,419000,204985,794288,304749,74602,298,213
2021-06-09T23:59:59+02:00,971,877,100109,98096,206331,200380,245246,252752,341929,362472,433952,446088,322436,360830,233131,297554,69371,126507,31944,32646,68902,77602,79832,101039,102994,143000,158263,181476,185824,210429,184612,237203,62243,113069,2825268,1406724,410482,201017,793784,293504,69963,264,210
2021-06-08T23:59:59+02:00,788,696,95586,93561,199714,194824,238293,246752,333686,355201,428852,441431,321606,359831,232762,297071,69290,126370,30872,31797,66317,75311,76558,98323,98425,139091,150690,174004,177129,200737,182810,234962,62011,112703,2773379,1367626,404722,196118,793206,282673,65461,264,197
2021-06-07T23:59:59+02:00,630,555,92377,90464,193663,190128,231740,241518,325855,349034,425814,438991,321065,359202,232548,296747,69236,126274,30007,30950,63857,73364,73610,96171,94668,136162,142638,166230,173091,196132,181388,233154,61788,112321,2734441,1340591,398566,192830,792644,271603,60638,262,196
2021-06-06T23:59:59+02:00,592,519,90802,89149,190381,187587,228394,238760,321590,345636,424385,437917,320796,358910,232440,296589,69212,126227,29406,30396,62089,71687,71538,94174,91490,133097,136969,160463,170566,193518,180279,231756,61559,111941,2719057,1328771,391191,183202,792171,261174,57909,260,195
2021-06-05T23:59:59+02:00,512,439,88859,87138,185519,183371,225936,236627,319773,344009,423387,437002,320507,358589,232292,296420,69198,126195,28954,29644,60891,69744,70147,92033,89820,130849,132228,155147,167572,189857,179795,231100,61525,111875,2695607,1305211,391074,182737,792000,255823,57532,259,195
2021-06-04T23:59:59+02:00,412,354,86508,84614,181861,179772,221930,232679,316189,340380,421028,434810,320049,358055,232096,296193,69160,126132,28490,28977,59781,68099,68877,89963,88037,128247,128872,151498,163342,185098,178805,229834,61477,111789,2666376,1286449,387255,181967,791888,245753,57137,259,194
2021-06-03T23:59:59+02:00,319,280,83226,81551,176142,175124,214688,226592,308494,333689,413282,427956,319020,356881,231727,295747,69105,126001,27601,27968,57897,65916,66495,87229,84416,124151,122137,144842,157016,177512,177239,227811,61364,111552,2617523,1257329,377022,176670,791471,233034,54227,257,190
2021-06-02T23:59:59+02:00,270,221,81153,79389,172074,171415,211052,223445,304924,330345,411241,426126,318614,356430,231574,295541,69077,125950,27141,27493,56774,64808,64913,85960,82370,122216,117175,139963,149150,168563,176525,226858,61279,111383,2588813,1225196,375640,174706,791442,229422,53358,255,186
2021-06-01T23:59:59+02:00,172,153,76894,75569,163811,164865,201702,215720,295833,322477,403044,418304,317106,354822,231035,294806,68965,125723,25589,26079,52475,61869,60088,82678,76973,117729,109768,132772,138070,155180,174428,224129,61070,110957,2530186,1175176,364014,170605,790683,217660,46513,253,182
2021-05-31T23:59:59+02:00,150,136,74154,73096,158165,160556,194398,209769,288451,316110,397314,413342,316113,353714,230650,294287,68875,125551,24679,25026,49858,59662,56932,80155,73384,114465,105285,128337,133932,150293,173065,222413,60900,110626,2489802,1152816,354643,168288,790055,207283,40718,252,180
2021-05-30T23:59:59+02:00,139,128,73106,72032,155693,158530,191778,207420,285678,313600,395430,411604,315753,353304,230489,294052,68838,125471,24079,24246,48282,57947,55202,78307,71167,111918,102638,125481,131780,147771,172274,221479,60807,110415,2473993,1143087,352128,166982,789434,195941,37875,252,176
2021-05-29T23:59:59+02:00,136,127,72498,71443,154186,157131,189480,205390,283841,312019,394592,410831,315531,353059,230409,293974,68827,125453,23757,23722,47367,56453,53866,76436,69248,109078,100329,122690,128981,144353,171622,220572,60780,110363,2460120,1129518,351970,166917,789365,185417,37855,252,175
2021-05-28T23:59:59+02:00,132,124,71413,70326,151798,154877,185830,201860,280576,308886,392730,409065,315122,352559,230262,293759,68808,125396,23227,22721,45760,54329,52044,73880,67210,105136,96013,116803,124620,139311,170647,219266,60734,110249,2436339,1106959,350925,166704,789159,170898,37478,251,172
2021-05-27T23:59:59+02:00,121,114,68105,67316,145321,149945,177653,195617,274197,303737,386422,403393,313865,351115,229803,293228,68737,125214,21911,21039,42512,51283,48169,70074,62668,99135,89669,109302,120704,134694,167854,215567,60562,109936,2391829,1078584,343324,163963,787357,150858,31757,251,168
2021-05-26T23:59:59+02:00,117,111,65954,65141,140371,145865,171563,190557,267452,298076,379689,396708,312350,349512,229317,292533,68635,125003,21172,20130,40693,49153,45819,67344,59640,95346,85080,104196,115732,128981,164068,210240,60354,109510,2354597,1046711,330138,162395,785551,139406,29027,248,167
2021-05-25T23:59:59+02:00,116,105,63927,63156,136176,142379,166515,186274,260391,291803,374273,391329,311074,348112,228912,291889,68551,124826,20596,19466,39295,47639,43990,65332,57171,92352,81014,99827,110814,123310,158543,203012,60184,109209,2317117,1015272,322639,158976,783017,130194,27394,244,164
2021-05-24T23:59:59+02:00,113,103,62686,61946,133426,140279,163239,183864,253448,285821,369343,386662,310249,347193,228627,291504,68479,124698,20254,19067,38279,46572,42646,63851,55499,90345,78784,97322,109396,121661,157940,202226,60072,109007,2293395,1005956,311551,157681,781238,123518,25849,244,162
2021-05-23T23:59:59+02:00,108,103,62190,61430,132325,139387,162045,182831,252208,284803,367759,385235,309634,346536,228456,291278,68458,124662,20024,18880,37731,46018,41894,63151,54339,89351,77302,95957,108228,120271,156963,201010,60004,108869,2281915,997821,310971,154599,781189,121932,25724,244,161
2021-05-22T23:59:59+02:00,105,101,61498,60811,130841,138320,159678,181213,249242,282514,365285,383017,309108,345945,228279,291012,68432,124612,19707,18459,37119,45419,41255,62621,53687,88628,76535,94816,106680,118472,156191,200042,59977,108815,2263992,991134,310956,154595,781149,118512,24262,244,161
2021-05-21T23:59:59+02:00,101,97,60168,59374,127944,135729,156403,177896,244017,277752,359200,377336,308176,344856,227982,290616,68372,124504,19348,18094,36507,44651,40605,61573,52738,87236,74823,92516,103444,114525,155056,198592,59885,108640,2227989,978140,309319,154270,779584,111925,23979,238,159
2021-05-20T23:59:59+02:00,94,95,57119,56582,122216,130862,149483,171590,233720,269022,350184,369064,305646,342121,227217,289613,68240,124286,18052,17160,34335,42405,38155,58674,49926,83475,70898,88028,99331,109905,152600,195583,59705,108286,2170106,958891,302671,152332,773631,94286,21085,230,159
2021-05-19T23:59:59+02:00,93,93,54907,54392,117213,126189,142323,164984,223195,259674,339655,358187,303005,339256,226472,288574,68090,124010,17472,16376,33112,40822,36751,56613,47916,80703,67663,84460,95454,105436,148982,190869,59443,107794,2104301,935532,296424,150362,770652,84800,19257,230,146
2021-05-18T23:59:59+02:00,88,88,52815,52434,112433,121930,135954,159420,211640,249313,329792,348403,300340,336292,225597,287379,67938,123756,16956,15777,31910,39367,35405,54826,46113,78307,64784,81240,91462,100910,145792,186815,59231,107359,2044518,915361,287072,147509,767059,76186,17279,226,146
2021-05-17T23:59:59+02:00,85,85,51782,51441,110105,119878,133153,156768,205121,243301,322231,341326,298556,334328,225013,286556,67831,123544,16501,15330,30863,38323,34241,53540,44633,76513,62530,78848,86638,95060,144330,184932,59081,107044,2017757,903701,274791,140050,763648,69513,15221,225,144
2021-05-16T23:59:59+02:00,84,82,50996,50785,108665,118557,131416,155111,202154,240624,314800,334381,297538,333199,224706,286073,67779,123447,16218,14959,30116,37546,33370,52620,43571,75200,61199,77380,83228,90995,143543,183859,58994,106904,2002451,897643,264376,133291,760411,65375,13471,223,140
2021-05-15T23:59:59+02:00,84,82,50460,50154,107667,117571,130405,154004,200223,238693,311236,331175,296918,332512,224510,285803,67759,123383,16079,14796,29862,37240,33083,52189,43084,74555,60352,76398,82632,90179,143029,183193,58958,106857,1986282,892411,264359,133145,759546,64248,12761,222,139
2021-05-14T23:59:59+02:00,83,82,49204,48736,105422,115480,126819,150558,192024,231636,304935,325303,295939,331377,224225,285356,67712,123288,15581,14370,29081,36422,32316,51000,42007,72779,58792,74450,80734,87697,142418,182207,58918,106771,1949092,882791,262663,132279,755002,58830,11720,220,138
2021-05-13T23:59:59+02:00,79,81,47289,46792,101586,112256,122116,146461,182019,223064,294345,315499,292972,327960,223417,284218,67612,123081,14719,13925,28226,35727,31556,50102,41066,71690,57291,72886,76965,83360,139661,178610,58808,106555,1897583,870277,254066,125257,748780,54983,10704,216,135
2021-05-12T23:59:59+02:00,77,79,46379,46088,99671,110832,120061,144806,179475,220957,289617,310184,291809,326699,223175,283899,67574,122996,14554,13775,27907,35510,31156,49813,40624,71317,56754,72321,75632,81741,138886,177480,58722,106395,1874562,864568,251907,123474,748291,54713,9905,212,134
2021-05-11T23:59:59+02:00,73,73,44136,44616,95652,107760,114262,140082,166119,209696,277982,299432,288410,322788,222218,282497,67425,122697,14126,13209,26896,34086,30030,48017,39323,69043,55044,70057,72551,78164,137537,175652,58564,106037,1815761,852335,242215,120790,739789,46848,8434,208,132
2021-05-10T23:59:59+02:00,72,69,42884,43646,93055,105762,111011,137459,157741,202688,270118,292335,286239,320344,221643,281635,67300,122457,13782,12765,26138,33103,29237,46762,38328,67187,53819,68328,70468,75611,136395,174143,58445,105749,1780273,843484,236175,119739,732827,39650,7462,204,126
2021-05-09T23:59:59+02:00,71,69,41765,42877,90378,104015,108358,135692,152738,199272,264608,287409,285005,318963,221267,281106,67234,122311,13469,12547,25448,32436,28509,45960,37538,66229,52880,67380,69239,74210,135803,173310,58390,105618,1761002,838915,229092,118764,726848,34888,6472,200,124
2021-05-08T23:59:59+02:00,70,69,41475,42580,89535,103287,107271,134844,151295,198060,262050,285350,284504,318420,221149,280927,67218,122279,13367,12486,25320,32345,28364,45831,37349,66037,52541,67062,68277,73289,134737,171947,58343,105525,1749018,834323,228584,118020,726625,34111,6459,170,103
2021-05-07T23:59:59+02:00,68,68,40553,41865,87610,101952,104460,132636,146680,194262,255810,279848,283167,316824,220800,280470,67165,122156,12621,12002,24498,31613,27602,44771,36488,64775,51357,65552,66036,70606,132520,169139,58254,105347,1723296,824687,225383,115765,722506,27317,5506,169,101
2021-05-06T23:59:59+02:00,64,67,37911,40145,82867,98502,98472,127892,136507,185770,239374,265454,278049,311036,219513,278783,66990,121840,11935,11486,23562,30511,26609,43422,35134,62775,49621,63584,63552,67488,130414,166380,58141,105129,1657815,813622,215478,112663,711634,18957,4595,161,100
2021-05-05T23:59:59+02:00,62,64,36024,38951,79221,95920,93880,124250,128690,179245,224635,251424,271867,303904,217942,276795,66744,121317,11702,11211,23025,29788,26008,42498,34211,61378,48473,62172,60948,64385,127477,162685,58043,104878,1591666,801374,210416,109103,705609,14976,3523,161,99
2021-05-04T23:59:59+02:00,62,62,34921,37849,76503,93607,90381,121211,123134,174516,214027,241158,266382,297459,216502,274952,66535,120849,11540,11009,22622,29248,25552,41727,33497,60297,47366,60901,58234,61216,125121,159757,57893,104642,1542669,789533,205303,106476,699542,11838,2871,160,96
2021-05-03T23:59:59+02:00,61,60,34055,36797,74219,91793,87507,118865,118694,170875,207377,235161,263106,293599,215704,273870,66414,120554,11297,10739,22230,28672,25072,41028,32812,59331,46344,59763,55456,57881,121354,154868,57636,104205,1510947,773721,202194,104768,694623,9077,1217,158,95
2021-05-02T23:59:59+02:00,61,60,33704,36479,73049,90892,86044,117772,116271,169010,204285,232649,262147,292511,215420,273463,66349,120446,11226,10668,22042,28462,24845,40742,32472,58927,45893,59288,54267,56423,118294,151195,57553,104075,1500367,768717,199406,99224,690755,8179,350,157,92
2021-05-01T23:59:59+02:00,60,60,33388,36107,72289,90101,84975,116733,114810,167653,201209,229620,261458,291690,215212,273182,66338,120408,11212,10653,21989,28432,24786,40704,32411,58869,45810,59213,54025,56131,118135,150999,57544,104058,1485317,767409,199404,99184,690489,8130,346,156,92
2021-04-30T23:59:59+02:00,57,58,32848,35508,71084,88880,83517,115009,111034,164094,193819,222511,259467,289326,214764,272575,66278,120302,10892,10458,21628,28153,24512,40282,32086,58306,45349,58581,53132,54970,117187,149815,57489,103939,1452472,763740,199079,97202,689692,5788,150,153,89
2021-04-29T23:59:59+02:00,55,56,31348,34561,68173,86863,79892,112412,105934,159996,181022,210977,251542,280235,213567,270944,66142,119953,10590,10246,21154,27705,24084,39784,31502,57565,44544,57646,51302,52781,115342,147582,57389,103744,1397675,754925,191802,94526,684328,3480,130,146,87
2021-04-28T23:59:59+02:00,54,54,30114,33950,66309,85556,77415,110595,102509,157147,171347,201815,240699,267652,212288,269261,65945,119625,10407,10087,20858,27354,23722,39316,31080,56913,43820,56825,49186,50169,112766,144354,57266,103532,1345098,745410,188444,89990,678958,2255,100,140,85
2021-04-27T23:59:59+02:00,51,53,29359,33268,64737,84094,75415,108790,99757,154753,166633,197097,232201,257854,211143,267649,65825,119402,10283,9976,20577,27065,23486,38988,30723,56418,43138,56135,47185,47630,110127,140926,57149,103333,1311116,735622,186145,85984,670982,1538,99,138,81
2021-04-26T23:59:59+02:00,50,53,28930,32885,63640,83211,73919,107627,97478,153044,158026,189090,228018,253016,210438,266659,65733,119204,10188,9887,20363,26879,23251,38771,30430,56080,42526,55562,45382,45486,108235,138450,57054,103180,1282221,727679,184705,82896,664257,1159,95,136,79
2021-04-25T23:59:59+02:00,50,52,28679,32649,62866,82690,72860,106895,95752,151821,152649,184226,223690,248140,209849,265880,65667,119082,10133,9853,20284,26804,23165,38690,30320,55954,42367,55403,44968,44989,107555,137543,57026,103110,1269501,726025,178572,81126,655584,1027,92,136,78
2021-04-24T23:59:59+02:00,50,51,28337,32223,61930,81470,71675,105453,94208,150169,147753,179085,220907,244811,209379,265207,65633,119032,10118,9835,20243,26762,23115,38625,30239,55868,42218,55267,44726,44682,107306,137249,57005,103082,1244681,724943,178545,80428,654304,984,91,136,77
2021-04-23T23:59:59+02:00,48,51,27591,31600,60363,79965,69889,103437,91621,147536,142986,174698,216361,239270,208723,264217,65570,118917,10066,9773,20135,26676,22984,38475,30006,55662,41855,54937,44108,43925,106246,135967,56849,102807,1219852,721601,177368,77956,645777,932,90,134,75
2021-04-22T23:59:59+02:00,46,50,26977,31001,58829,78531,67426,101223,87504,144052,134959,167216,207335,228279,206684,261586,65372,118520,9941,9677,19886,26382,22631,38042,29492,55148,41101,54302,42940,42598,104256,133522,56621,102409,1178365,714143,169932,74016,637447,808,90,129,73
2021-04-21T23:59:59+02:00,46,48,26484,30479,57504,77430,65547,99597,84474,141418,127780,160411,194275,212956,204538,258699,65147,118094,9810,9591,19655,26135,22347,37717,29141,54699,40549,53772,42096,41581,102073,130743,56368,101999,1126950,707618,167055,69942,631079,736,90,122,72
2021-04-20T23:59:59+02:00,45,47,26059,30012,56347,76289,63875,98019,81933,138845,122705,155356,182812,199511,202114,255568,64911,117671,9707,9500,19437,25946,22056,37448,28733,54289,40010,53237,41281,40652,99858,127762,56032,101462,1084391,700085,163572,66693,624313,658,88,120,68
2021-04-19T23:59:59+02:00,45,46,25692,29659,55380,75470,62593,96846,79811,136920,119188,151978,177068,192677,200407,253335,64728,117338,9599,9409,19207,25726,21812,37176,28417,53898,39500,52708,40486,39744,96764,123801,55627,100751,1059883,689753,161745,64277,617713,622,87,115,68
2021-04-18T23:59:59+02:00,44,44,25389,29399,54613,74925,61473,95901,77962,135500,115829,149587,171963,187128,199397,252112,64618,117147,9526,9334,19020,25553,21636,37010,28201,53621,39241,52458,40158,39357,95549,122257,55446,100455,1045943,685896,160077,62346,607164,607,87,114,67
2021-04-17T23:59:59+02:00,43,43,25280,29307,54242,74731,60957,95550,77309,134903,114984,148847,167714,182251,198863,251388,64583,117082,9481,9275,18882,25365,21449,36780,27974,53346,38976,52191,39859,39035,94789,121330,55382,100371,1035074,681885,160049,62032,603106,595,87,114,67
2021-04-16T23:59:59+02:00,43,43,24908,29059,53253,74125,59674,94674,75690,133574,110844,144710,160088,173481,197210,249188,64474,116874,9273,9100,18490,24939,20870,36207,26874,52448,36964,50596,36564,36122,91611,117820,54979,99716,1009209,666894,159263,55146,593591,560,87,113,65
2021-04-15T23:59:59+02:00,39,39,24434,28607,52003,72957,57717,92946,72424,130732,105377,139435,152229,164513,192558,243316,64177,116256,9099,8938,18122,24518,20377,35550,26197,51656,35574,49368,34459,34095,88506,114101,54472,98859,977020,653841,157211,49569,575676,510,86,112,63
2021-04-14T23:59:59+02:00,37,35,24093,28282,51067,72021,56380,91560,70040,128576,101390,135669,143039,154138,184822,233441,63835,115588,8696,8667,17649,24012,19841,34908,25285,50780,34289,48246,32420,31945,85532,110459,53982,98001,939177,638984,154545,45348,560439,411,85,109,62
2021-04-13T23:59:59+02:00,37,35,23855,28067,50374,71483,55437,90739,68406,127167,97667,132239,131215,141027,178436,225114,63495,115000,8462,8497,17305,23608,19421,34376,24621,49986,33224,47233,31039,30586,83388,108087,53626,97458,905963,629703,150034,40957,543945,289,85,107,60
2021-04-12T23:59:59+02:00,36,34,23646,27881,49823,70975,54573,90007,66941,125880,95038,129916,124111,132997,175214,221166,63225,114509,8225,8311,16946,23313,19052,33941,24150,49450,32556,46608,29517,29051,81731,106153,53300,96937,889574,621295,148494,37705,528052,273,84,105,58
2021-04-11T23:59:59+02:00,35,34,23472,27722,49300,70555,53844,89554,65801,125077,93184,128439,118634,126987,171296,216563,63056,114212,8092,8177,16650,23034,18734,33633,23794,49070,32109,46224,28882,28387,80711,104908,53092,96619,882113,616012,144087,35880,511714,258,81,104,57
2021-04-10T23:59:59+02:00,35,34,23411,27665,49133,70421,53645,89396,65475,124808,92661,128005,116553,124462,169857,214714,63014,114112,7505,7574,15760,22248,17778,32794,22674,48038,30999,45230,28222,27675,78618,102303,52826,96183,875131,600707,143234,35501,509189,253,76,104,57
2021-04-09T23:59:59+02:00,34,34,23165,27417,48633,69929,53007,88715,64480,123686,90837,126100,107738,113531,166483,210311,62816,113756,6547,6676,14233,20927,16059,31236,20535,46076,28801,43225,26448,25854,75119,98133,52283,95344,855748,573299,136189,33990,498894,242,69,99,55
2021-04-08T23:59:59+02:00,34,34,22870,27172,48054,69439,52256,88018,63174,122605,88425,123935,97439,101558,160951,203473,62490,113192,5905,6089,13047,19911,14802,29897,18896,44360,26305,40891,23434,22892,70476,92373,51146,93594,837115,541798,127300,32051,480874,209,59,97,55
2021-04-07T23:59:59+02:00,32,33,22560,26947,47254,68984,51333,87409,61785,121627,85289,121499,88262,91271,153957,194691,62196,112631,5525,5768,12390,19238,13990,29070,17853,43308,24398,38995,20900,20369,66524,87610,50153,91979,816751,518359,121711,29572,459470,178,55,96,54
2021-04-06T23:59:59+02:00,31,33,22350,26786,46728,68604,50744,86885,60753,120851,83184,119758,80506,82473,147600,186732,61853,112004,5333,5610,12041,18881,13639,28639,17319,42748,23536,38187,19774,19340,63370,83523,49234,90599,797497,505018,118502,26634,442052,167,50,93,52
2021-04-05T23:59:59+02:00,31,32,22251,26662,46417,68260,50361,86488,60208,120161,82005,118606,76031,77383,142605,180634,61652,111689,5195,5471,11780,18629,13345,28327,16997,42376,23091,37727,19310,18871,60493,79975,48535,89534,788078,495700,116750,23841,426825,162,47,91,52
2021-04-04T23:59:59+02:00,31,32,22203,26602,46296,67992,50192,86174,59929,119661,81498,117975,74590,75679,141904,179659,61615,111607,5191,5465,11762,18616,13334,28311,16978,42359,22993,37655,18903,18548,59056,78130,48330,89223,785544,490912,116646,23839,421633,155,43,88,50
2021-04-03T23:59:59+02:00,31,32,22141,26521,46173,67884,50030,85999,59613,119349,80930,117397,73245,74045,140789,178123,61532,111458,5182,5457,11749,18598,13311,28291,16944,42312,22888,37581,18767,18398,58706,77569,48241,89078,779186,489131,116604,23839,419686,155,42,87,50
2021-04-02T23:59:59+02:00,31,32,22064,26438,46013,67719,49813,85751,59144,118900,80052,116585,71691,72165,138511,175146,61335,111100,5163,5420,11702,18556,13257,28209,16855,42164,22616,37104,18409,18035,56366,74690,47430,87978,770085,480658,114830,23196,417760,155,40,86,48
2021-04-01T23:59:59+02:00,28,30,21869,26234,45596,67200,49169,85010,58269,117961,78169,114914,68432,68739,134432,169977,61018,110535,5016,5277,11431,18293,13034,27976,16533,41856,22115,36663,17594,17292,51532,68669,45754,85523,758452,462649,108746,21827,410572,141,35,84,47
2021-03-31T23:59:59+02:00,28,30,21543,26016,45194,66677,48676,84362,57542,117023,77012,113672,66393,66422,129677,163870,60616,109813,4938,5226,11334,18175,12874,27826,16294,41586,21522,36153,16465,16389,46330,62265,44379,83551,748712,444354,101597,20882,404451,138,30,82,43
2021-03-30T23:59:59+02:00,28,29,21365,25794,44796,66058,48171,83566,56835,115972,75877,112296,64555,64404,125304,158122,60149,108913,4871,5141,11229,18049,12682,27637,15966,41263,20947,35604,15633,15587,43576,58858,43264,81757,738544,432504,97380,19520,396511,109,26,77,42
2021-03-29T23:59:59+02:00,27,29,21168,25556,44336,65507,47695,82876,56100,114898,74654,110863,62069,61662,118572,149485,59379,107520,4774,5071,11124,17937,12529,27471,15719,40943,20490,35135,14981,15047,40990,55879,42159,79937,718026,421317,93960,18844,390609,94,26,77,41
2021-03-28T23:59:59+02:00,27,29,20963,25268,43838,64823,47181,82135,55421,113892,73714,109757,60810,60227,113867,143512,58935,106763,4719,5013,10978,17792,12275,27173,15528,40697,20323,34903,14742,14803,39910,54461,41811,79399,711495,417007,86651,17518,383215,74,26,76,38
2021-03-27T23:59:59+01:00,27,29,20843,25111,43546,64457,46819,81606,54921,113203,73044,109020,59656,59145,112384,141806,58868,106683,4706,5001,10951,17773,12257,27143,15167,40270,19924,34467,14449,14591,39424,53774,41337,78582,706227,412956,85951,16864,379187,68,26,76,38
2021-03-26T23:59:59+01:00,27,28,20591,24599,42744,62755,45853,79580,53587,110186,71034,105407,57645,57267,109635,138575,58542,106168,4688,4968,10927,17721,12188,27051,15089,40161,19585,33873,13982,13942,36360,49942,39280,75341,694850,398470,82645,16645,366924,55,23,75,38
2021-03-25T23:59:59+01:00,27,26,20160,23926,41871,60991,44758,77031,52075,106663,68649,101643,55054,54632,106327,134609,57972,105179,4642,4914,10836,17618,12066,26906,14906,39942,19311,33566,13507,13452,32512,44900,36286,70809,683441,380145,78451,16048,349898,50,21,73,38
2021-03-24T23:59:59+01:00,27,26,19759,23480,41093,59722,43743,75497,50697,104743,66556,99316,52272,51722,102079,129512,57335,104102,4588,4848,10743,17478,11899,26704,14675,39660,18943,33148,13051,12999,29943,41688,33173,65975,670654,364599,73578,14947,337650,44,16,72,38
2021-03-23T23:59:59+01:00,27,26,19512,23180,40533,58813,43022,74410,49665,103233,64903,97460,49985,49380,99322,126300,56776,103262,4529,4778,10644,17354,11753,26521,14429,39348,18525,32762,12548,12492,27512,38596,29509,60085,662543,347059,70238,14358,327230,42,15,70,38
2021-03-22T23:59:59+01:00,27,26,19291,22769,39896,57933,42358,73371,48721,101851,63430,95828,48153,47498,96923,123553,56304,102490,4471,4731,10558,17239,11622,26344,14271,39108,18285,32461,12238,12119,25678,36247,25562,53713,656254,330873,67431,13806,316939,39,15,68,37
2021-03-21T23:59:59+01:00,27,26,19154,22510,39405,57180,41809,72527,48068,100697,62488,94597,47107,46475,95277,121702,55935,101911,4457,4723,10522,17191,11577,26258,14211,39018,18204,32362,12119,11988,25250,35799,25208,53155,653682,328682,65404,13392,308007,39,14,67,37
2021-03-20T23:59:59+01:00,26,26,19094,22365,39195,56685,41571,71967,47757,100060,62051,93997,46454,45709,92679,118472,55649,101425,4448,4716,10513,17179,11550,26241,14168,38982,18122,32288,11960,11827,24611,35025,24446,52070,647225,324975,64955,13203,303198,39,14,67,37
2021-03-19T23:59:59+01:00,25,25,18740,21801,38063,54563,40292,69975,46025,97975,59174,91239,42017,41842,87464,112711,54948,100345,4427,4703,10480,17131,11485,26129,14077,38813,17887,31990,11608,11546,22944,32969,22766,49510,629484,315661,57752,12841,290182,33,14,64,37
2021-03-18T23:59:59+01:00,25,24,18345,21155,36888,52408,38751,67185,43872,93509,55328,85445,37989,38044,82734,107234,53861,98686,4407,4675,10413,17028,11407,25975,13928,38624,17670,31788,11375,11363,21698,31456,21054,46912,612558,307582,52012,12231,267101,30,14,64,36
2021-03-17T23:59:59+01:00,25,23,17925,20805,36163,51490,37987,66232,42791,92157,53541,83616,35317,35260,78711,102412,52917,97213,4384,4649,10351,16934,11335,25841,13815,38435,17472,31596,11138,11140,20458,30045,19465,44512,595909,300087,47614,11523,261246,27,14,62,36
2021-03-16T23:59:59+01:00,24,23,17568,20387,35417,50422,37174,65039,41694,90485,51704,81629,33114,33241,74685,97474,52037,95900,4334,4600,10278,16806,11244,25691,13717,38198,17339,31353,10968,10963,19178,28529,17984,42189,582664,292322,42928,11089,252606,27,11,61,36
2021-03-15T23:59:59+01:00,24,23,17290,20023,34710,49444,36383,63848,40790,89006,50444,80029,31394,31403,71404,93383,51339,94768,4312,4565,10212,16683,11178,25490,13602,37911,17190,31081,10801,10805,18446,27565,16727,40328,571543,286507,39605,10440,244745,26,0,59,36
2021-03-14T23:59:59+01:00,24,22,17022,19596,33857,48236,35484,62530,39735,87179,49190,78302,30231,30172,69408,90820,50894,94092,4288,4546,10167,16606,11121,25348,13542,37689,17100,30917,10730,10720,18264,27284,16465,39768,564436,285310,37729,9306,234816,16,0,55,36
2021-03-13T23:59:59+01:00,24,22,16212,18537,32360,46205,33912,60400,37698,84115,47063,75759,28884,28822,67394,88198,50625,93701,4288,4546,10165,16600,11118,25341,13533,37683,17094,30908,10693,10688,17517,26399,15419,38316,548089,281062,37444,9305,224570,16,0,55,36
2021-03-12T23:59:59+01:00,23,22,15111,17160,29918,43557,31247,57259,34835,79259,43854,71299,26050,25632,63089,82896,49645,92296,4275,4513,10146,16538,11100,25290,13487,37565,17003,30777,10416,10461,16635,25155,14348,36793,520077,275267,36133,9294,207106,13,0,53,35
2021-03-11T23:59:59+01:00,22,22,14071,15700,27672,40864,28928,54071,32248,74871,40100,66405,22653,22157,57076,75585,47715,89456,4234,4473,10065,16419,10990,25065,13369,37255,16837,30473,10114,10249,16000,24314,13680,35519,488046,271266,34543,7853,187175,10,0,51,34
2021-03-10T23:59:59+01:00,22,22,13476,15002,26264,39248,27278,52250,30686,72553,37584,63280,19904,19607,51160,68446,46164,87117,4199,4429,9966,16252,10872,24816,13221,36835,16636,30101,9878,10066,15256,23541,13021,34494,461635,266536,32496,7109,176078,8,0,50,34
2021-03-09T23:59:59+01:00,21,21,13193,14535,25143,38209,25863,51065,29623,70900,36204,61448,18724,18484,47649,64005,45039,85329,4175,4403,9882,16085,10769,24557,13068,36518,16461,29865,9754,9964,14594,22704,12525,33720,448034,262830,29970,6277,167584,8,0,50,32
2021-03-08T23:59:59+01:00,20,21,12862,13933,24059,37102,24596,49927,28687,69416,34973,59830,17644,17605,43530,59018,43811,83345,4160,4367,9821,15887,10667,24298,12935,36161,16334,29600,9671,9880,14100,22097,12211,33281,432577,259652,27965,5886,159968,3,0,49,31
2021-03-07T23:59:59+01:00,20,21,12629,13641,23465,36252,23900,49052,28086,68545,34364,59072,17382,17355,42462,57567,43444,82781,4148,4354,9801,15845,10640,24225,12903,35991,16277,29486,9649,9851,13902,21844,12075,33079,427818,258595,26150,5546,156198,0,0,48,30
2021-03-06T23:59:59+01:00,20,20,12516,13349,23063,35519,23370,48265,27038,67019,33266,57309,16996,17026,41817,56678,43143,82313,4145,4340,9790,15819,10622,24191,12893,35949,16259,29455,9632,9810,13855,21806,11972,32869,423758,258217,26086,5262,149009,0,0,48,29
2021-03-05T23:59:59+01:00,20,20,12104,12748,22382,34315,22688,47034,26282,65390,32034,54890,16350,16194,38357,52373,40986,78870,4118,4293,9720,15719,10571,24043,12825,35754,16173,29248,9536,9741,13669,21591,11601,32258,408573,256519,24635,4413,139948,0,0,48,28
2021-03-04T23:59:59+01:00,18,20,11345,11743,21194,32587,21469,44988,24926,62738,30339,52532,15620,15477,34353,47208,37906,74182,4068,4204,9607,15429,10469,23686,12692,35223,16028,28849,9361,9588,13511,21380,11517,32113,390132,253476,22560,4321,126069,0,0,48,26
2021-03-03T23:59:59+01:00,16,20,11039,11255,20505,31369,20696,43627,24020,60989,29297,50891,15145,14975,31741,43885,34820,69414,4028,4141,9528,15260,10390,23434,12586,34802,15851,28503,9178,9462,13386,21166,11371,31843,374695,250845,21767,4158,117358,0,0,44,24
2021-03-02T23:59:59+01:00,16,20,10777,10830,19859,30401,19983,42607,23234,59602,28326,49618,14518,14328,29065,40514,30934,63195,3980,4070,9466,15095,10322,23169,12483,34370,15750,28196,9053,9360,13248,20978,11294,31698,356507,248447,20257,4157,111173,0,0,43,24
2021-03-01T23:59:59+01:00,14,19,10605,10571,19347,29598,19420,41725,22645,58532,27613,48496,14103,13873,26995,37924,26679,56311,3965,4021,9412,14940,10259,22870,12402,33993,15644,27873,8971,9300,13065,20709,11178,31515,339294,246031,19143,4157,106140,0,0,43,24
2021-02-28T23:59:59+01:00,13,19,10439,10372,18880,28952,18887,40988,22167,57680,27128,47703,13896,13632,26386,37264,26274,55709,3949,4007,9388,14908,10240,22819,12385,33923,15617,27827,8945,9276,12934,20531,11115,31365,336846,245179,18284,4121,101364,0,0,43,24
2021-02-27T23:59:59+01:00,13,18,10260,9857,18551,28085,18629,40201,21882,56696,26800,46910,13620,13331,25719,36460,25352,54290,3937,3995,9367,14888,10208,22771,12346,33841,15572,27754,8923,9260,12924,20514,11110,31358,332938,244825,17562,4014,96277,0,0,43,24
2021-02-26T23:59:59+01:00,12,17,9464,9072,17648,26645,17847,37994,20953,53845,25340,44086,13153,12930,24130,34473,23828,51984,3856,3927,9289,14727,10134,22515,12265,33476,15455,27459,8843,9179,12857,20446,11069,31289,323825,242918,17309,3940,82385,0,0,43,22
2021-02-25T23:59:59+01:00,12,17,8305,8220,16326,25041,16579,35731,19716,50958,23630,41304,12679,12529,22850,32881,22332,49699,3734,3784,9127,14414,9914,21911,12011,32624,15128,26805,8647,9028,12597,20120,10928,31020,316202,238779,16538,3086,66164,0,0,42,21
2021-02-24T23:59:59+01:00,11,16,7940,7696,15671,24005,15950,34493,19002,49445,22839,40105,12284,12193,21544,31381,20652,47072,3662,3717,8987,14123,9737,21458,11808,31997,14865,26269,8506,8891,12455,19947,10863,30809,307955,236007,15574,2157,58862,0,0,42,21
2021-02-23T23:59:59+01:00,11,16,7456,7219,14854,22828,15265,33275,18283,48035,22121,39037,11977,11869,20207,29806,19038,44515,3622,3642,8867,13921,9599,21061,11620,31421,14566,25767,8336,8749,12327,19737,10793,30578,299842,233181,14774,1494,51284,0,0,42,21
2021-02-22T23:59:59+01:00,10,14,7349,7013,14470,22210,14915,32547,17821,47029,21627,38304,11779,11620,19459,28799,17724,42561,3592,3540,8730,13629,9435,20559,11365,30680,14193,25170,8088,8556,12128,19484,10689,30275,293983,229873,14164,308,47192,0,0,40,21
2021-02-21T23:59:59+01:00,10,14,7259,6888,14149,21768,14496,31964,17406,46377,21189,37810,11673,11519,19296,28586,17477,42228,3553,3500,8648,13506,9359,20343,11294,30388,14072,24901,8026,8494,12072,19377,10618,30112,292842,228036,13792,294,43559,0,0,40,21
2021-02-20T23:59:59+01:00,10,14,7142,6838,14024,21688,14380,31829,17287,46227,21031,37629,11574,11435,18514,27669,16420,40758,3551,3494,8638,13498,9349,20322,11280,30363,14059,24890,8021,8485,12007,19313,10564,30044,288587,227653,13595,293,42368,0,0,40,20
2021-02-19T23:59:59+01:00,8,13,6840,6586,13670,21249,14009,31160,16813,45429,20325,36760,10972,11034,17470,26338,15262,39148,3471,3471,8562,13471,9307,20265,11242,30272,14000,24796,7978,8425,11785,19040,10371,29713,282203,225946,13220,292,37743,0,0,37,19
2021-02-18T23:59:59+01:00,8,13,6443,6111,13043,20105,13369,29786,15997,43557,19452,35180,10742,10815,16878,25582,14685,38265,3285,3334,8228,12931,9014,19515,10892,29235,13634,23969,7773,8116,11198,18088,9874,28563,278624,217427,12638,292,28847,0,0,37,18
2021-02-17T23:59:59+01:00,8,12,6278,5768,12597,19224,12880,28596,15297,41835,18805,33854,10515,10564,16121,24768,13908,37075,3036,3174,7888,12416,8713,18725,10522,28191,13243,23119,7539,7881,10641,17235,9436,27745,273958,209280,11906,290,22314,0,0,37,18
2021-02-16T23:59:59+01:00,8,12,5952,5467,12061,18388,12376,27521,14752,40456,18212,32820,10361,10459,15452,23937,13399,36286,2853,3054,7586,11965,8407,18001,10126,27102,12778,22221,7268,7587,9923,16062,8709,26195,270421,199768,11410,134,16161,0,0,35,18
2021-02-15T23:59:59+01:00,8,12,5846,5286,11766,17745,12109,26738,14404,39462,17864,32050,10236,10349,14892,23282,13038,35747,2763,2973,7395,11644,8188,17494,9825,26257,12428,21537,6987,7301,9223,15005,8194,24914,267319,192106,10807,88,12781,0,0,35,17
2021-02-14T23:59:59+01:00,8,12,5577,5171,11518,17474,11886,26302,14170,39016,17673,31773,10191,10298,14659,22943,12873,35354,2713,2935,7281,11480,8059,17288,9649,25925,12250,21235,6891,7178,9002,14621,8006,24379,266319,188870,9871,87,10782,0,0,33,17
2021-02-13T23:59:59+01:00,8,12,5517,5133,11468,17438,11856,26271,14142,38984,17653,31754,10178,10271,14632,22911,12861,35337,2709,2932,7276,11473,8047,17268,9633,25889,12223,21192,6861,7144,8848,14408,7654,23753,266077,187366,9870,9,10554,0,0,32,16
2021-02-12T23:59:59+01:00,8,11,5001,4815,10897,17074,11538,25719,13823,38340,17324,31110,10067,10164,14448,22697,12781,35228,2659,2899,7182,11316,7946,17037,9483,25497,12006,20747,6679,6911,8487,13847,7062,22413,264380,182229,9859,7,6879,0,0,32,16
2021-02-11T23:59:59+01:00,8,10,4539,4514,10311,16393,11126,24913,13343,37076,16834,30250,9752,9903,14166,22248,12501,34542,2491,2625,6583,10124,7259,15301,8623,22883,10957,18670,6028,6198,7443,12230,6247,20093,261148,163812,8216,4,3138,0,0,30,15
2021-02-10T23:59:59+01:00,8,10,4292,4347,9976,15941,10817,24372,13031,36192,16418,29500,9538,9765,13985,22043,12409,34336,2130,2333,5646,8664,6454,13258,7632,19972,9830,16634,5483,5612,6459,10570,5471,18034,258499,144245,7717,3,836,0,0,29,2
2021-02-09T23:59:59+01:00,8,9,4229,4248,9853,15674,10708,23970,12859,35571,16206,29026,9360,9627,13790,21833,12267,34114,1734,1980,4867,7395,5682,11465,6713,17465,8743,14641,4905,4983,5412,9018,4741,15935,256054,125738,6939,1,431,0,0,28,2
2021-02-08T23:59:59+01:00,8,9,4195,4193,9760,15462,10600,23612,12740,35110,16065,28668,9268,9560,13588,21549,12158,33921,1570,1785,4310,6400,5022,9890,5891,14942,7723,12787,4345,4450,4426,7431,3978,13858,253685,108862,6425,1,425,0,0,28,2
2021-02-07T23:59:59+01:00,8,9,4030,4126,9604,15325,10498,23447,12661,34847,15953,28476,9227,9515,13443,21366,12085,33778,1355,1538,3890,5726,4608,9012,5466,13783,7237,11829,4089,4190,4196,7037,3818,13263,252586,101089,5879,1,0,0,0,28,1
2021-02-06T23:59:59+01:00,8,9,4021,4117,9594,15309,10485,23411,12639,34797,15936,28419,9207,9501,13425,21331,11980,33581,1203,1342,3657,5419,4422,8587,5246,13194,6957,11271,3952,4053,4070,6888,3539,12805,252243,96655,5594,1,0,0,0,28,0
2021-02-05T23:59:59+01:00,8,8,3948,4049,9522,15166,10418,23160,12554,34427,15821,28138,9123,9427,13352,21256,11630,32984,1062,1113,3376,4974,4162,8007,4928,12415,6571,10543,3691,3807,3909,6659,3037,11920,250356,90221,4701,0,0,0,0,27,0
2021-02-04T23:59:59+01:00,8,8,3891,3926,9402,14850,10241,22612,12366,33631,15605,27575,8999,9318,13128,20963,11517,32783,798,780,2552,3722,3227,6264,3975,9871,5245,8332,3010,3094,3284,5672,2645,10422,246413,72927,4477,0,0,0,0,26,0
2021-02-03T23:59:59+01:00,8,8,3822,3855,9299,14628,10137,22277,12233,33122,15455,27158,8890,9203,12987,20786,11442,32617,662,612,1925,2807,2493,4836,3003,7583,4013,6281,2199,2229,2399,4205,1918,7814,243685,55007,4309,0,0,0,0,26,0
2021-02-02T23:59:59+01:00,8,8,3756,3760,9199,14435,10038,21897,12090,32558,15253,26705,8765,9089,12864,20576,11359,32351,526,486,1456,2072,1905,3638,2258,5769,2993,4695,1556,1531,1637,2770,1334,5200,240469,39845,4307,0,0,0,0,26,0
2021-02-01T23:59:59+01:00,7,8,3716,3670,9119,14204,9932,21510,11952,31922,15069,26202,8646,8941,12755,20433,11308,32175,391,352,1015,1429,1255,2422,1471,3778,1859,2973,984,973,970,1691,766,3013,237328,25351,4307,0,0,0,0,25,0
2021-01-31T23:59:59+01:00,7,8,3698,3635,9066,14096,9863,21306,11886,31625,14965,26004,8590,8882,12704,20322,11263,32046,361,331,893,1239,1066,2049,1269,3226,1626,2606,886,882,866,1507,695,2707,235840,22216,4192,0,0,0,0,24,0
2021-01-30T23:59:59+01:00,7,8,3697,3632,9056,14083,9849,21283,11873,31605,14953,25990,8586,8877,12644,20258,11212,31981,344,307,833,1155,1009,1926,1205,3036,1551,2469,858,856,847,1467,680,2654,235519,21203,4141,0,0,0,0,24,0
2021-01-29T23:59:59+01:00,7,8,3637,3617,8995,14053,9820,21231,11841,31530,14905,25922,8562,8854,12457,20033,11032,31738,277,224,713,983,865,1566,1050,2646,1340,2144,769,766,798,1412,662,2601,234299,18820,4012,0,0,0,0,21,0
2021-01-28T23:59:59+01:00,7,8,3518,3531,8791,13666,9600,20718,11609,30951,14578,25423,8425,8753,12021,19412,10676,31157,131,57,294,360,377,609,460,1148,609,963,407,423,467,812,379,1571,229510,9069,3404,0,0,0,0,20,0
2021-01-27T23:59:59+01:00,7,8,3287,3396,8498,13250,9299,20095,11225,30115,14191,24686,8209,8542,11471,18606,10251,30394,79,33,203,222,243,413,306,802,430,663,309,309,347,605,284,1149,222801,6398,2794,0,0,0,0,20,0
2021-01-26T23:59:59+01:00,6,8,3121,3299,8216,12913,9036,19525,10920,29358,13794,24054,7973,8321,10893,17692,9603,29242,74,29,188,212,227,379,290,751,399,602,294,284,320,542,258,1019,216087,5869,1951,0,0,0,0,20,0
2021-01-25T23:59:59+01:00,6,8,3033,3204,7935,12432,8746,18819,10533,28356,13314,23292,7690,8120,10275,16875,9147,28341,66,21,168,191,194,323,251,631,347,497,257,240,266,465,210,831,209784,4959,406,0,0,0,0,18,0
2021-01-24T23:59:59+01:00,6,8,2989,3183,7850,12354,8672,18694,10424,28196,13186,23109,7647,8085,10210,16763,9099,28245,65,20,164,187,192,310,248,610,338,483,248,236,264,458,206,816,208479,4846,304,0,0,0,0,18,0
2021-01-23T23:59:59+01:00,6,8,2988,3182,7849,12351,8668,18684,10422,28182,13180,23104,7640,8082,10086,16597,8771,27658,64,20,164,187,191,309,246,610,336,483,248,236,264,458,206,815,207220,4838,302,0,0,0,0,17,0
2021-01-22T23:59:59+01:00,6,8,2926,3136,7725,12238,8585,18543,10312,28012,13099,22989,7610,8049,9888,16295,8253,26634,64,20,163,187,191,309,246,610,335,483,248,236,264,458,206,815,204071,4836,302,0,0,0,0,16,0
2021-01-21T23:59:59+01:00,6,8,2844,2966,7226,11324,8101,17397,9776,26387,12493,21773,7326,7721,9247,15333,7728,25562,58,18,148,173,174,278,221,534,298,443,222,209,233,378,176,684,192977,4248,302,0,0,0,0,16,0
2021-01-20T23:59:59+01:00,6,8,2485,2619,6346,9912,7356,15443,8822,23558,11383,19699,6726,7069,8153,13565,6913,23340,56,18,147,168,171,276,213,520,287,421,210,202,227,353,162,646,173158,4078,299,0,0,0,0,16,0
2021-01-19T23:59:59+01:00,6,8,2043,2264,5446,8524,6492,13549,7800,20766,10112,17460,5969,6184,6764,11373,5891,20285,40,11,98,124,115,171,150,356,188,293,133,115,139,235,113,479,150764,2760,218,0,0,0,0,16,0
2021-01-18T23:59:59+01:00,5,8,1770,1974,4691,7141,5537,11309,6602,17171,8684,14744,5086,5302,5378,9119,4817,16798,21,6,38,46,52,79,66,162,74,147,59,54,66,131,62,220,126084,1283,94,0,0,0,0,16,0
2021-01-17T23:59:59+01:00,4,8,1493,1684,4178,6347,5029,10176,6065,15597,8043,13479,4746,4953,5005,8446,4488,15791,8,2,8,15,15,28,20,51,27,56,23,23,20,31,13,47,115478,387,90,0,0,0,0,15,0
2021-01-16T23:59:59+01:00,4,7,1326,1481,3961,6026,4849,9736,5806,14931,7713,12786,4556,4725,4793,8170,4133,15187,0,0,0,1,1,2,1,1,1,2,0,1,1,0,0,1,110217,12,7,0,0,0,0,14,0
2021-01-15T23:59:59+01:00,4,7,1175,1255,3707,5604,4595,9171,5515,14092,7305,11987,4264,4431,4607,7862,3598,14141,0,0,0,0,0,0,0,0,0,0,0,0,0,0,0,0,103347,0,4,0,0,0,0,14,0
2021-01-14T23:59:59+01:00,3,4,901,942,2961,4415,3730,7355,4571,11347,5908,9641,3463,3562,3869,6636,3114,12329,0,0,0,0,0,0,0,0,0,0,0,0,0,0,0,0,84772,0,0,0,0,0,0,14,0
2021-01-13T23:59:59+01:00,3,3,766,788,2488,3683,3146,6131,3798,9407,4814,7763,2590,2649,2922,5053,2382,9425,0,0,0,0,0,0,0,0,0,0,0,0,0,0,0,0,67827,0,0,0,0,0,0,13,0
2021-01-12T23:59:59+01:00,2,3,635,657,2084,3021,2590,4983,3041,7580,3797,6099,1860,1829,1996,3418,1684,6429,0,0,0,0,0,0,0,0,0,0,0,0,0,0,0,0,51732,0,0,0,0,0,0,0,0
2021-01-11T23:59:59+01:00,1,1,493,522,1740,2445,2080,3982,2356,5761,2821,4425,1196,1131,1196,2004,924,3648,0,0,0,0,0,0,0,0,0,0,0,0,0,0,0,0,36745,0,0,0,0,0,0,0,0
2021-01-10T23:59:59+01:00,1,1,437,453,1480,2021,1739,3259,1947,4776,2345,3707,1054,1007,1051,1757,823,3195,0,0,0,0,0,0,0,0,0,0,0,0,0,0,0,0,31064,0,0,0,0,0,0,0,0
2021-01-09T23:59:59+01:00,1,1,405,409,1356,1844,1594,2969,1793,4327,2160,3376,979,936,992,1703,805,3152,0,0,0,0,0,0,0,0,0,0,0,0,0,0,0,0,28811,0,0,0,0,0,0,0,0
2021-01-08T23:59:59+01:00,1,1,308,281,1107,1501,1316,2300,1475,3548,1790,2759,846,830,904,1580,758,2999,0,0,0,0,0,0,0,0,0,0,0,0,0,0,0,0,24311,0,0,0,0,0,0,0,0
2021-01-07T23:59:59+01:00,1,0,145,76,398,507,480,788,595,1368,781,1205,467,481,560,961,465,1906,0,0,0,0,0,0,0,0,0,0,0,0,0,0,0,0,11185,0,0,0,0,0,0,0,0
2021-01-06T23:59:59+01:00,1,0,110,44,268,285,308,512,399,928,531,825,359,361,423,747,358,1439,0,0,0,0,0,0,0,0,0,0,0,0,0,0,0,0,7899,0,0,0,0,0,0,0,0
2021-01-05T23:59:59+01:00,1,0,86,31,189,230,241,426,321,819,448,705,343,345,406,714,351,1385,0,0,0,0,0,0,0,0,0,0,0,0,0,0,0,0,7042,0,0,0,0,0,0,0,0
2021-01-04T23:59:59+01:00,1,0,68,25,172,193,199,333,257,636,354,513,268,253,286,516,234,927,0,0,0,0,0,0,0,0,0,0,0,0,0,0,0,0,5235,0,0,0,0,0,0,0,0
2021-01-03T23:59:59+01:00,1,0,66,21,166,188,194,319,255,621,344,496,260,251,282,503,232,910,0,0,0,0,0,0,0,0,0,0,0,0,0,0,0,0,5109,0,0,0,0,0,0,0,0
2021-01-02T23:59:59+01:00,1,0,66,21,166,188,194,319,252,621,341,496,260,251,282,503,232,909,0,0,0,0,0,0,0,0,0,0,0,0,0,0,0,0,5102,0,0,0,0,0,0,0,0
2021-01-01T23:59:59+01:00,1,0,65,21,165,188,194,318,251,621,339,494,260,251,282,502,232,909,0,0,0,0,0,0,0,0,0,0,0,0,0,0,0,0,5093,0,0,0,0,0,0,0,0
2020-12-31T23:59:59+01:00,1,0,65,21,165,186,194,317,250,620,338,493,260,251,282,502,232,909,0,0,0,0,0,0,0,0,0,0,0,0,0,0,0,0,5086,0,0,0,0,0,0,0,0
2020-12-30T23:59:59+01:00,1,0,64,21,165,185,192,314,250,618,338,491,260,251,282,502,231,909,0,0,0,0,0,0,0,0,0,0,0,0,0,0,0,0,5074,0,0,0,0,0,0,0,0
2020-12-29T23:59:59+01:00,1,0,45,12,117,140,143,212,182,443,238,377,179,164,194,373,170,709,0,0,0,0,0,0,0,0,0,0,0,0,0,0,0,0,3699,0,0,0,0,0,0,0,0
2020-12-28T23:59:59+01:00,1,0,24,8,64,77,80,122,101,252,118,232,98,93,103,200,103,388,0,0,0,0,0,0,0,0,0,0,0,0,0,0,0,0,2064,0,0,0,0,0,0,0,0
2020-12-27T23:59:59+01:00,0,0,11,3,17,26,36,47,36,89,37,94,32,29,40,73,32,145,0,0,0,0,0,0,0,0,0,0,0,0,0,0,0,0,747,0,0,0,0,0,0,0,0
