Datum,<15_1_m,<15_1_w,15-24_1_m,15-24_1_w,25-34_1_m,25-34_1_w,35-44_1_m,35-44_1_w,45-54_1_m,45-54_1_w,55-64_1_m,55-64_1_w,65-74_1_m,65-74_1_w,75-84_1_m,75-84_1_w,>84_1_m,>84_1_w,<15_2_m,<15_2_w,15-24_2_m,15-24_2_w,25-34_2_m,25-34_2_w,35-44_2_m,35-44_2_w,45-54_2_m,45-54_2_w,55-64_2_m,55-64_2_w,65-74_2_m,65-74_2_w,75-84_2_m,75-84_2_w,>84_2_m,>84_2_w,bp_1,bp_2,mo_1,mo_2,az_1,az_2,ja,unb_1,unb_2
2021-12-08T23:59:59+01:00,103972,97611,361684,339033,467676,430527,466628,453237,517613,522247,553402,551477,366170,409799,252591,325539,74607,137835,54277,51445,319224,302547,426308,388390,431691,417441,486739,489843,529090,526164,354897,396045,245936,315596,71674,131386,4735768,4309933,546571,521600,810670,767550,340371,964,1015
2021-12-07T23:59:59+01:00,102412,96123,361318,338746,467381,430199,466396,453008,517439,522071,553235,551289,366090,409690,252547,325470,74586,137799,53855,51086,318406,301854,425478,387660,431108,416966,486261,489419,528717,525858,354801,395914,245897,315527,71665,131362,4730167,4303305,546355,521406,810670,767550,340334,964,1015
2021-12-06T23:59:59+01:00,100024,93768,360807,338218,466862,429565,465956,452494,517086,521618,552888,550851,365878,409378,252439,325259,74533,137670,53020,50286,316614,300351,423820,386040,429807,415659,485125,488310,527816,525000,354440,395488,245747,315267,71617,131254,4720092,4287616,545984,520990,810669,767541,340275,963,1015
2021-12-05T23:59:59+01:00,98767,92634,360374,337804,466390,428954,465546,452041,516752,521256,552554,550506,365654,409104,252339,325076,74499,137565,52513,49771,315173,299183,422237,384756,428649,414670,484282,487451,527150,524374,354190,395191,245643,315112,71583,131173,4713016,4275495,545626,520608,810669,767532,340229,961,1013
2021-12-04T23:59:59+01:00,97219,91309,360161,337607,466186,428721,465386,451892,516615,521132,552451,550398,365605,409037,252325,325047,74489,137545,52232,49529,314266,298447,421319,383999,427986,414119,483745,487009,526810,524072,354115,395100,245604,315055,71576,131159,4708466,4268700,545507,520466,810669,767531,340208,961,1013
2021-12-03T23:59:59+01:00,93747,88108,359660,337163,465802,428220,465038,451479,516332,520791,552209,550087,365465,408867,252267,324935,74457,137497,51610,48952,312506,296963,419764,382619,426757,413007,482704,486098,526044,523458,353953,394918,245533,314939,71561,131134,4697754,4255448,545249,520128,810668,767528,340178,961,1013
2021-12-02T23:59:59+01:00,90447,85035,358924,336490,465066,427338,464428,450758,515836,520210,551773,549509,365216,408544,252107,324683,74397,137343,50669,48010,310348,295059,417730,380670,424896,411344,481133,484721,525007,522446,353634,394518,245353,314671,71506,131033,4684328,4236394,544729,519487,810667,767527,340103,961,1011
2021-12-01T23:59:59+01:00,88295,83046,358372,335945,464491,426547,463899,450138,515375,519694,551333,548995,364948,408154,251971,324436,74350,137208,50045,47438,308718,293712,416034,379036,423489,410103,479940,483668,524129,521596,353301,394112,245196,314432,71474,130931,4673835,4221503,544377,519045,810664,767523,340045,959,1011
2021-11-30T23:59:59+01:00,85647,80629,357740,335377,463751,425668,463300,449429,514887,519171,550838,548417,364620,407769,251815,324170,74277,137039,49572,46978,307370,292567,414536,377673,422355,409010,478883,482740,523347,520858,352990,393777,245048,314231,71444,130849,4661728,4208773,543891,518709,810661,767521,339986,959,1011
2021-11-29T23:59:59+01:00,82702,77944,357176,334909,463123,424948,462798,448852,514492,518673,550456,547965,364372,407433,251718,323947,74220,136893,49189,46570,306038,291484,413023,376413,421151,408051,477884,481856,522601,520169,352718,393487,244912,314012,71421,130770,4650224,4196753,543531,518326,810655,767500,339931,959,1011
2021-11-28T23:59:59+01:00,80609,76067,356720,334487,462594,424343,462404,448386,514122,518265,550125,547602,364208,407206,251632,323779,74183,136807,48931,46312,305237,290813,412000,375630,420355,407441,477255,481303,522147,519741,352554,393281,244820,313894,71398,130721,4641518,4189174,543207,518060,810646,767475,339886,959,1009
2021-11-27T23:59:59+01:00,78575,74207,356407,334244,462268,424016,462116,448127,513895,518067,549973,547446,364150,407117,251608,323738,74167,136792,48771,46156,304678,290339,411367,375159,419854,407094,476822,480991,521885,519532,352497,393217,244793,313865,71390,130715,4635143,4184691,542999,517878,810645,767474,339843,959,1009
2021-11-26T23:59:59+01:00,75059,70914,355706,333620,461647,423316,461641,447565,513412,517627,549620,547067,364007,406913,251541,323614,74150,136732,48391,45806,303629,289482,410258,374393,418923,406326,476036,480362,521410,519114,352379,393073,244737,313791,71373,130699,4622682,4176131,542764,517568,810639,767461,339783,959,1009
2021-11-25T23:59:59+01:00,71198,67522,354665,332600,460587,421980,460736,446526,512581,516701,548945,546299,363637,406485,251366,323341,74095,136613,47789,45213,302035,288100,408527,372897,417557,405065,474783,479233,520606,518385,352158,392798,244637,313626,71343,130631,4605081,4161959,542209,517054,810628,767459,339668,959,1009
2021-11-24T23:59:59+01:00,69489,65784,353815,331859,459750,420998,459949,445681,511911,515982,548319,545633,363346,406015,251223,323019,74029,136449,47465,44896,301043,287205,407237,371800,416546,404204,473893,478438,519901,517772,351942,392497,244516,313443,71309,130555,4592904,4151663,541862,516736,810621,767447,339573,958,1009
2021-11-23T23:59:59+01:00,67693,64206,352914,331051,458862,419909,459103,444806,511154,515190,547690,544957,363018,405556,251022,322696,73955,136301,47169,44632,300157,286499,406089,370890,415650,403465,473071,477728,519307,517241,351721,392214,244391,313244,71266,130464,4580295,4142611,541399,516431,810619,767436,339477,958,1007
2021-11-22T23:59:59+01:00,66265,62902,351987,330273,457867,418885,458215,443974,510489,514416,547091,544308,362703,405128,250868,322421,73899,136151,46934,44382,299245,285802,404955,370054,414743,402789,472359,477061,518756,516818,351523,391963,244287,313096,71239,130394,4568541,4134152,541045,516235,810616,767423,339347,957,1005
2021-11-21T23:59:59+01:00,65185,61833,351202,329618,456956,417999,457450,443336,509881,513816,546604,543793,362473,404797,250761,322253,73860,136054,46807,44259,298721,285417,404310,369596,414206,402351,471930,476687,518442,516535,351379,391803,244223,312985,71222,130356,4559029,4129302,540730,516046,810595,767414,339223,957,1005
2021-11-20T23:59:59+01:00,64495,61199,350477,329084,456213,417302,456752,442818,509415,513388,546285,543444,362351,404646,250715,322179,73848,136026,46744,44179,298400,285161,403876,369320,413851,402098,471622,476443,518255,516395,351331,391733,244201,312957,71217,130353,4552148,4126422,540460,515916,810591,767410,339143,957,1005
2021-11-19T23:59:59+01:00,63225,59922,348954,327717,454874,415976,455600,441698,508491,512453,545653,542782,362112,404358,250625,322053,73823,135969,46489,43930,297469,284515,402936,368600,413051,401476,470913,475891,517785,516064,351214,391581,244143,312886,71204,130333,4538347,4119188,540055,515647,810585,767400,339000,957,1005
2021-11-18T23:59:59+01:00,61562,58314,346922,325863,452980,413844,453969,440004,507156,511118,544754,541798,361692,403843,250459,321758,73788,135835,45986,43440,296111,283344,401546,367466,411873,400464,469942,474995,517002,515482,350970,391277,244011,312694,71161,130257,4518526,4107391,539532,515275,810578,767388,338722,956,1005
2021-11-17T23:59:59+01:00,60523,57287,345185,324401,451301,412077,452569,438629,505977,510038,543909,540864,361316,403384,250307,321483,73730,135693,45691,43142,295210,282557,400495,366566,411051,399703,469172,474313,516396,514965,350732,390972,243897,312511,71135,130173,4502206,4098584,539097,514976,810567,767376,338499,956,1005
2021-11-16T23:59:59+01:00,59593,56431,343269,322855,449347,410256,451028,437159,504739,508860,543018,539961,360940,402923,250124,321174,73666,135557,45417,42888,294372,281864,399612,365766,410322,399069,468562,473713,515880,514509,350510,390720,243743,312330,71103,130091,4485220,4090909,538602,514734,810561,767371,338211,956,1004
2021-11-15T23:59:59+01:00,58756,55645,341091,321112,447155,408306,449389,435658,503451,507624,542110,539079,360580,402532,249964,320941,73628,135456,45205,42710,293606,281280,398812,365123,409666,398502,468054,473211,515486,514141,350319,390499,243646,312171,71068,129997,4467479,4084472,538256,514524,810543,767363,337890,956,1003
2021-11-14T23:59:59+01:00,57854,54767,339253,319732,445351,406674,448026,434475,502374,506608,541353,538406,360321,402233,249860,320787,73600,135386,44996,42502,292943,280749,398115,364509,409119,398008,467584,472785,515154,513801,350122,390345,243570,312070,71048,129965,4452747,4078822,537896,514375,810518,767352,337589,956,1000
2021-11-13T23:59:59+01:00,57325,54273,337712,318435,443880,405432,446876,433511,501484,505863,540812,537972,360207,402096,249810,320720,73584,135369,44899,42420,292606,280458,397791,364223,408860,397769,467330,472574,514996,513659,350068,390286,243544,312033,71043,129954,4441436,4076229,537708,514290,810507,767348,337399,956,1000
2021-11-12T23:59:59+01:00,56493,53445,335079,316307,441664,403592,445125,431928,500133,504575,539908,537222,360019,401843,249713,320574,73559,135338,44701,42203,291831,279847,397063,363637,408237,397268,466805,472127,514627,513373,349957,390149,243504,311971,71027,129931,4423294,4070466,537304,514108,810501,767335,337101,956,1000
2021-11-11T23:59:59+01:00,55304,52232,331571,313542,438567,400769,442569,429664,498183,502757,538639,536068,359617,401348,249551,320316,73510,135240,44242,41748,290759,278931,396125,362680,407393,396452,466105,471397,514067,512878,349738,389911,243389,311812,70992,129853,4397617,4061665,536527,513747,810483,767317,336496,956,998
2021-11-10T23:59:59+01:00,54513,51566,328804,311343,435758,398349,440447,427810,496510,501207,537515,534999,359245,400901,249390,320057,73467,135139,43982,41464,289940,278170,395274,361882,406707,395772,465497,470794,513587,512432,349490,389650,243250,311643,70959,129784,4376309,4054325,536023,513517,810456,767289,335898,956,998
2021-11-09T23:59:59+01:00,53880,50919,326518,309502,433442,396470,438792,426297,495091,499921,536529,534106,358924,400558,249248,319854,73433,135041,43699,41204,289249,277592,394617,361256,406180,395228,465048,470262,513146,511994,349284,389405,243138,311484,70922,129702,4358869,4048443,535513,513094,810428,767250,335374,956,997
2021-11-08T23:59:59+01:00,53163,50229,323399,307094,430457,394038,436536,424446,493322,498394,535380,533050,358513,400158,249097,319630,73401,134956,43494,41011,288558,276955,393900,360602,405687,394696,464589,469761,512771,511602,349081,389173,243062,311349,70894,129638,4337013,4042949,534932,512811,810396,767234,334578,956,997
2021-11-07T23:59:59+01:00,52760,49845,321788,305894,428743,392577,435148,423364,492274,497563,534744,532469,358314,399921,249003,319531,73381,134906,43335,40847,288071,276534,393384,360094,405266,394310,464272,469397,512512,511356,348968,389039,242984,311262,70883,129600,4324873,4038975,534531,512585,810376,767204,334098,956,997
2021-11-06T23:59:59+01:00,52452,49553,320944,305091,427774,391805,434431,422793,491663,497074,534410,532181,358254,399850,248968,319499,73375,134897,43282,40804,287881,276367,393165,359924,405132,394185,464160,469280,512435,511290,348939,389009,242971,311246,70879,129594,4317955,4037616,534414,512551,810372,767202,333922,956,997
2021-11-05T23:59:59+01:00,51830,48931,319212,303626,426068,390217,432944,421553,490512,496043,533727,531626,358139,399690,248928,319427,73368,134877,43054,40583,287320,275940,392712,359490,404752,393832,463829,468956,512216,511098,348868,388924,242935,311197,70872,129578,4304745,4033986,533892,512363,810362,767191,333363,956,997
2021-11-04T23:59:59+01:00,51111,48235,316945,301636,423557,388115,430980,419908,488851,494672,532789,530909,357928,399439,248841,319292,73341,134815,42645,40136,286352,275056,391801,358551,403969,393065,463190,468320,511687,510633,348685,388726,242832,311024,70829,129510,4287328,4026518,533329,512084,810348,767161,331995,955,996
2021-11-03T23:59:59+01:00,50725,47850,315551,300491,421831,386815,429688,418898,487834,493826,532135,530391,357769,399266,248770,319189,73318,134766,42343,39847,285557,274382,391037,357828,403395,392519,462688,467867,511307,510298,348522,388516,242724,310873,70794,129426,4275914,4020143,533044,511931,810341,767150,331447,954,995
2021-11-02T23:59:59+01:00,50398,47522,314202,299516,420141,385599,428393,418021,486759,493099,531517,529895,357622,399080,248699,319089,73299,134700,41968,39504,284718,273686,390257,357119,402775,391961,462189,467384,510925,509906,348336,388307,242634,310729,70764,129336,4265325,4013596,532736,511740,810334,767134,330775,954,994
2021-11-01T23:59:59+01:00,49993,47142,312696,298385,418457,384462,427036,417118,485715,492363,530973,529510,357494,398950,248649,319027,73286,134665,41716,39222,284037,273074,389570,356568,402208,391506,461729,467010,510612,509639,348220,388188,242575,310614,70744,129275,4254957,4008807,532474,511522,810301,767119,329806,953,993
2021-10-31T23:59:59+01:00,49934,47107,312493,298261,418217,384328,426813,416976,485578,492266,530905,529457,357479,398938,248646,319020,73286,134663,41659,39175,283916,273006,389464,356488,402115,391446,461671,466972,510578,509613,348209,388179,242572,310609,70740,129270,4253648,4008203,532407,511482,810297,767113,329632,953,992
2021-10-30T23:59:59+02:00,49877,47068,312289,298133,417894,384168,426591,416816,485369,492105,530782,529396,357458,398914,248641,319011,73283,134657,41622,39166,283813,272934,389353,356417,402022,391380,461610,466911,510535,509594,348201,388171,242569,310603,70736,129266,4251947,4007656,532360,511420,810296,767110,329464,953,992
2021-10-29T23:59:59+02:00,49657,46835,311243,297414,416565,383281,425463,416108,484466,491476,530270,529108,357387,398840,248603,318967,73273,134636,41490,39060,283314,272563,388860,356024,401597,391083,461254,466627,510327,509437,348142,388116,242549,310564,70729,129252,4244256,4004782,532072,511262,810292,767105,328584,953,992
2021-10-28T23:59:59+02:00,49202,46406,309440,296070,414466,381852,423824,414939,483154,490489,529528,528579,357230,398672,248537,318885,73262,134594,41177,38767,282347,271713,387897,355201,400818,390422,460632,466093,509858,509113,347993,387928,242476,310464,70707,129196,4231881,3998576,531634,510955,810277,767073,326937,953,991
2021-10-27T23:59:59+02:00,48874,46081,308530,295285,413357,380968,422953,414215,482427,489946,529111,528269,357129,398497,248478,318789,73245,134558,40882,38476,281597,271029,387242,354584,400324,389927,460202,465657,509552,508827,347833,387751,242397,310340,70680,129133,4224381,3993024,531322,510763,810271,767044,326336,953,991
2021-10-26T23:59:59+02:00,48462,45668,307448,294320,412197,380026,422046,413529,481725,489345,528688,527944,357009,398370,248418,318705,73222,134509,40522,38107,280716,270089,386477,353845,399758,389361,459755,465198,509191,508524,347686,387588,242297,310184,70654,129063,4216209,3986459,531100,510600,810258,767028,325657,953,991
2021-10-25T23:59:59+02:00,48305,45531,306930,293859,411613,379593,421553,413180,481303,489054,528498,527777,356966,398312,248405,318679,73216,134502,40456,38046,280487,269898,386230,353666,399578,389223,459603,465079,509090,508446,347664,387555,242286,310165,70650,129052,4212462,3985208,531032,510556,810254,767018,325120,953,991
2021-10-24T23:59:59+02:00,48092,45347,306373,293372,410919,379074,421028,412757,480875,488728,528279,527585,356902,398224,248374,318653,73208,134489,40265,37885,280009,269424,385761,353260,399219,388900,459328,464820,508918,508263,347570,387455,242248,310099,70637,129032,4208223,3981884,530875,510419,810251,766999,324519,953,990
2021-10-23T23:59:59+02:00,48055,45316,306209,293237,410704,378928,420872,412614,480762,488637,528206,527535,356881,398199,248370,318647,73207,134485,40225,37841,279918,269315,385639,353187,399139,388822,459256,464756,508882,508230,347549,387441,242247,310093,70636,129031,4207031,3981218,530806,510354,810249,766996,324367,953,990
2021-10-22T23:59:59+02:00,47800,45081,305423,292669,409806,378234,420123,412053,480188,488158,527850,527283,356823,398129,248351,318613,73201,134473,39973,37598,279353,268787,385135,352744,398713,388453,458947,464479,508656,508058,347481,387376,242225,310051,70630,129021,4201352,3977529,530531,510186,810247,766979,323712,953,990
2021-10-21T23:59:59+02:00,47323,44624,304289,291784,408547,377247,419108,411236,479347,487495,527301,526900,356697,397989,248284,318508,73181,134419,39391,37036,278278,267725,384225,351862,397984,387679,458304,463903,508234,507692,347322,387174,242132,309891,70604,128969,4192627,3969619,530253,509808,810242,766965,322739,952,989
2021-10-20T23:59:59+02:00,47097,44369,303672,291234,407859,376618,418541,410771,478908,487114,527006,526662,356604,397865,248213,318416,73156,134359,38971,36658,277521,266965,383602,351194,397453,387067,457869,463449,507878,507366,347144,386971,242033,309749,70565,128893,4187334,3963118,530099,509631,810233,766952,322373,952,989
2021-10-19T23:59:59+02:00,46807,44091,303107,290749,407335,376139,418148,410416,478613,486836,526768,526454,356488,397735,248152,318325,73123,134304,38517,36203,276628,266128,382884,350479,396969,386523,457459,462988,507542,507042,346957,386740,241927,309600,70528,128810,4182953,3956240,529970,509456,810223,766933,322018,952,988
2021-10-18T23:59:59+02:00,46607,43893,302546,290270,406807,375688,417767,410054,478321,486590,526529,526245,356392,397627,248100,318230,73102,134262,38229,35943,275977,265436,382330,349828,396545,386030,457117,462595,507250,506766,346802,386588,241842,309473,70495,128760,4178915,3950897,529823,509271,810218,766912,321645,952,988
2021-10-17T23:59:59+02:00,46493,43774,302213,290009,406530,375429,417542,409886,478161,486428,526422,526115,356332,397573,248078,318183,73089,134225,37980,35688,275463,264927,381953,349447,396256,385689,456871,462361,507084,506592,346711,386475,241805,309405,70472,128709,4176666,3947187,529746,509109,810205,766875,321434,952,988
2021-10-16T23:59:59+02:00,46464,43741,302133,289945,406449,375369,417497,409840,478115,486389,526395,526098,356326,397564,248074,318177,73087,134223,37938,35643,275356,264817,381873,349376,396199,385616,456829,462316,507056,506568,346702,386465,241802,309400,70471,128704,4176166,3946564,529721,509048,810205,766873,321363,952,988
2021-10-15T23:59:59+02:00,46314,43581,301695,289597,406068,375042,417196,409575,477868,486161,526233,525964,356274,397524,248057,318146,73078,134208,37706,35396,274792,264229,381460,348978,395856,385271,456550,462032,506857,506396,346641,386390,241762,309353,70466,128683,4173297,3942787,529598,508834,810201,766863,321049,952,988
2021-10-14T23:59:59+02:00,45980,43243,300899,288890,405396,374369,416670,409104,477431,485741,525912,525680,356158,397394,248000,318052,73047,134145,37149,34832,273540,262958,380646,348008,395169,384433,455898,461381,506429,505975,346407,386165,241651,309196,70435,128632,4167713,3934039,529330,508330,810182,766805,320445,952,986
2021-10-13T23:59:59+02:00,45667,42962,300311,288330,404898,373849,416261,408696,477087,485401,525644,525428,356033,397248,247932,317956,73023,134087,36818,34548,272767,262147,380037,347258,394644,383796,455470,460912,506060,505607,346230,385964,241553,309004,70399,128553,4163042,3927654,529144,508057,810175,766759,320012,951,986
2021-10-12T23:59:59+02:00,45338,42683,299649,287780,404370,373307,415849,408306,476775,485090,525393,525195,355925,397110,247886,317867,72995,134037,36522,34259,271928,261283,379342,346532,394101,383228,455048,460480,505698,505257,346004,385743,241446,308854,70358,128443,4158327,3921024,528963,507828,810166,766735,319656,951,984
2021-10-11T23:59:59+02:00,45094,42456,299059,287292,403875,372840,415435,407940,476468,484780,525149,524994,355815,396989,247817,317773,72959,133973,36236,34003,271172,260548,378666,345852,393608,382672,454664,460030,505363,504952,345809,385546,241352,308711,70317,128361,4154126,3915124,528787,507547,810154,766709,319196,951,984
2021-10-10T23:59:59+02:00,44933,42321,298696,287005,403527,372528,415196,407687,476284,484583,525000,524861,355765,396934,247793,317735,72941,133944,36068,33876,270691,260128,378202,345381,393275,382328,454374,459744,505140,504775,345713,385444,241297,308641,70299,128328,4151676,3911490,528643,507425,810141,766674,318828,951,984
2021-10-09T23:59:59+02:00,44903,42294,298592,286926,403436,372467,415130,407632,476233,484534,524971,524841,355755,396919,247791,317731,72940,133943,36018,33821,270572,260023,378102,345281,393192,382252,454316,459690,505102,504744,345703,385430,241291,308633,70298,128326,4151140,3910779,528602,507352,810138,766662,318713,951,984
2021-10-08T23:59:59+02:00,44661,42085,298083,286515,402975,372089,414823,407334,475946,484294,524756,524671,355693,396858,247756,317679,72922,133929,35810,33543,270004,259458,377675,344847,392811,381870,454036,459362,504922,504585,345639,385346,241257,308588,70287,128314,4147712,3906934,528473,507187,810134,766643,318302,951,983
2021-10-07T23:59:59+02:00,44278,41652,297094,285636,402181,371312,414174,406711,475424,483795,524346,524343,355564,396685,247665,317569,72890,133863,35158,32882,268609,258059,376675,343660,392002,380868,453320,458610,504372,504084,345382,385065,241121,308411,70232,128233,4140749,3897236,528235,505993,810125,766601,317623,951,982
2021-10-06T23:59:59+02:00,44015,41388,296379,285038,401650,370799,413765,406277,475056,483474,524073,524090,355433,396533,247590,317450,72866,133787,34830,32569,267865,257246,376131,342995,391524,380323,452897,458160,504022,503726,345209,384854,241009,308264,70203,128154,4135831,3891117,528101,505878,810118,766566,317127,951,982
2021-10-05T23:59:59+02:00,43697,41090,295661,284350,401008,370171,413240,405788,474671,483066,523786,523786,355287,396376,247512,317303,72837,133692,34529,32254,267047,256400,375441,342254,390981,379711,452391,457692,503669,503367,345016,384634,240898,308092,70156,128080,4130375,3884657,527963,505732,810111,766544,316383,951,982
2021-10-04T23:59:59+02:00,43417,40850,294813,283637,400271,369565,412728,405302,474250,482664,523481,523511,355152,396200,247438,317182,72807,133601,34223,31936,266128,255464,374712,341471,390379,379109,451912,457154,503277,502997,344823,384403,240743,307928,70116,127993,4125053,3877934,527809,505619,810101,766503,315414,949,982
2021-10-03T23:59:59+02:00,43256,40699,294401,283212,399843,369192,412403,405039,474027,482426,523302,523345,355068,396101,247392,317100,72800,133564,34043,31800,265632,255036,374253,341059,390022,378712,451639,456841,503028,502763,344698,384257,240682,307832,70098,127963,4122129,3874343,527705,505502,810075,766447,314768,949,981
2021-10-02T23:59:59+02:00,43219,40662,294277,283085,399719,369100,412316,404956,473963,482366,523265,523313,355054,396077,247391,317097,72798,133562,33996,31761,265493,254904,374153,340969,389944,378633,451582,456787,502997,502725,344685,384233,240680,307825,70096,127963,4121409,3873645,527627,505445,810073,766420,314618,949,981
2021-10-01T23:59:59+02:00,43007,40406,293651,282519,399147,368585,411852,404564,473622,482093,522996,523128,354969,395998,247363,317048,72786,133544,33696,31468,264831,254252,373660,340528,389558,378256,451254,456470,502772,502525,344608,384166,240653,307779,70087,127946,4117418,3869740,527484,505287,810061,766364,313821,949,979
2021-09-30T23:59:59+02:00,42600,40004,292505,281410,398113,367589,411030,403758,472949,481408,522480,522705,354797,395789,247270,316918,72761,133474,33158,30921,263627,253079,372784,339595,388844,377426,450649,455814,502296,502121,344439,383942,240572,307620,70058,127893,4109534,3862628,527137,504279,810040,766280,312349,947,979
2021-09-29T23:59:59+02:00,42256,39697,291723,280658,397366,366869,410470,403171,472441,480911,522114,522391,354613,395584,247194,316784,72732,133408,32856,30611,262863,252311,372134,338933,388382,376846,450220,455354,501942,501775,344264,383761,240479,307457,70036,127835,4103555,3857105,526977,504127,810032,766211,311310,947,978
2021-09-28T23:59:59+02:00,41920,39382,290844,279823,396556,366141,409854,402599,471914,480396,521729,522030,354403,395364,247098,316628,72694,133305,32545,30341,261997,251517,371415,338286,387866,376311,449771,454894,501587,501423,344082,383557,240386,307315,70009,127782,4097207,3851557,526849,503977,810024,766155,310086,947,978
2021-09-27T23:59:59+02:00,41502,39000,289946,278975,395748,365420,409282,402008,471428,479868,521325,521700,354243,395165,247011,316508,72665,133217,32224,29981,260962,250586,370535,337474,387193,375629,449222,454346,501177,501061,343900,383324,240296,307181,69983,127718,4091506,3845329,526682,503824,810016,766044,308284,947,978
2021-09-26T23:59:59+02:00,41128,38694,289366,278433,395240,364969,408937,401656,471122,479573,521114,521510,354132,395065,246968,316440,72647,133177,32065,29847,260451,250120,370081,337071,386845,375254,448928,454049,500969,500872,343807,383232,240238,307108,69967,127682,4087773,3842324,526536,503673,809990,765928,307347,947,978
2021-09-25T23:59:59+02:00,41073,38633,289196,278264,395081,364845,408818,401564,471026,479488,521052,521467,354119,395045,246959,316431,72645,133174,32021,29792,260282,249964,369931,336944,386722,375153,448855,453946,500905,500838,343786,383209,240228,307094,69967,127680,4087006,3841598,526461,503611,809987,765894,306900,947,978
2021-09-24T23:59:59+02:00,40874,38418,288552,277605,394424,364270,408285,401076,470569,479078,520749,521222,354012,394960,246918,316379,72639,133149,31761,29533,259607,249273,369316,336395,386269,374710,448434,453583,500581,500591,343669,383103,240185,307040,69955,127656,4083199,3837855,526308,503506,809977,765823,305163,947,977
2021-09-23T23:59:59+02:00,40236,37744,286829,275929,392935,362897,407087,399857,469517,478106,519992,520535,353714,394684,246787,316163,72596,133031,31366,29112,258300,248179,368154,335400,385323,373873,447612,452843,499983,500074,343431,382858,240072,306891,69929,127580,4073244,3831718,525894,503231,809965,765723,300991,947,975
2021-09-22T23:59:59+02:00,39900,37425,285823,274937,392060,362041,406329,399079,468847,477497,519449,520093,353482,394414,246677,315966,72546,132944,31077,28849,257514,247426,367397,334706,384687,373274,447098,452318,499511,499723,343226,382645,239967,306753,69896,127517,4066318,3826569,525671,503058,809943,765607,299028,946,973
2021-09-21T23:59:59+02:00,39482,36943,284730,273847,391082,361126,405560,398316,468211,476904,518996,519659,353256,394146,246574,315790,72492,132830,30758,28570,256643,246566,366616,333985,384040,372664,446591,451831,499094,499322,343030,382435,239862,306588,69863,127430,4058667,3820896,525508,502859,809932,765526,297282,946,973
2021-09-20T23:59:59+02:00,39127,36665,283581,272763,390016,360180,404726,397500,467505,476282,518497,519200,353009,393917,246466,315608,72448,132733,30373,28199,255514,245575,365619,333134,383237,371887,445866,451244,498627,498877,342801,382218,239756,306400,69827,127352,4051562,3814352,525358,502683,809918,765321,294821,946,972
2021-09-19T23:59:59+02:00,38966,36530,282982,272348,389431,359685,404314,397097,467161,475967,518227,518964,352921,393792,246426,315529,72437,132695,30255,28079,254996,245134,365105,332704,382811,371542,445495,450897,498339,498653,342691,382089,239699,306314,69818,127321,4048195,3811489,525213,502500,809894,765022,293600,946,972
2021-09-18T23:59:59+02:00,38911,36458,282819,272187,389229,359520,404129,396952,467050,475853,518158,518904,352905,393779,246418,315520,72435,132691,30124,27948,254681,244785,364849,332449,382570,371349,445332,450763,498244,498564,342661,382063,239680,306295,69815,127313,4047231,3809596,525098,502419,809891,765009,293126,946,971
2021-09-17T23:59:59+02:00,38578,36092,281912,271352,388433,358760,403402,396295,466433,475326,517775,518540,352754,393633,246355,315449,72411,132659,29856,27681,253936,244099,364155,331849,381975,370844,444862,450351,497904,498275,342539,381926,239629,306217,69802,127291,4041866,3805789,524762,502015,809879,764978,291071,946,971
2021-09-16T23:59:59+02:00,38006,35494,280316,269775,387060,357300,402186,394966,465409,474343,517000,517841,352436,393305,246225,315260,72365,132567,29417,27258,252784,243079,363181,330911,381140,369976,444192,449653,497386,497825,342312,381705,239530,306088,69771,127231,4030909,3799135,523999,501613,809838,764831,288522,946,969
2021-09-15T23:59:59+02:00,37626,35183,279179,268674,386151,356319,401322,394104,464729,473651,516467,517324,352213,393015,246056,315087,72331,132454,29115,26969,251924,242265,362392,330109,380450,369297,443620,449134,496878,497382,342101,381465,239394,305942,69748,127154,4023336,3793445,523709,501378,809824,764757,286418,946,969
2021-09-14T23:59:59+02:00,37313,34875,278206,267705,385203,355452,400579,393330,464118,472993,515935,516869,351965,392771,245927,314917,72288,132386,28839,26730,251139,241469,361655,329435,379837,368696,443076,448620,496456,496995,341905,381248,239283,305796,69724,127099,4016459,3788292,523375,501154,809794,764607,284604,945,968
2021-09-13T23:59:59+02:00,36923,34480,276955,266434,384244,354405,399798,392445,463419,472267,515404,516363,351741,392518,245804,314762,72250,132313,28378,26306,250009,240414,360829,328647,379233,368041,442517,448092,495998,496615,341709,381019,239182,305649,69695,127045,4008198,3781338,522650,500869,809761,764510,283312,945,967
2021-09-12T23:59:59+02:00,36779,34351,276366,265992,383766,353956,399407,392014,463091,471964,515190,516146,351634,392405,245758,314688,72240,132278,28220,26187,249476,240000,360319,328200,378860,367685,442210,447796,495748,496390,341583,380884,239124,305561,69680,127002,4004982,3778286,522482,500676,809724,764382,282233,944,965
2021-09-11T23:59:59+02:00,36700,34302,276175,265780,383540,353767,399246,391856,462956,471840,515119,516084,351604,392374,245749,314672,72238,132275,28073,26088,249193,239813,360096,328042,378710,367542,442060,447678,495680,496335,341559,380856,239116,305548,69680,126998,4003943,3777198,522393,500543,809715,764361,281617,944,963
2021-09-10T23:59:59+02:00,36369,33964,275090,264781,382576,352862,398361,391044,462152,471155,514559,515634,351395,392174,245661,314559,72220,132245,27864,25888,248278,239099,359263,327301,377920,366909,441366,447153,495187,495953,341398,380701,239035,305443,69658,126968,3998563,3773709,522250,500324,809705,764337,277664,943,962
2021-09-09T23:59:59+02:00,35932,33513,273771,263618,381517,351676,397415,390002,461346,470271,513974,515117,351154,391890,245533,314403,72185,132185,27480,25498,247198,238133,358345,326427,377097,366099,440673,446544,494599,495508,341181,380467,238913,305300,69627,126916,3990304,3767575,521945,499925,809658,764184,274971,941,956
2021-09-08T23:59:59+02:00,35529,33111,272802,262623,380704,350821,396712,389213,460707,469664,513533,514649,350952,391647,245429,314227,72156,132127,27185,25209,246271,237268,357526,325688,376407,365369,440065,445971,494147,495049,340978,380222,238800,305139,69594,126839,3983787,3761859,521718,499603,809602,764049,272867,940,953
2021-09-07T23:59:59+02:00,35154,32774,271777,261694,379864,350031,396060,388536,460172,469137,513091,514250,350758,391435,245327,314063,72123,132056,26909,24998,245391,236481,356718,325001,375750,364806,439559,445467,493700,494657,340770,380004,238713,305002,69567,126785,3977649,3756840,521474,499264,809588,763869,270954,940,952
2021-09-06T23:59:59+02:00,34755,32366,270653,260583,378909,349075,395367,387755,459564,468495,512650,513816,350538,391189,245238,313940,72093,131986,26673,24786,244617,235718,355967,324339,375131,364213,439093,444959,493288,494271,340557,379794,238635,304870,69538,126729,3970380,3751993,521334,499020,809539,763738,269075,940,952
2021-09-05T23:59:59+02:00,34599,32217,270240,260164,378589,348725,395062,387436,459326,468250,512471,513637,350465,391095,245196,313878,72077,131959,26537,24631,244185,235322,355566,323950,374772,363895,438830,444709,493088,494061,340458,379675,238591,304806,69521,126697,3967742,3749337,521225,498744,809509,763599,268263,939,951
2021-09-04T23:59:59+02:00,34540,32178,270067,260030,378467,348597,394933,387330,459249,468164,512420,513591,350453,391077,245189,313866,72077,131958,26499,24578,244015,235177,355402,323782,374624,363778,438738,444607,493022,494013,340437,379655,238583,304794,69521,126696,3967021,3748544,521171,498608,809504,763575,267842,939,951
2021-09-03T23:59:59+02:00,34223,31863,269162,259222,377720,347926,394339,386739,458672,467678,511958,513256,350282,390898,245123,313759,72053,131923,26174,24235,242992,234312,354601,323064,373946,363122,438082,444016,492532,493595,340239,379455,238497,304688,69501,126668,3962622,3744218,520464,497066,809476,763501,265582,939,949
2021-09-02T23:59:59+02:00,33856,31521,268095,258330,376848,347080,393595,385976,457974,467039,511423,512824,350016,390645,245000,313580,72028,131844,25874,23968,241963,233503,353704,322279,373198,362405,437363,443386,491965,493137,339993,379191,238390,304536,69476,126590,3956587,3739002,520174,496581,809440,763172,262815,939,947
2021-09-01T23:59:59+02:00,33527,31152,267237,257483,376078,346403,393062,385421,457500,466553,511034,512474,349834,390451,244911,313461,72004,131783,25486,23566,240867,232439,352828,321417,372504,361707,436746,442781,491434,492652,339761,378924,238260,304384,69450,126536,3951084,3732175,519988,496035,809405,762955,261227,938,941
2021-08-31T23:59:59+02:00,33129,30808,266361,256561,375329,345677,392476,384831,456982,466062,510577,512106,349637,390254,244815,313314,71972,131739,25201,23270,239911,231536,352013,320657,371835,361066,436186,442266,490912,492250,339556,378708,238172,304233,69416,126480,3945469,3726824,519797,495647,809378,762529,259315,936,939
2021-08-30T23:59:59+02:00,32582,30321,265051,255371,374321,344750,391654,384011,456222,465346,510011,511606,349407,390032,244722,313160,71936,131670,24880,22950,238747,230545,351001,319751,371040,360320,435479,441679,490355,491733,339301,378462,238046,304054,69375,126403,3937932,3720740,519679,495203,809333,762274,256549,935,936
2021-08-29T23:59:59+02:00,32392,30130,264478,254858,373833,344331,391267,383668,455924,465056,509780,511380,349307,389922,244672,313095,71926,131646,24654,22735,238027,229897,350381,319201,370539,359843,435046,441299,490044,491471,339160,378305,237985,303977,69357,126378,3934809,3716815,519557,494801,809302,762012,255313,935,935
2021-08-28T23:59:59+02:00,32302,30034,264248,254679,373655,344176,391108,383544,455799,464936,509704,511327,349282,389899,244661,313083,71925,131643,24588,22631,237707,229637,350129,319002,370316,359675,434863,441134,489916,491379,339118,378264,237965,303951,69356,126374,3933762,3715232,519516,494684,809296,761985,254745,935,935
2021-08-27T23:59:59+02:00,32073,29784,263601,254110,373139,343652,390632,383089,455341,464536,509328,511041,349152,389763,244603,312997,71906,131623,24441,22478,237101,229134,349507,318491,369838,359238,434405,440775,489611,491129,338986,378145,237910,303887,69345,126367,3929946,3711982,519446,494468,809237,761925,253052,935,932
2021-08-26T23:59:59+02:00,31689,29396,262596,253126,372279,342833,389871,382341,454653,463858,508772,510558,348918,389502,244482,312879,71878,131562,24091,22113,235614,227764,348264,317290,368712,358233,433527,439957,488938,490551,338695,377824,237747,303717,69315,126322,3923724,3703561,519200,493817,809198,761562,250367,935,927
2021-08-25T23:59:59+02:00,31323,29063,261668,252259,371520,342049,389207,381639,454012,463264,508208,510096,348676,389242,244359,312715,71843,131494,23485,21537,233554,225891,346768,315881,367515,357031,432520,438994,488134,489817,338314,377433,237592,303483,69271,126234,3917951,3691526,519067,493407,809168,761407,247743,931,924
2021-08-24T23:59:59+02:00,31004,28795,260932,251477,370908,341412,388661,381057,453527,462747,507790,509719,348465,389017,244242,312551,71817,131422,23168,21221,232339,224822,345796,314958,366723,356273,431844,438337,487572,489267,338033,377117,237460,303323,69247,126170,3912974,3684313,518778,492955,809147,761099,245932,931,917
2021-08-23T23:59:59+02:00,30481,28264,259540,250156,369870,340491,387819,380261,452747,462065,507137,509146,348181,388733,244102,312361,71790,131361,22858,20922,230849,223495,344471,313876,365767,355417,430980,437575,486865,488696,337727,376782,237326,303129,69221,126111,3905477,3676841,518629,492474,809112,760810,242563,930,915
2021-08-22T23:59:59+02:00,30335,28150,259129,249784,369508,340154,387548,379994,452507,461818,506945,508994,348081,388636,244061,312303,71773,131335,22675,20739,230121,222809,343772,313208,365228,354908,430537,437166,486539,488424,337559,376596,237262,303024,69203,126076,3903222,3672406,518479,492004,809072,760505,241553,929,910
2021-08-21T23:59:59+02:00,30082,27945,258631,249318,369190,339832,387291,379732,452301,461640,506796,508855,348025,388580,244039,312265,71770,131326,22399,20485,229375,222153,343280,312807,364824,354495,430172,436855,486309,488227,337473,376528,237235,302981,69197,126064,3900656,3669404,518335,490798,809063,760448,240829,929,910
2021-08-20T23:59:59+02:00,29890,27746,257970,248650,368448,339196,386607,379198,451702,461139,506317,508529,347878,388418,243983,312168,71753,131291,21994,20144,227565,220527,341864,311604,363700,353530,429214,436051,485585,487673,337228,376279,237132,302861,69172,126034,3897140,3661110,518010,489631,809050,760081,237948,927,910
2021-08-19T23:59:59+02:00,29557,27432,256976,247797,367438,338399,385814,378502,450987,460498,505749,508042,347636,388152,243874,312020,71719,131218,21496,19651,224789,218087,339542,309755,361986,352041,427805,434777,484423,486714,336806,375850,236938,302614,69138,125965,3891576,3646675,517642,487860,809007,759603,234844,926,907
2021-08-18T23:59:59+02:00,29270,27171,256178,247089,366725,337775,385225,377925,450381,459993,505275,507626,347363,387909,243756,311872,71687,131152,21117,19277,222305,215557,337473,307988,360328,350381,426271,433443,483274,485674,336286,375296,236707,302316,69088,125871,3886418,3633353,517461,483910,808977,759219,232770,925,906
2021-08-17T23:59:59+02:00,28950,26895,255391,246364,366102,337089,384661,377362,449885,459506,504838,507207,347157,387696,243640,311740,71661,131099,20645,18842,219551,212797,335391,306154,358629,348910,424832,432165,482148,484684,335794,374756,236474,302025,69035,125794,3881332,3618256,517160,481125,808951,758789,231052,924,901
2021-08-16T23:59:59+02:00,28657,26632,254694,245708,365526,336530,384192,376896,449445,459062,504416,506841,346970,387487,243541,311575,71630,131059,20089,18358,216371,209713,333091,304027,357097,347451,423620,431016,481196,483836,335399,374304,236288,301754,68996,125704,3876886,3600753,517004,480416,808922,758438,229298,924,898
2021-08-15T23:59:59+02:00,28460,26469,254195,245259,365087,336136,383828,376556,449146,458800,504172,506638,346856,387367,243491,311494,71619,131038,19304,17627,212345,205643,331182,302396,355828,346218,422585,430069,480407,483171,335064,373965,236161,301577,68972,125654,3873996,3583031,516859,479499,808884,758105,228121,924,895
2021-08-14T23:59:59+02:00,28391,26410,253947,245060,364849,335957,383652,376405,448987,458669,504054,506530,346806,387334,243473,311471,71616,131033,18978,17329,211266,204535,330352,301629,355105,345535,422087,429607,480019,482849,334924,373837,236123,301520,68963,125637,3872810,3576307,516784,479125,808878,758027,227420,924,895
2021-08-13T23:59:59+02:00,28133,26167,253238,244469,364345,335527,383212,375967,448547,458301,503712,506271,346677,387183,243408,311393,71604,131004,18372,16772,209369,202743,328914,300302,353830,344336,421032,428662,479265,482201,334679,373545,236010,301377,68945,125583,3868958,3564298,516711,478519,808868,757834,225869,920,891
2021-08-12T23:59:59+02:00,27933,25940,252511,243831,363722,334931,382667,375473,448007,457848,503285,505912,346493,386981,243304,311286,71591,130956,17789,16273,206761,200461,326022,297745,351801,342523,419517,427399,478035,481130,334224,373007,235764,301100,68905,125500,3864949,3546780,516519,477337,808830,756799,223617,918,889
2021-08-11T23:59:59+02:00,27696,25692,251775,243134,363094,334344,382139,374985,447538,457416,502874,505480,346264,386740,243187,311152,71564,130901,16969,15585,203700,197464,322827,294787,349615,340451,418006,425985,476749,479836,333679,372360,235514,300693,68855,125371,3860055,3524818,516299,476261,808790,755854,222075,915,887
2021-08-10T23:59:59+02:00,27450,25433,250936,242389,362372,333776,381586,374430,447037,456931,502417,505073,346067,386542,243100,311013,71541,130857,16172,14799,199485,193312,318138,290542,346613,337662,415869,424031,475145,478374,332995,371681,235223,300286,68800,125253,3854922,3494548,516010,475178,808752,754698,220509,913,887
2021-08-09T23:59:59+02:00,27252,25232,250304,241812,361779,333284,381133,374045,446618,456580,502066,504782,345903,386392,243034,310901,71521,130821,15178,13854,194924,188700,312403,285776,343840,335156,413946,422244,473518,476901,332356,370986,234958,299917,68744,125118,3851148,3464036,515830,472424,808717,753603,219006,911,880
2021-08-08T23:59:59+02:00,27077,25073,249818,241394,361375,332916,380780,373750,446311,456314,501820,504589,345794,386281,242971,310818,71504,130786,14956,13659,193570,187322,310764,284424,342508,333978,413060,421481,472939,476378,332091,370711,234829,299747,68718,125066,3848507,3454815,515672,471052,808662,753109,217768,909,879
2021-08-07T23:59:59+02:00,26928,24897,249288,240945,360975,332575,380444,373463,446016,456077,501592,504412,345721,386186,242937,310767,71496,130775,13783,12615,189883,183724,308709,282563,340781,332447,411717,420211,472006,475580,331735,370335,234698,299558,68685,125029,3845635,3435111,515565,469713,808648,752896,216882,909,876
2021-08-06T23:59:59+02:00,26702,24662,248416,240272,360183,331960,379764,372881,445357,455549,501055,504018,345485,385980,242838,310651,71485,130753,12875,11788,186127,180157,305219,279734,338649,330600,410108,418862,470706,474610,331354,369947,234539,299404,68660,124981,3843026,3415697,514195,467979,808635,751792,213393,905,873
2021-08-05T23:59:59+02:00,26377,24337,247234,239327,359277,331075,378927,372141,444607,454852,500383,503471,345200,385674,242722,310475,71443,130690,11869,10854,181634,176197,299808,275296,334511,327019,407283,416362,468436,472821,330683,369241,234277,299030,68598,124870,3836586,3387630,513926,463248,808564,748072,210363,904,872
2021-08-04T23:59:59+02:00,26004,23994,246088,238331,358265,330150,378144,371427,443972,454248,499802,502935,344926,385406,242600,310303,71416,130619,11054,10140,178135,172880,296017,272142,330086,323097,405026,414258,466717,471263,329986,368541,234000,298678,68537,124768,3830032,3360343,513581,461472,808530,746317,207702,899,871
2021-08-03T23:59:59+02:00,25540,23572,244715,237140,357343,329308,377427,370729,443313,453582,499198,502392,344631,385103,242468,310126,71372,130551,10491,9638,174630,169423,291885,268470,324960,318471,402269,411691,464372,469158,329148,367671,233650,298207,68470,124629,3822048,3328133,513416,459585,808480,744237,205777,898,869
2021-08-02T23:59:59+02:00,25222,23265,243657,236172,356486,328545,376719,370125,442733,453026,498672,501942,344366,384823,242350,309971,71346,130493,9934,9096,170977,165819,287162,264477,319067,313499,399500,409124,462131,467153,328370,366825,233355,297808,68408,124512,3815653,3294531,513165,457595,808418,741695,203886,896,862
2021-08-01T23:59:59+02:00,25063,23074,243023,235560,355882,328028,376268,369723,442293,452702,498323,501660,344224,384656,242274,309855,71332,130467,9666,8887,169417,164356,284660,262461,314410,309773,397629,407537,460646,465898,327935,366338,233183,297590,68379,124453,3811921,3276519,512859,455440,808324,739239,202510,892,853
2021-07-31T23:59:59+02:00,24953,22969,242676,235239,355598,327800,376021,369550,442101,452548,498215,501556,344190,384615,242254,309841,71331,130461,8430,7790,165628,160498,281823,259902,312310,307765,396226,406249,459498,464907,327615,365959,233049,297416,68353,124407,3810286,3253506,512669,454498,808314,738444,201856,891,853
2021-07-30T23:59:59+02:00,24662,22709,241870,234511,355013,327267,375522,369076,441636,452142,497850,501265,344052,384475,242209,309761,71318,130445,7490,6920,161867,156719,278412,256772,309270,304934,393986,404124,457644,463315,327103,365426,232838,297124,68320,124348,3806156,3228312,512296,453289,808293,735240,200242,890,851
2021-07-29T23:59:59+02:00,24313,22366,240328,233231,353836,326187,374551,368155,440772,451342,497031,500638,343717,384157,242071,309573,71280,130378,6505,6044,156993,152215,273002,252561,303337,300126,389605,400606,454584,460894,326263,364576,232525,296713,68260,124248,3798512,3194204,511607,448401,808205,730116,196798,889,849
2021-07-28T23:59:59+02:00,24011,22077,239168,232185,352947,325342,373797,367457,440128,450669,496461,500144,343459,383857,241933,309386,71246,130305,6012,5601,153208,148548,268473,248873,298870,296141,386322,397726,452480,459035,325593,363801,232257,296324,68195,124121,3791715,3163253,511065,446466,808127,727457,194856,889,846
2021-07-27T23:59:59+02:00,23738,21850,238156,231205,352091,324594,373087,366857,439537,450049,495932,499684,343210,383548,241800,309192,71210,130206,5442,5074,148159,143405,262517,243714,293548,291351,382287,394010,449286,456211,324604,362694,231891,295820,68102,123962,3785367,3121464,510506,444157,808069,723700,193196,887,842
2021-07-26T23:59:59+02:00,23506,21610,237176,230217,351294,323878,372470,366295,438977,449559,495476,499307,342972,383306,241673,309033,71186,130148,5018,4713,143797,138990,256937,238900,288359,286860,377801,390032,445753,453170,323642,361724,231561,295337,68027,123824,3779633,3081852,509871,441893,807982,719332,191788,882,840
2021-07-25T23:59:59+02:00,23147,21308,235829,229056,350344,323098,371784,365627,438391,449012,495009,498899,342770,383086,241583,308902,71164,130084,4763,4480,141938,137219,254226,236665,285835,284746,375651,388239,443651,451368,323118,361198,231353,295106,68002,123747,3772493,3066687,509491,439703,807912,714951,190380,880,838
2021-07-24T23:59:59+02:00,22896,21111,234900,228184,349618,322439,371207,365103,437863,448571,494645,498621,342653,382987,241539,308840,71161,130073,4440,4195,139029,134409,251481,234333,283260,282517,373385,386374,442405,450377,322766,360860,231208,294924,67983,123713,3768441,3048264,508723,436672,807897,714606,188528,880,837
2021-07-23T23:59:59+02:00,22478,20722,233392,226834,348280,321485,370151,364228,436977,447779,493945,498085,342414,382714,241449,308728,71140,130037,4016,3803,133528,129545,246084,229999,278758,278705,369675,383154,439743,448163,322059,360133,230951,294612,67929,123631,3760920,3012540,508249,434892,807841,712460,184992,880,834
2021-07-22T23:59:59+02:00,21969,20246,231282,224847,346519,319930,368641,362925,435655,446625,492960,497183,341978,382262,241273,308478,71096,129956,3594,3458,129168,125465,240054,225465,272340,273610,362756,377635,434267,443631,320870,358864,230510,294087,67835,123476,3748412,2970260,506658,428884,807706,706129,182197,879,832
2021-07-21T23:59:59+02:00,21459,19722,229390,223020,344807,318384,367015,361346,434075,445235,491730,496008,341425,381734,241025,308192,71042,129861,3391,3260,125394,121876,234567,221209,266780,269067,354603,370676,429634,439880,319748,357714,230046,293520,67754,123295,3737338,2934584,502899,417962,807480,701338,178890,878,830
2021-07-20T23:59:59+02:00,21156,19443,227920,221529,343561,317199,366047,360464,433207,444439,491003,495361,341083,381359,240877,307970,71013,129771,3130,2969,121042,117620,228190,216007,260931,263871,347463,364553,424921,435550,318647,356451,229628,292931,67656,123111,3727952,2890637,502493,410715,807350,696925,176737,876,829
2021-07-19T23:59:59+02:00,20842,19146,226179,219830,342235,315935,365001,359481,432389,443655,490329,494737,340781,380988,240725,307738,70968,129674,2934,2760,118274,115004,223777,212406,256296,259902,343732,361368,422294,433355,317917,355719,229328,292538,67581,122987,3717308,2865468,502068,405316,807255,692591,175130,874,827
2021-07-18T23:59:59+02:00,20688,19011,224873,218550,340601,314495,363923,358544,431563,442927,489789,494190,340545,380700,240595,307562,70946,129612,2842,2666,116765,113610,221101,210205,253929,257784,341476,359505,420252,431653,317423,355226,229168,292320,67560,122919,3707781,2853088,501532,401024,807178,688879,173742,871,824
2021-07-17T23:59:59+02:00,20290,18587,223718,217489,340017,313952,363327,358027,431042,442474,489370,493900,340441,380582,240553,307506,70943,129601,2578,2409,114692,111502,218633,207892,251452,255579,339041,357358,418796,430385,317085,354835,229033,292152,67537,122879,3702189,2835515,501329,398288,807150,688090,172269,869,824
2021-07-16T23:59:59+02:00,19746,18073,221176,215343,338269,312644,361814,356727,429575,441268,488268,493042,340036,380211,240382,307348,70919,129565,2311,2168,111571,108685,213842,203946,246901,251932,334727,353644,415441,427658,316161,353899,228681,291735,67484,122798,3691961,2807720,500567,395917,806991,684264,165989,868,821
2021-07-15T23:59:59+02:00,19104,17445,218382,212914,336356,310925,360220,355279,428226,440076,487318,492183,339631,379783,240179,307093,70877,129460,2133,2027,107650,105440,205423,197660,239361,246300,328092,348382,408341,421189,314412,352076,228131,291063,67412,122599,3676844,2760897,499964,387433,806874,676801,162845,865,819
2021-07-14T23:59:59+02:00,18259,16720,215936,210581,334643,309389,358806,353928,426996,438874,486286,491223,339173,379317,239938,306781,70824,129372,1981,1882,104023,102075,198913,192457,233614,241609,323780,344881,404149,417551,313093,350756,227720,290502,67328,122443,3661864,2727067,499375,381870,806749,669975,160121,864,814
2021-07-13T23:59:59+02:00,17605,16062,213745,208548,333035,308002,357461,352686,425818,437780,485319,490360,338731,378839,239733,306534,70789,129279,1868,1773,100250,98518,192394,187018,226446,235526,317072,338798,395725,409666,311282,348824,227113,289705,67216,122241,3647956,2684062,498813,369148,806590,660466,158023,864,809
2021-07-12T23:59:59+02:00,16587,15126,210445,205356,330964,306257,355871,351206,424569,436568,484333,489460,338312,378362,239555,306305,70749,129202,1787,1702,97136,95784,187087,182694,219448,229823,310215,332745,390609,405375,309542,346949,226519,288968,67116,122071,3629387,2645591,498253,361989,806409,652017,156226,861,806
2021-07-11T23:59:59+02:00,16077,14649,209078,204075,330207,305526,355198,350570,423997,436056,483881,489111,338115,378153,239494,306200,70727,129162,1752,1676,95706,94489,184281,180369,216429,227514,307513,330581,387762,402980,307058,344315,226141,288496,67062,121973,3623062,2630500,497609,359988,806277,641484,154378,853,801
2021-07-10T23:59:59+02:00,15602,14189,207225,202281,328730,304251,354056,349587,423261,435458,483407,488711,337946,377987,239428,306113,70717,129142,1711,1629,94396,93211,181728,178238,213388,225020,304977,328414,386596,401938,306408,343638,225961,288307,67046,121946,3614433,2613633,496963,359755,806042,639716,151693,852,800
2021-07-09T23:59:59+02:00,15276,13908,205307,200434,327116,302786,352980,348615,422352,434739,482829,488230,337738,377763,239332,305993,70702,129108,1037,973,91594,90481,178180,174989,209031,220846,299937,323802,383139,398948,305307,342404,225654,287935,67008,121880,3605229,2584524,496090,357682,805846,632093,149077,848,798
2021-07-08T23:59:59+02:00,14808,13480,201807,197434,323784,300100,350585,346619,420634,433272,481393,487158,337289,377317,239154,305745,70657,129030,919,862,87282,86698,170913,169294,200873,214428,292545,317666,376160,392715,302566,339464,224873,286994,66891,121620,3589788,2538160,492034,348994,805328,621685,144127,844,796
2021-07-07T23:59:59+02:00,14306,13026,198058,193556,320599,297228,348260,344561,419072,431796,480182,486051,336806,376750,238962,305471,70618,128924,786,766,83591,83240,163584,163559,191799,207230,284534,311087,369103,385883,299242,335833,223958,285891,66749,121373,3568406,2490043,490660,335519,804941,611651,141177,844,794
2021-07-06T23:59:59+02:00,13846,12652,194618,190174,317326,294477,345777,342261,417347,430224,478907,484909,336297,376185,238766,305182,70564,128838,664,648,80011,79651,156878,158030,184370,201011,275573,303116,362591,379771,296032,332572,223068,284794,66641,121144,3548450,2437368,487584,328521,804526,602107,138734,842,793
2021-07-05T23:59:59+02:00,13449,12315,190206,185916,313248,291119,343257,339914,415662,428671,477755,483831,335822,375660,238586,304935,70531,128751,588,553,76933,76807,151733,153922,179594,196876,268640,296830,356469,374220,292749,329113,222178,283672,66531,120972,3525506,2398184,486411,324014,804029,591720,134615,836,789
2021-07-04T23:59:59+02:00,13270,12154,186356,182027,310598,289074,341935,338830,414775,427884,477168,483335,335596,375401,238498,304808,70505,128697,555,524,74739,74916,148608,151333,177249,194823,266177,294767,353336,371996,289427,325706,221596,283002,66475,120850,3513185,2384294,485112,321704,803465,580146,130077,835,788
2021-07-03T23:59:59+02:00,12073,11096,179917,176011,306313,285607,339589,336649,412955,426076,475951,482277,335195,374956,238323,304559,70481,128654,524,505,72952,73330,146171,149445,174805,192731,263103,292040,351048,370137,287666,323713,221327,282638,66443,120801,3486725,2368500,483702,321498,803285,575643,123876,835,788
2021-07-02T23:59:59+02:00,10976,10003,176194,172535,303879,283394,337826,334936,411700,424884,475174,481585,334936,374640,238209,304377,70452,128606,486,454,70248,70629,142231,146144,170341,188669,257034,286572,345809,365423,284403,319969,220684,281862,66394,120717,3468563,2335146,482218,318700,803102,563038,121326,827,775
2021-07-01T23:59:59+02:00,9878,9073,172510,169075,299830,280077,335322,332655,409898,423298,474074,480615,334516,374175,238007,304106,70407,128526,413,380,65340,65895,135883,140774,163029,182137,246741,277685,334980,355602,279603,314678,218827,279595,66214,120404,3445916,2278579,480116,306310,802757,545256,118149,826,769
2021-06-30T23:59:59+02:00,9388,8680,169226,165977,294192,275437,331632,329308,408125,421758,473052,479642,334092,373686,237815,303804,70373,128437,331,319,62190,63034,130222,136080,156367,176128,236668,268513,321550,342301,274374,309114,216934,277264,66046,120081,3420731,2223392,477940,293477,802469,526376,114365,825,766
2021-06-29T23:59:59+02:00,8850,8157,165413,162179,289632,271147,328060,325998,406004,419666,471499,478223,333502,373044,237559,303449,70318,128327,273,248,59391,60010,125253,131642,150323,170587,224793,257783,312971,333913,267904,301913,214953,274800,65842,119733,3393085,2163945,475938,288797,802143,508944,110724,823,762
2021-06-28T23:59:59+02:00,8444,7777,162073,158707,284577,266815,324743,323147,403857,417730,470009,476906,332982,372430,237326,303140,70274,128234,213,198,57108,57642,121327,128110,145955,166490,215550,249345,307165,328489,262949,296607,213187,272561,65694,119465,3369069,2128085,471962,280150,801483,492383,107503,823,759
2021-06-27T23:59:59+02:00,8296,7654,160554,157171,282463,264996,322935,321598,402151,416367,469107,476183,332690,372138,237223,302977,70255,128185,186,177,55900,56520,119182,126386,143377,164344,211419,245938,303782,325615,259125,292589,210723,269643,65583,119270,3358990,2112517,469884,276626,800434,476200,104477,822,756
2021-06-26T23:59:59+02:00,7141,6555,157282,153827,280349,263110,320513,319351,400957,415211,468408,475484,332421,371857,237116,302819,70231,128155,175,165,55352,55927,117828,125219,141943,163095,209170,243926,301242,323187,257586,290926,210386,269230,65556,119201,3339821,2095622,467051,276534,800427,473695,104336,804,739
2021-06-25T23:59:59+02:00,5918,5439,152970,149532,276944,260147,318452,317383,399643,413957,467405,474653,332131,371522,236989,302663,70204,128106,146,143,54054,54293,115331,122503,137830,158510,200378,235456,295536,317298,255856,288798,209790,268427,65485,119085,3314806,2052978,465618,274827,800375,467078,104100,804,734
2021-06-24T23:59:59+02:00,5051,4648,148511,145388,272086,256187,314163,313593,397438,412072,466024,473513,331701,371057,236820,302425,70170,128018,127,113,51396,51688,110162,117748,130454,151842,188299,224967,284103,307043,250459,282935,207949,266079,65281,118684,3283482,1990712,463605,262977,800208,453289,102391,803,727
2021-06-23T23:59:59+02:00,4830,4443,145334,142257,268372,253011,308914,308779,394943,409721,464618,472192,331170,370433,236590,302113,70122,127911,95,83,49449,49589,106352,113813,124756,146138,178376,216280,272105,295017,245835,278096,206608,264375,65118,118324,3255843,1934178,460072,253088,800046,442566,100603,801,722
2021-06-22T23:59:59+02:00,4577,4214,142252,139122,264649,249619,302780,303335,392302,407157,463074,470701,330617,369824,236370,301761,70075,127804,64,62,47748,47834,102726,110485,119937,141539,165759,205116,261171,284692,241757,273605,204681,261957,64866,117851,3223722,1875615,458129,245336,799854,431590,99320,800,712
2021-06-21T23:59:59+02:00,4317,3968,138986,136169,259928,245701,297526,298455,389247,404278,461596,469336,330094,369259,236150,301450,70035,127692,56,54,46507,46599,100326,108244,117180,138818,159519,199324,254269,278048,236393,267741,200735,257416,64681,117473,3191887,1844479,456078,239805,799650,411752,97348,795,710
2021-06-20T23:59:59+02:00,4173,3850,137469,134651,255658,242193,294929,296207,387851,402958,460799,468585,329869,368968,236038,301317,70015,127630,50,51,45367,45665,98052,106434,114886,136819,156479,196766,249948,273956,233374,264202,199743,256159,64599,117347,3174320,1823987,454307,236239,799491,403859,95809,792,702
2021-06-19T23:59:59+02:00,3757,3500,135311,132546,252899,239864,293140,294546,386003,401388,459955,467855,329648,368715,235935,301180,69995,127598,49,49,44818,45014,96770,105158,113399,135333,154965,195320,246712,270917,232641,263347,199570,255894,64577,117294,3157950,1807922,451473,234646,799480,403563,95687,792,701
2021-06-18T23:59:59+02:00,2805,2588,132018,129400,249366,236801,289116,291126,383595,399258,458611,466696,329272,368315,235779,300945,69969,127549,49,49,44030,44092,95185,103367,111087,132655,151406,191272,239827,263603,230904,261331,199081,255251,64501,117159,3132087,1778494,447030,234111,799451,396825,95395,789,698
2021-06-17T23:59:59+02:00,2569,2365,128300,126105,243321,232340,283875,286724,378791,395257,456278,464854,328675,367593,235534,300588,69904,127435,47,49,41780,42258,91116,99872,106159,127886,143512,183571,228406,252181,225678,255379,197427,253087,64241,116739,3097164,1722624,444029,229948,799190,385878,90905,746,687
2021-06-16T23:59:59+02:00,2298,2130,125054,122693,238411,227984,279167,282460,373614,390750,453680,462711,327934,366799,235242,300176,69838,127321,47,44,39939,40645,87560,96821,101786,124042,135243,176205,216280,240241,219426,248241,195497,250753,63988,116251,3063556,1662612,438476,224320,798702,377738,88291,743,685
2021-06-15T23:59:59+02:00,1910,1797,120134,117819,232417,222819,273802,277462,368541,386108,450824,460283,327060,365818,234891,299664,69755,127137,46,42,38320,39020,84216,93757,97800,119976,128169,169818,203901,228187,213376,241428,193525,248314,63678,115678,3018750,1605154,436535,218450,798137,370031,85560,742,682
2021-06-14T23:59:59+02:00,1647,1521,116072,113651,227176,217898,268428,272484,363245,381345,447699,457685,326272,364955,234581,299275,69693,127017,42,41,37340,38130,81929,91649,95073,117447,124037,166054,197278,221671,210250,237905,192385,246832,63458,115284,2976522,1575433,434174,216159,797876,362357,82793,742,678
2021-06-13T23:59:59+02:00,1573,1436,114577,112267,224718,215783,265880,270219,360986,379380,446525,456655,325996,364648,234444,299104,69661,126943,39,41,36468,37389,80062,89968,93045,115618,121203,163438,193387,217949,207152,234452,191346,245459,63224,114869,2961481,1561356,431733,208869,797574,354095,80721,740,675
2021-06-12T23:59:59+02:00,1424,1298,111923,109514,222820,214049,264491,268933,359546,377980,445630,455886,325707,364338,234352,299001,69643,126914,39,41,36096,36978,79072,88869,91780,114307,119617,161868,189811,214636,206116,233324,189948,243802,63214,114837,2945277,1548133,430753,208853,797552,346712,80578,738,674
2021-06-11T23:59:59+02:00,1277,1162,109366,106992,219914,211417,260812,265732,356398,375241,443910,454414,325270,363884,234215,298791,69616,126859,39,40,35415,35854,77050,85469,89530,110760,115493,156701,183079,207149,204011,230947,189339,243028,63151,114738,2920790,1520469,427949,208151,797370,333229,79859,737,672
2021-06-10T23:59:59+02:00,1114,1005,104607,102570,213827,206646,253741,259898,350292,369935,439411,450632,324414,362911,233896,298344,69531,126707,37,39,33830,34355,73031,81276,84581,105235,108793,148447,170678,193475,197903,224030,187605,240882,62894,114333,2877081,1473078,420830,206396,796536,306154,75703,732,664
2021-06-09T23:59:59+02:00,966,874,100678,98850,207836,201908,246911,254177,343613,363975,435722,447605,323731,362161,233623,297961,69467,126573,36,37,32289,33088,69778,78613,80869,102060,104053,144148,159501,182678,187239,211994,185730,238631,62620,113838,2837963,1418837,412286,202404,796024,294841,71018,716,657
2021-06-08T23:59:59+02:00,784,693,96141,94291,201188,196326,239943,248153,335340,356684,430611,442930,322892,361151,233247,297475,69387,126437,33,35,31210,32221,67183,76299,77571,99317,99448,140215,151867,175155,178494,202248,183918,236372,62389,113469,2785893,1379447,406503,197472,795439,283939,66477,712,648
2021-06-07T23:59:59+02:00,625,554,92912,91180,195104,191608,233375,242895,327498,350503,427554,440475,322345,360509,233031,297147,69333,126341,29,31,30330,31368,64704,74334,74607,97146,95664,137276,143757,167343,174420,197602,182483,234557,62165,113083,2746785,1352202,400317,194160,794875,272785,61633,708,647
2021-06-06T23:59:59+02:00,587,519,91329,89855,191803,189039,230010,240111,323207,347092,426108,439391,322065,360209,232923,296989,69310,126294,29,31,29725,30805,62919,72640,72514,95125,92454,134193,138044,161523,171877,194955,181370,233156,61936,112702,2731300,1340261,392909,184433,794381,262324,58857,707,640
2021-06-05T23:59:59+02:00,505,439,89381,87836,186913,184798,227536,237977,321386,345471,425109,438478,321781,359890,232773,296822,69296,126262,29,29,29262,30040,61705,70674,71107,92965,90760,131907,133266,156171,168860,191274,180887,232497,61902,112637,2707732,1316557,392775,183966,794290,256861,58453,705,637
2021-06-04T23:59:59+02:00,405,354,87019,85301,183231,181160,223511,234014,317784,341822,422740,436278,321320,359354,232578,296593,69257,126200,29,27,28788,29362,60571,68998,69791,90853,88955,129261,129878,152493,164605,186488,179893,231229,61854,112549,2678401,1297553,388943,183186,794172,246764,57986,703,632
2021-06-03T23:59:59+02:00,313,277,83726,82216,177475,176467,216211,227887,310038,335091,414971,429410,320279,358165,232207,296140,69202,126068,26,27,27893,28338,58651,66781,67370,88076,85273,125108,123077,145798,158229,178845,178311,229191,61739,112310,2629309,1268135,378674,177821,793748,233979,54967,700,621
2021-06-02T23:59:59+02:00,263,218,81636,80039,173353,172707,212543,224708,306430,331722,412912,427568,319865,357700,232052,295930,69174,126016,25,25,27421,27848,57505,65639,65742,86771,83176,123142,118077,140889,150327,169842,177584,228233,61654,112139,2600390,1235724,377280,175842,793721,230342,53993,693,607
2021-06-01T23:59:59+02:00,162,151,77355,76204,165055,166114,203150,216956,297313,323822,404693,419729,318351,356083,231510,295190,69062,125789,24,22,25867,26428,53175,62666,60879,83461,77722,118610,110631,133633,139185,156376,175467,225486,61447,111714,2541589,1185331,365595,171718,792964,218544,47059,687,591
2021-05-31T23:59:59+02:00,141,133,74600,73709,159383,161778,195818,210971,289915,317416,398942,414751,317348,354962,231121,294668,68972,125618,24,21,24950,25359,50542,60423,57688,80908,74098,115306,106103,129164,135007,151437,174090,223755,61278,111381,2501069,1162757,356176,169345,792316,208108,41178,686,583
2021-05-30T23:59:59+02:00,131,125,73546,72637,156888,159721,193181,208607,287111,314893,397051,413002,316984,354548,230959,294428,68934,125537,24,21,24343,24570,48937,58661,55930,79030,71835,112725,103422,126277,132836,148893,173294,222817,61184,111169,2485192,1152865,353643,168024,791684,196689,38249,684,568
2021-05-29T23:59:59+02:00,128,123,72933,72042,155372,158316,190879,206578,285267,313305,396211,412233,316759,354301,230878,294349,68923,125518,23,21,24014,24042,48011,57155,54580,77141,69901,109871,101090,123469,130010,145449,172634,221909,61157,111115,2471281,1139157,353480,167953,791621,186130,38217,682,559
2021-05-28T23:59:59+02:00,124,120,71845,70925,152961,156049,187192,203025,281982,310166,394348,410460,316346,353793,230731,294136,68904,125461,23,20,23478,23035,46389,55009,52731,74570,67840,105908,96740,117571,125599,140360,171655,220594,61110,111001,2447383,1116328,352423,167737,791413,171609,37827,679,548
2021-05-27T23:59:59+02:00,113,111,68521,67899,146455,151091,178992,196759,275569,304987,388028,404761,315073,352341,230270,293603,68832,125279,21,19,22148,21346,43126,51944,48828,70732,63252,99867,90354,110029,121644,135710,168836,216877,60935,110685,2402693,1087695,344779,164981,789600,151471,32069,677,537
2021-05-26T23:59:59+02:00,109,108,66358,65711,141489,146989,172878,191688,268805,299308,381286,398066,313543,350719,229774,292905,68727,125066,21,18,21401,20420,41287,49794,46460,67978,60203,96059,85749,104883,116636,129959,165023,211512,60724,110256,2365322,1055571,331546,163392,787771,139961,29326,673,527
2021-05-25T23:59:59+02:00,108,101,64329,63709,137270,143491,167822,187381,261728,293005,375849,392667,312256,349302,229359,292256,68644,124889,21,18,20819,19751,39871,48261,44612,65944,57721,93041,81650,100486,111656,124228,159445,204225,60552,109949,2327670,1023776,324029,159964,785214,130705,27679,669,515
2021-05-24T23:59:59+02:00,107,98,63080,62487,134500,141371,164532,184953,254774,287006,370901,387980,311422,348377,229071,291870,68573,124758,21,18,20470,19338,38837,47174,43256,64451,56031,91024,79396,97956,110213,122560,158832,203429,60439,109744,2303853,1014304,312898,158649,783405,124002,26117,669,505
2021-05-23T23:59:59+02:00,103,97,62577,61968,133397,140466,163325,183914,253523,285978,369306,386544,310797,347713,228898,291642,68553,124722,21,15,20235,19147,38278,46609,42482,63737,54854,90012,77887,96577,109024,121147,157848,202201,60368,109602,2292291,1006023,312303,155555,783358,122384,25979,669,490
2021-05-22T23:59:59+02:00,100,95,61880,61339,131896,139377,160946,182282,250543,283679,366818,384307,310267,347117,228721,291374,68527,124671,20,15,19915,18723,37655,45999,41841,63204,54194,89271,77110,95424,107472,119332,157074,201232,60340,109548,2274231,999285,312286,155547,783320,118929,24502,669,489
2021-05-21T23:59:59+02:00,97,93,60535,59894,128962,136758,157629,178948,245292,278901,360708,378608,309326,346016,228425,290975,68466,124563,20,15,19543,18353,37028,45218,41176,62145,53226,87865,75370,93116,104217,115373,155930,199776,60247,109371,2237998,986155,310638,155215,781739,112312,24206,663,483
2021-05-20T23:59:59+02:00,88,91,57477,57092,123207,131863,150669,172613,234960,270120,351664,370310,306779,343263,227655,289960,68334,124343,19,15,18242,17413,34840,42961,38705,59227,50387,84082,71426,88595,100067,110697,153453,196737,60063,109013,2179820,966680,303957,153248,775773,94608,21299,656,476
2021-05-19T23:59:59+02:00,86,89,55258,54887,118182,127167,143482,165981,224403,260743,341098,359389,304121,340395,226905,288913,68184,124066,19,15,17657,16624,33607,41359,37285,57152,48356,81286,68164,85000,96168,106212,149809,191984,59801,108521,2113742,943119,297681,151249,772791,85076,19472,652,457
2021-05-18T23:59:59+02:00,82,85,53151,52916,113386,122892,137077,160403,212820,250356,331201,349580,301446,337420,226023,287713,68034,123811,19,15,17134,16017,32384,39884,35914,55350,46531,78863,65261,81760,92138,101661,146596,187903,59589,108086,2053766,922745,288277,148370,769190,76398,17485,648,454
2021-05-17T23:59:59+02:00,78,79,52109,51915,111037,120820,134249,157738,206276,244322,323617,342477,299640,335440,225431,286890,67924,123598,18,15,16674,15564,31328,38833,34729,54046,45044,77054,62976,79348,87288,95782,145124,186016,59439,107773,2026843,910951,275945,140895,765752,69687,15412,642,444
2021-05-16T23:59:59+02:00,76,76,51318,51260,109581,119490,132498,156065,203294,241630,316174,335506,298610,334305,225121,286406,67871,123500,18,15,16390,15190,30574,38046,33850,53119,43972,75735,61633,77873,83867,91690,144331,184936,59353,107631,2011431,904803,265500,134119,762499,65546,13651,637,432
2021-05-15T23:59:59+02:00,75,75,50778,50623,108572,118492,131478,154939,201356,239688,312598,332284,297984,333620,224925,286134,67851,123436,18,15,16247,15023,30311,37728,33563,52685,43477,75081,60776,76881,83269,90871,143812,184270,59316,107582,1995166,899518,265472,133965,761628,64404,12937,636,429
2021-05-14T23:59:59+02:00,74,74,49516,49185,106301,116381,127864,151473,193118,232599,306273,326383,296999,332480,224638,285684,67802,123342,18,15,15745,14590,29512,36892,32772,51484,42384,73278,59193,74923,81347,88367,143198,183273,59275,107497,1957753,889754,263760,133076,757074,58954,11875,633,426
2021-05-13T23:59:59+02:00,71,72,47590,47215,102435,113126,123118,147343,183070,223992,295650,316542,294028,329054,223825,284545,67702,123134,16,14,14885,14140,28647,36179,32001,50574,41422,72172,57670,73346,77558,84003,140423,179658,59165,107281,1906006,877121,255089,126000,750834,55091,10846,625,415
2021-05-12T23:59:59+02:00,68,70,46671,46497,100500,111676,121042,145664,180495,221868,290910,311206,292863,327772,223585,284228,67664,123049,16,13,14719,13986,28319,35953,31589,50276,40970,71790,57123,72768,76200,82362,139638,178519,59078,107121,1882793,871302,252918,124193,750338,54813,10039,618,411
2021-05-11T23:59:59+02:00,64,66,44421,45015,96447,108584,115208,140923,167105,210577,279237,300430,289456,323852,222632,282831,67515,122750,15,12,14283,13419,27293,34515,30446,48460,39654,69508,55400,70487,73096,78763,138274,176677,58917,106759,1823811,858892,243173,121493,741808,46941,8552,613,409
2021-05-10T23:59:59+02:00,63,62,43161,44031,93831,106564,111936,138276,158690,203539,271345,293312,287278,321396,222059,281971,67391,122509,15,11,13938,12972,26527,33526,29646,47195,38644,67649,54167,68754,71001,76199,137129,175161,58798,106469,1788140,849967,237112,120431,734814,39734,7572,603,403
2021-05-09T23:59:59+02:00,62,62,42033,43253,91144,104788,109253,136496,153658,200105,265811,288359,286032,319997,221682,281441,67325,122362,15,11,13620,12748,25824,32851,28915,46386,37844,66683,53236,67806,69763,74790,136531,174318,58743,106338,1768720,845348,229999,119448,728792,34950,6578,591,399
2021-05-08T23:59:59+02:00,62,62,41740,42948,90290,104049,108143,135622,152199,198882,263240,286288,285529,319453,221561,281265,67309,122330,15,11,13519,12683,25687,32756,28768,46253,37653,66484,52894,67485,68797,73864,135458,172948,58696,106245,1756599,840702,229478,118694,728560,34167,6560,584,392
2021-05-07T23:59:59+02:00,61,62,40814,42228,88343,102698,105294,133393,147568,195059,256972,280766,284184,317845,221216,280812,67257,122208,15,11,12772,12199,24852,32012,27995,45185,36786,65217,51707,65964,66541,71165,133221,170117,58607,106068,1730698,830942,226261,116415,724429,27374,5610,579,387
2021-05-06T23:59:59+02:00,58,61,38162,40498,83577,99222,99277,128622,137351,186528,240493,266335,279051,312042,219926,279126,67082,121894,15,11,12086,11680,23908,30906,26989,43829,35420,63212,49963,63972,64041,68027,131111,167344,58493,105851,1664981,819788,216338,113290,713491,18994,4694,563,380
2021-05-05T23:59:59+02:00,56,59,36269,39295,79907,96628,94663,124964,129506,179979,225729,252275,272858,304897,218348,277132,66836,121372,15,10,11849,11401,23356,30176,26379,42899,34489,61804,48800,62546,61420,64904,128164,163633,58395,105600,1598661,807399,211246,109709,707434,15023,3624,558,371
2021-05-04T23:59:59+02:00,56,57,35155,38179,77163,94294,91140,121910,123915,175239,215077,241973,267365,298441,216898,275287,66627,120905,15,10,11683,11192,22939,29629,25909,42114,33755,60703,47679,61259,58685,61704,125791,160693,58246,105364,1549470,795387,206108,107067,701328,11870,2967,547,364
2021-05-03T23:59:59+02:00,55,56,34281,37126,74857,92462,88254,119546,119463,171583,208399,235961,264067,294563,216102,274196,66504,120610,15,10,11435,10919,22539,29037,25420,41408,33062,59732,46647,60109,55879,58351,122005,155790,57988,104925,1517601,779436,202990,105347,696369,9106,1312,540,353
2021-05-02T23:59:59+02:00,55,56,33925,36810,73667,91547,86767,118436,117022,169703,205290,233430,263100,293471,215817,273789,66437,120503,15,9,11360,10841,22344,28820,25185,41118,32712,59323,46188,59628,54683,56882,118929,152104,57903,104793,1506911,774362,200188,99775,692476,8199,438,530,341
2021-05-01T23:59:59+02:00,54,56,33605,36426,72900,90749,85691,117391,115547,168334,202195,230397,262407,292643,215607,273508,66426,120464,15,9,11344,10824,22288,28789,25120,41078,32649,59266,46106,59549,54440,56588,118771,151906,57894,104776,1491767,773035,200176,99732,692206,8151,431,529,339
2021-04-30T23:59:59+02:00,52,54,33059,35822,71686,89520,84218,115654,111760,164754,194781,223280,260413,290271,215158,272899,66366,120355,15,9,11018,10626,21922,28507,24842,40649,32317,58703,45635,58910,53541,55423,117819,150719,57839,104657,1458801,769324,199847,97736,691400,5805,228,525,333
2021-04-29T23:59:59+02:00,50,53,31556,34863,68749,87479,80567,113028,106627,160629,181941,211715,252466,281158,213961,271268,66232,120012,15,9,10707,10410,21441,28054,24409,40148,31726,57957,44829,57975,51699,53220,115966,148473,57738,104459,1403755,760453,192558,95047,686008,3477,203,511,326
2021-04-28T23:59:59+02:00,49,52,30320,34249,66870,86158,78080,111199,103189,157764,172229,202518,241603,268549,212677,269582,66036,119686,15,9,10515,10246,21132,27689,24038,39670,31290,57294,44086,57140,49543,50577,113378,145231,57612,104247,1350985,750774,189192,90477,680632,2251,170,501,307
2021-04-27T23:59:59+02:00,46,51,29559,33560,65282,84678,76059,109383,100413,155360,167478,197773,233083,258726,211532,267966,65916,119464,15,9,10389,10133,20843,27393,23798,39336,30927,56789,43391,56448,47530,48025,110735,141789,57493,104046,1316826,740921,186882,86456,672625,1525,168,488,285
2021-04-26T23:59:59+02:00,45,51,29126,33172,64176,83781,74549,108209,98110,153639,158847,189754,228884,253872,210824,266969,65823,119264,15,9,10293,10043,20621,27201,23558,39115,30625,56441,42772,55867,45718,45872,108837,139302,57397,103891,1287789,732922,185437,83342,665887,1142,161,473,275
2021-04-25T23:59:59+02:00,45,50,28873,32930,63389,83247,73473,107464,96362,152399,153441,184870,224544,248979,210233,266188,65757,119142,15,9,10237,10006,20539,27116,23467,39027,30515,56313,42606,55707,45303,45374,108156,138394,57369,103821,1274928,731229,179289,81568,657192,1010,158,465,274
2021-04-24T23:59:59+02:00,45,49,28526,32501,62443,82017,72285,106005,94799,150731,148523,179712,221756,245638,209765,265514,65723,119092,15,9,10222,9986,20496,27070,23410,38957,30433,56226,42455,55572,45058,45062,107906,138098,57348,103793,1249988,730121,179256,80864,655897,966,157,460,272
2021-04-23T23:59:59+02:00,45,49,27775,31876,60863,80491,70475,103978,92191,148073,143712,175306,217186,240072,209110,264526,65660,118977,15,9,10169,9921,20385,26983,23272,38803,30195,56014,42087,55240,44442,44302,106840,136810,57191,103516,1224963,726741,178065,78381,647349,914,152,456,268
2021-04-22T23:59:59+02:00,43,49,27155,31273,59321,79046,67993,101745,88044,144569,135650,167795,208144,229065,207073,261897,65460,118580,14,9,10042,9822,20131,26684,22915,38363,29677,55496,41325,54602,43276,42981,104837,134356,56962,103118,1183332,719221,170591,74447,638991,792,152,444,259
2021-04-21T23:59:59+02:00,43,45,26658,30749,57985,77927,66099,100104,84990,141918,128452,160966,195046,213716,204922,259008,65234,118154,14,9,9909,9733,19896,26429,22623,38035,29315,55040,40770,54063,42423,41956,102638,131559,56706,102700,1131719,712622,167697,70338,632606,717,152,439,249
2021-04-20T23:59:59+02:00,41,45,26228,30276,56806,76770,64407,98506,82428,139333,123351,155879,183564,200246,202491,255870,64998,117724,13,9,9804,9639,19674,26237,22325,37758,28900,54618,40225,53530,41601,41019,100411,128560,56367,102166,1088957,705012,164200,67081,625810,635,150,435,238
2021-04-19T23:59:59+02:00,41,44,25860,29914,55828,75950,63114,97326,80290,137401,119809,152471,177791,193398,200781,253638,64813,117395,13,9,9696,9545,19437,26015,22077,37482,28582,54224,39711,52994,40804,40113,97294,124559,55960,101450,1064322,694585,162359,64660,619191,594,149,427,236
2021-04-18T23:59:59+02:00,40,39,25549,29647,55050,75396,61982,96373,78423,135973,116433,150068,172671,187836,199766,252406,64701,117203,13,9,9622,9468,19246,25836,21895,37310,28364,53945,39449,52742,40475,39730,96079,123003,55776,101149,1050264,690679,160682,62728,608613,579,149,423,234
2021-04-17T23:59:59+02:00,39,38,25436,29550,54672,75192,61460,96015,77762,135363,115580,149325,168407,182943,199232,251682,64667,117138,13,9,9577,9409,19104,25647,21706,37080,28136,53669,39186,52474,40170,39403,95311,122074,55711,101065,1039330,686643,160645,62410,604529,566,149,422,233
2021-04-16T23:59:59+02:00,39,38,25058,29299,53676,74576,60163,95127,76125,134025,111423,145172,160752,174152,197570,249477,64559,116930,13,9,9370,9231,18706,25209,21113,36500,27019,52758,37151,50865,36829,36433,92107,118533,55308,100408,1013329,671447,159848,55458,594988,535,147,419,229
2021-04-15T23:59:59+02:00,37,34,24579,28848,52411,73402,58188,93397,72833,131174,105937,139883,152868,165160,192913,243599,64263,116313,13,9,9195,9065,18334,24777,20616,35831,26338,51953,35761,49631,34707,34374,88978,114780,54799,99551,981029,658255,157783,49858,577032,484,145,411,222
2021-04-14T23:59:59+02:00,35,31,24238,28520,51465,72460,56837,91996,70440,129006,101928,136092,143652,154757,185170,233720,63922,115649,13,9,8780,8787,17855,24264,20069,35170,25419,51072,34472,48510,32649,32209,85992,111123,54304,98689,943059,643249,155103,45630,561769,392,144,396,221
2021-04-13T23:59:59+02:00,35,31,23994,28294,50755,71918,55872,91152,68784,127580,98188,132640,131789,141602,178771,225389,63583,115060,13,9,8540,8607,17503,23846,19628,34614,24738,50268,33388,47484,31255,30839,83821,108712,53943,98143,909636,633737,150578,41232,545237,269,143,390,219
2021-04-12T23:59:59+02:00,35,30,23784,28101,50195,71399,54999,90410,67306,126284,95542,130304,124669,133564,175545,221441,63312,114569,13,9,8303,8418,17135,23544,19254,34172,24261,49731,32720,46856,29717,29291,82155,106769,53616,97621,893170,625242,149025,37974,529317,257,141,379,214
2021-04-11T23:59:59+02:00,34,30,23608,27932,49661,70972,54254,89948,66154,125472,93667,128813,119174,127532,171626,216834,63142,114271,13,9,8166,8284,16834,23261,18933,33855,23900,49348,32272,46470,29077,28619,81135,105519,53407,97302,885628,619915,144609,36140,512925,242,135,366,210
2021-04-10T23:59:59+02:00,34,30,23546,27872,49488,70828,54046,89785,65818,125195,93139,128371,117086,124994,170184,214980,63100,114171,13,9,7577,7677,15938,22471,17971,33012,22778,48308,31155,45468,28412,27904,79039,102909,53139,96867,878587,604540,143750,35761,510375,239,126,365,209
2021-04-09T23:59:59+02:00,33,30,23298,27619,48974,70328,53390,89082,64816,124063,91303,126452,108245,114036,166798,210569,62900,113813,12,9,6615,6773,14402,21144,16246,31451,20635,46336,28931,43453,26627,26069,75524,98712,52594,96027,859061,576989,136684,34239,500055,227,114,360,206
2021-04-08T23:59:59+02:00,33,30,22998,27371,48389,69832,52626,88380,63498,122973,88870,124276,97912,102011,161248,203714,62570,113246,12,9,5969,6183,13204,20123,14981,30110,18993,44615,26429,41118,23601,23090,70846,92900,51436,94257,840306,545277,127771,32296,481964,201,102,353,204
2021-04-07T23:59:59+02:00,32,29,22679,27136,47573,69355,51687,87748,62096,121972,85700,121814,88680,91689,154230,194923,62276,112688,12,9,5587,5857,12538,19443,14161,29277,17950,43565,24512,39220,21054,20559,66868,88109,50438,92636,819739,521711,122152,29815,460493,176,92,337,198
2021-04-06T23:59:59+02:00,31,29,22464,26976,47033,68965,51096,87217,61059,121193,83582,120063,80908,82865,147847,186947,61930,112061,12,9,5389,5698,12182,19078,13805,28839,17414,42995,23650,38403,19921,19527,63694,83998,49514,91243,800388,508277,118931,26848,443037,164,86,322,193
2021-04-05T23:59:59+02:00,31,28,22364,26849,46718,68613,50701,86807,60503,120498,82395,118905,76421,77767,142860,180850,61729,111745,12,9,5250,5557,11921,18822,13511,28523,17094,42617,23201,37942,19457,19055,60797,80432,48817,90174,790904,498902,117173,24053,427807,159,80,312,192
2021-04-04T23:59:59+02:00,31,28,22314,26784,46593,68336,50529,86489,60222,119994,81877,118270,74969,76054,142157,179876,61692,111663,12,9,5244,5548,11902,18805,13499,28505,17073,42601,23101,37869,19050,18733,59354,78578,48609,89862,788334,494089,117062,24047,422595,152,73,306,187
2021-04-03T23:59:59+02:00,31,28,22251,26703,46465,68225,50362,86310,59906,119678,81307,117688,73623,74419,141041,178339,61609,111515,12,9,5233,5539,11889,18785,13477,28485,17039,42554,22995,37794,18914,18582,58999,78011,48520,89715,781957,492290,117017,24047,420639,150,72,305,187
2021-04-02T23:59:59+02:00,31,28,22171,26616,46300,68054,50137,86060,59431,119217,80417,116874,72067,72531,138757,175359,61415,111155,12,9,5212,5501,11839,18741,13420,28401,16949,42404,22722,37315,18557,18219,56659,75120,47706,88611,772805,483785,115232,23403,418702,150,68,300,183
2021-04-01T23:59:59+02:00,28,27,21976,26409,45879,67533,49488,85316,58556,118272,78528,115203,68799,69095,134663,170176,61098,110585,12,9,5065,5357,11563,18474,13193,28163,16627,42095,22215,36871,17723,17463,51786,69060,46012,86130,761126,465606,109127,22026,411501,137,63,295,176
2021-03-31T23:59:59+02:00,27,27,21644,26189,45474,67000,48986,84659,57819,117330,77364,113964,66742,66765,129902,164055,60691,109862,11,9,4985,5304,11462,18348,13026,28007,16386,41825,21616,36352,16583,16554,46551,62626,44625,84134,751321,447158,101941,21076,405370,134,53,292,173
2021-03-30T23:59:59+02:00,27,26,21464,25964,45070,66379,48476,83853,57105,116275,76223,112582,64895,64741,125521,158298,60224,108968,11,9,4918,5217,11355,18220,12830,27815,16054,41500,21039,35805,15744,15746,43782,59203,43510,82332,741108,435248,97709,19708,397422,107,46,281,167
2021-03-29T23:59:59+02:00,26,26,21267,25725,44606,65828,47995,83155,56365,115191,74982,111140,62394,61988,118783,149671,59454,107575,11,9,4818,5145,11247,18099,12672,27647,15804,41174,20575,35336,15089,15202,41174,56205,42402,80502,720537,423981,94284,19017,391503,90,44,276,164
2021-03-28T23:59:59+02:00,26,26,21063,25432,44103,65133,47471,82405,55681,114181,74028,110027,61132,60548,114072,143696,59011,106818,11,9,4761,5083,11101,17947,12412,27347,15611,40927,20406,35101,14846,14953,40095,54783,42050,79960,713966,419636,86970,17688,384069,69,44,272,151
2021-03-27T23:59:59+01:00,26,26,20942,25273,43805,64767,47105,81873,55174,113490,73351,109287,59976,59458,112580,141989,58944,106736,11,9,4746,5071,11074,17926,12393,27316,15249,40494,20006,34663,14551,14742,39609,54096,41577,79143,708678,415571,86263,17033,380011,64,44,269,149
2021-03-26T23:59:59+01:00,26,25,20690,24759,42993,63058,46127,79846,53830,110461,71332,105665,57954,57567,109826,138750,58616,106218,9,9,4725,5038,11052,17874,12321,27223,15170,40382,19661,34068,14079,14087,36521,50242,39516,75883,697247,400988,82940,16814,367708,52,41,262,149
2021-03-25T23:59:59+01:00,26,22,20258,24085,42113,61289,45026,77287,52315,106926,68935,101896,55355,54926,106509,134778,58046,105225,9,9,4679,4982,10961,17770,12196,27078,14980,40164,19380,33758,13598,13591,32671,45180,36510,71324,685783,382574,78734,16217,350656,45,38,257,145
2021-03-24T23:59:59+01:00,26,22,19852,23632,41326,60010,43998,75739,50928,104993,66828,99559,52564,52006,102252,129686,57406,104149,9,9,4623,4913,10867,17627,12028,26875,14749,39876,19013,33336,13138,13141,30094,41962,33383,66467,672935,366956,73852,15119,338349,39,33,253,141
2021-03-23T23:59:59+01:00,26,22,19604,23323,40764,59080,43265,74633,49879,103474,65154,97693,50260,49655,99495,126472,56849,103312,9,9,4562,4841,10766,17498,11878,26689,14502,39560,18595,32946,12632,12629,27655,38845,29678,60524,664730,349260,70501,14529,327890,35,31,251,139
2021-03-22T23:59:59+01:00,26,22,19378,22901,40115,58189,42589,73585,48929,102081,63679,96060,48423,47760,97099,123729,56380,102547,6,8,4505,4795,10678,17379,11746,26512,14341,39320,18353,32644,12316,12254,25810,36473,25673,54034,658375,332851,67695,13972,317580,30,31,249,137
2021-03-21T23:59:59+01:00,26,22,19238,22637,39615,57426,42019,72727,48266,100915,62728,94822,47373,46731,95455,121876,56007,101967,6,8,4489,4786,10641,17331,11696,26424,14280,39231,18271,32542,12194,12116,25380,36024,25319,53474,655720,330639,65660,13558,308628,30,26,247,132
2021-03-20T23:59:59+01:00,26,22,19177,22491,39400,56928,41779,72166,47950,100277,62284,94216,46715,45962,92860,118644,55719,101483,6,8,4480,4777,10631,17318,11667,26407,14237,39196,18189,32466,12039,11955,24739,35252,24554,52391,649235,326927,65209,13370,303810,30,26,245,132
2021-03-19T23:59:59+01:00,25,21,18820,21924,38268,54798,40494,70167,46210,98186,59396,91455,42270,42086,87635,112882,55020,100405,6,8,4459,4762,10598,17268,11602,26294,14145,39022,17952,32166,11683,11672,23058,33186,22869,49818,631455,317550,57991,13006,290770,28,25,241,131
2021-03-18T23:59:59+01:00,25,20,18425,21271,37086,52639,38954,67374,44051,93710,55545,85651,38230,38270,82901,107402,53930,98749,6,8,4439,4733,10530,17165,11523,26138,13998,38832,17742,31965,11446,11488,21811,31662,21153,47217,614485,309455,52252,12391,267645,26,24,236,127
2021-03-17T23:59:59+01:00,24,19,17997,20916,36353,51714,38187,66414,42967,92350,53755,83823,35546,35477,78884,102569,52989,97278,5,8,4416,4705,10466,17065,11448,26003,13884,38642,17546,31775,11210,11263,20556,30241,19562,44810,597774,301927,47847,11676,261784,24,22,233,121
2021-03-16T23:59:59+01:00,23,19,17636,20495,35600,50640,37369,65212,41866,90668,51912,81835,33335,33457,74842,97601,52106,95964,5,6,4365,4653,10394,16934,11357,25850,13784,38401,17411,31530,11029,11077,19273,28714,18080,42482,584460,294108,43153,11241,253108,23,18,230,119
2021-03-15T23:59:59+01:00,23,19,17355,20128,34884,49652,36574,64018,40958,89186,50649,80228,31606,31615,71546,93502,51413,94833,5,6,4343,4618,10326,16811,11289,25647,13664,38111,17262,31256,10860,10916,18542,27747,16812,40618,573293,288261,39821,10591,245227,23,6,223,114
2021-03-14T23:59:59+01:00,23,18,17083,19700,34026,48443,35671,62697,39892,87358,49391,78497,30435,30369,69546,90935,50969,94155,5,6,4318,4599,10281,16733,11232,25505,13603,37889,17169,31091,10786,10830,18363,27466,16550,40056,566150,287055,37940,9458,235271,14,3,218,114
2021-03-13T23:59:59+01:00,23,18,16263,18635,32525,46393,34087,60553,37847,84274,47248,75932,29078,29007,67526,88307,50701,93765,5,6,4318,4598,10279,16727,11227,25496,13594,37881,17161,31081,10751,10795,17613,26575,15501,38598,549771,282784,37656,9457,224887,13,3,217,109
2021-03-12T23:59:59+01:00,22,17,15160,17256,30078,43742,31417,57409,34974,79419,44025,71453,26235,25815,63212,82994,49716,92362,5,5,4305,4563,10259,16665,11207,25443,13547,37763,17073,30949,10471,10568,16718,25319,14428,37069,521660,276950,36342,9443,207425,11,3,212,107
2021-03-11T23:59:59+01:00,21,17,14115,15792,27812,41039,29086,54221,32377,75024,40259,66558,22817,22330,57181,75662,47786,89531,5,5,4262,4521,10177,16546,11093,25216,13428,37452,16908,30641,10167,10352,16090,24473,13758,35790,489516,272925,34747,8010,187467,9,3,202,93
2021-03-10T23:59:59+01:00,21,17,13520,15091,26398,39420,27425,52393,30808,72701,37728,63425,20057,19765,51260,68518,46235,87192,5,5,4225,4477,10078,16378,10971,24961,13279,37031,16708,30264,9922,10161,15348,23699,13097,34763,463037,268164,32699,7263,176340,5,3,198,90
2021-03-09T23:59:59+01:00,20,16,13236,14624,25267,38377,26006,51211,29740,71046,36346,61587,18866,18635,47745,64063,45111,85403,5,5,4200,4451,9993,16209,10867,24701,13124,36713,16530,30026,9795,10055,14682,22859,12598,33987,449403,264437,30154,6425,167834,5,3,194,82
2021-03-08T23:59:59+01:00,19,16,12904,14012,24185,37260,24733,50069,28801,69559,35103,59965,17790,17751,43620,59079,43884,83418,5,5,4185,4415,9931,16011,10764,24437,12989,36353,16398,29760,9710,9970,14185,22251,12282,33542,433920,261230,28144,6028,160195,1,3,190,81
2021-03-07T23:59:59+01:00,19,16,12670,13717,23587,36403,24030,49189,28195,68686,34485,59200,17523,17492,42552,57625,43518,82859,5,5,4172,4400,9908,15968,10736,24361,12957,36183,16341,29646,9688,9941,13986,21995,12147,33336,429133,260159,26326,5682,156405,0,3,178,80
2021-03-06T23:59:59+01:00,18,16,12555,13426,23183,35662,23493,48395,27141,67151,33381,57434,17134,17161,41905,56734,43218,82391,5,5,4169,4386,9896,15942,10718,24327,12947,36140,16323,29615,9670,9900,13939,21957,12044,33125,425048,259777,26262,5398,149182,0,3,177,79
2021-03-05T23:59:59+01:00,18,16,12140,12824,22498,34455,22805,47164,26383,65514,32141,55015,16484,16325,38442,52431,41065,78950,5,5,4142,4336,9826,15838,10667,24179,12879,35944,16236,29406,9574,9829,13754,21746,11672,32511,409849,258072,24807,4550,140102,0,1,177,74
2021-03-04T23:59:59+01:00,16,16,11380,11809,21308,32724,21586,45112,25024,62859,30444,52654,15753,15604,34436,47261,37986,74262,5,5,4092,4243,9711,15542,10564,23821,12745,35409,16090,29001,9392,9672,13594,21536,11587,32365,391384,254998,22723,4452,126212,0,1,176,68
2021-03-03T23:59:59+01:00,15,16,11068,11307,20620,31505,20807,43747,24108,61106,29397,51007,15274,15097,31818,43935,34895,69490,5,5,4050,4178,9630,15368,10484,23565,12636,34985,15909,28652,9206,9544,13467,21316,11442,32089,375903,252325,21923,4284,117468,0,1,172,63
2021-03-02T23:59:59+01:00,15,16,10806,10877,19968,30528,20091,42724,23319,59711,28419,49729,14642,14443,29140,40566,30998,63269,5,5,4002,4105,9567,15201,10414,23296,12527,34550,15804,28342,9079,9441,13327,21124,11365,31944,357663,249897,20409,4278,111269,0,0,169,63
2021-03-01T23:59:59+01:00,13,15,10633,10616,19453,29720,19526,41839,22726,58640,27703,48604,14218,13988,27065,37982,26726,56362,5,5,3986,4055,9511,15043,10345,22995,12443,34172,15694,28017,8994,9379,13144,20854,11249,31760,340392,247448,19292,4278,106223,0,0,166,63
2021-02-28T23:59:59+01:00,13,15,10462,10413,18983,29065,18986,41097,22244,57782,27210,47808,14006,13742,26458,37320,26320,55759,5,5,3969,4040,9485,15010,10326,22943,12425,34102,15666,27969,8967,9355,13011,20674,11185,31611,337916,246586,18427,4240,101416,0,0,165,60
2021-02-27T23:59:59+01:00,13,15,10283,9898,18654,28199,18727,40308,21960,56796,26882,47019,13733,13441,25788,36519,25394,54341,5,5,3955,4027,9463,14989,10293,22896,12386,34019,15619,27895,8946,9338,12990,20649,11163,31591,334003,246220,17701,4089,96338,0,0,165,58
2021-02-26T23:59:59+01:00,12,14,9486,9114,17751,26761,17944,38101,21027,53943,25422,44194,13266,13038,24195,34528,23865,52034,5,5,3874,3958,9383,14829,10218,22640,12306,33653,15502,27602,8866,9257,12923,20580,11123,31521,324863,244311,17446,4015,82453,0,0,162,56
2021-02-25T23:59:59+01:00,12,14,8330,8260,16428,25149,16672,35844,19787,51054,23709,41410,12788,12637,22916,32937,22365,49751,5,5,3750,3812,9217,14509,9994,22033,12049,32789,15169,26944,8669,9105,12661,20255,10983,31253,317228,240147,16669,3136,66225,0,0,158,54
2021-02-24T23:59:59+01:00,11,13,7964,7736,15774,24115,16046,34605,19072,49539,22917,40211,12392,12301,21609,31441,20690,47124,4,5,3677,3742,9073,14214,9814,21574,11842,32157,14906,26404,8526,8962,12517,20082,10918,31041,308990,237350,15703,2188,58922,0,0,158,53
2021-02-23T23:59:59+01:00,11,13,7481,7258,14959,22934,15358,33386,18349,48127,22194,39135,12074,11971,20267,29867,19076,44568,4,5,3635,3665,8952,14010,9673,21175,11654,31575,14602,25898,8355,8817,12388,19870,10846,30803,300845,234485,14901,1522,51333,0,0,156,52
2021-02-22T23:59:59+01:00,10,11,7374,7052,14575,22316,15004,32658,17882,47118,21700,38401,11869,11721,19518,28854,17756,42612,4,5,3605,3563,8814,13719,9510,20672,11399,30826,14229,25296,8105,8620,12186,19614,10740,30492,294957,231150,14293,328,47229,0,0,152,50
2021-02-21T23:59:59+01:00,10,11,7282,6926,14247,21869,14585,32074,17465,46466,21259,37907,11760,11616,19355,28640,17508,42277,4,5,3565,3523,8728,13592,9429,20452,11326,30532,14106,25023,8045,8559,12128,19503,10669,30328,293799,229285,13923,310,43584,0,0,147,49
2021-02-20T23:59:59+01:00,10,11,7165,6875,14120,21789,14467,31936,17344,46312,21097,37724,11660,11529,18571,27721,16446,40805,4,5,3563,3516,8717,13584,9419,20431,11311,30507,14091,25012,8040,8550,12063,19439,10615,30259,289527,228896,13726,309,42380,0,0,142,48
2021-02-19T23:59:59+01:00,8,10,6863,6622,13765,21349,14093,31265,16869,45516,20391,36850,11053,11126,17521,26390,15289,39196,4,5,3483,3491,8641,13553,9376,20372,11273,30413,14031,24917,7998,8490,11844,19166,10422,29929,283129,227181,13349,307,37747,0,0,139,47
2021-02-18T23:59:59+01:00,8,10,6463,6148,13136,20202,13452,29891,16052,43647,19513,35270,10819,10905,16928,25636,14711,38309,4,5,3295,3353,8306,13014,9082,19619,10921,29368,13660,24083,7790,8178,11255,18210,9924,28771,279530,218615,12769,304,28852,0,0,131,45
2021-02-17T23:59:59+01:00,8,9,6297,5805,12690,19323,12959,28701,15349,41926,18862,33942,10584,10648,16172,24821,13935,37125,3,5,3045,3192,7964,12496,8781,18827,10551,28320,13272,23230,7554,7940,10696,17354,9485,27955,274854,210448,12035,298,22317,0,0,125,45
2021-02-16T23:59:59+01:00,8,9,5971,5503,12153,18488,12455,27627,14803,40550,18267,32907,10426,10541,15502,23992,13427,36341,3,5,2863,3072,7659,12040,8475,18101,10154,27226,12807,22329,7279,7640,9975,16174,8752,26398,271321,200889,11538,142,16169,0,0,115,40
2021-02-15T23:59:59+01:00,8,9,5863,5319,11856,17843,12188,26844,14452,39556,17916,32135,10296,10428,14943,23339,13066,35803,3,5,2774,2992,7463,11714,8256,17592,9850,26376,12452,21645,6998,7352,9273,15114,8237,25115,268207,193197,10935,96,12783,0,0,109,36
2021-02-14T23:59:59+01:00,8,9,5595,5201,11608,17571,11963,26409,14220,39109,17724,31858,10249,10377,14708,22998,12902,35410,3,5,2723,2954,7346,11545,8126,17384,9673,26042,12274,21342,6900,7225,9049,14731,8050,24577,267200,189942,9996,93,10783,0,0,108,31
2021-02-13T23:59:59+01:00,8,9,5535,5163,11557,17533,11932,26377,14191,39076,17704,31838,10235,10348,14681,22966,12888,35392,3,5,2719,2951,7340,11536,8114,17362,9656,26007,12247,21297,6869,7189,8893,14517,7697,23945,266950,188425,9993,10,10551,0,0,107,28
2021-02-12T23:59:59+01:00,8,8,5018,4845,10988,17169,11615,25825,13871,38435,17374,31198,10123,10240,14497,22753,12807,35282,3,5,2668,2918,7244,11377,8012,17130,9508,25615,12032,20850,6686,6952,8529,13953,7103,22599,265255,183266,9980,8,6883,0,0,104,26
2021-02-11T23:59:59+01:00,8,8,4557,4542,10399,16485,11202,25017,13389,37172,16885,30337,9806,9977,14216,22304,12526,34595,3,5,2499,2643,6641,10180,7320,15394,8645,22995,10972,18762,6030,6234,7477,12334,6285,20281,262013,164785,8337,3,3139,0,0,98,18
2021-02-10T23:59:59+01:00,8,8,4308,4375,10065,16034,10890,24479,13076,36286,16471,29586,9586,9838,14033,22099,12433,34385,3,5,2136,2349,5703,8710,6506,13343,7656,20084,9840,16715,5486,5644,6488,10668,5508,18218,259352,145149,7835,2,841,0,0,89,5
2021-02-09T23:59:59+01:00,8,8,4245,4275,9941,15764,10781,24070,12901,35668,16256,29112,9407,9697,13837,21885,12290,34160,3,5,1741,1997,4917,7438,5731,11541,6736,17558,8753,14717,4907,5013,5436,9098,4773,16094,256887,126538,7053,1,434,0,0,87,2
2021-02-08T23:59:59+01:00,8,8,4211,4221,9845,15553,10668,23708,12777,35208,16110,28753,9311,9629,13634,21600,12183,33963,3,5,1576,1800,4353,6441,5064,9960,5919,15029,7735,12853,4353,4481,4458,7501,4010,14004,254493,109617,6537,1,428,0,0,84,2
2021-02-07T23:59:59+01:00,8,8,4046,4154,9688,15417,10566,23543,12696,34946,15995,28557,9270,9582,13490,21420,12108,33819,3,5,1362,1553,3930,5768,4643,9078,5490,13859,7245,11889,4099,4219,4226,7105,3849,13404,253394,101797,5990,1,0,0,0,79,1
2021-02-06T23:59:59+01:00,8,8,4036,4144,9677,15401,10553,23508,12674,34896,15976,28501,9251,9569,13472,21385,12002,33622,3,5,1209,1358,3697,5462,4457,8652,5271,13274,6966,11331,3963,4084,4099,6955,3569,12947,253049,97368,5705,1,0,0,0,79,1
2021-02-05T23:59:59+01:00,8,7,3963,4074,9604,15258,10486,23257,12589,34528,15862,28217,9167,9494,13401,21310,11652,33027,3,4,1068,1127,3415,5014,4198,8068,4956,12495,6582,10602,3706,3838,3938,6723,3058,12055,251163,90912,4812,0,0,0,0,77,1
2021-02-04T23:59:59+01:00,8,7,3905,3949,9482,14939,10307,22708,12401,33731,15648,27653,9044,9381,13175,21015,11538,32820,3,2,804,792,2588,3758,3263,6318,4001,9944,5257,8380,3029,3123,3318,5735,2669,10558,247197,73589,4584,0,0,0,0,76,1
2021-02-03T23:59:59+01:00,8,7,3835,3876,9378,14716,10204,22371,12268,33222,15500,27237,8934,9265,13034,20838,11462,32655,3,2,667,623,1956,2834,2522,4879,3022,7638,4024,6315,2211,2248,2418,4242,1933,7895,244472,55467,4410,0,0,0,0,74,0
2021-02-02T23:59:59+01:00,8,7,3768,3780,9278,14519,10105,21992,12127,32658,15296,26784,8806,9147,12911,20631,11379,32390,2,2,531,492,1485,2098,1930,3670,2274,5810,3005,4727,1570,1549,1654,2797,1347,5252,241252,40219,4406,0,0,0,0,72,0
2021-02-01T23:59:59+01:00,7,7,3728,3688,9199,14288,9998,21605,11989,32021,15110,26280,8684,8997,12801,20487,11331,32211,1,0,394,358,1038,1449,1273,2451,1485,3807,1871,3000,999,986,980,1709,772,3037,238101,25623,4405,0,0,0,0,67,0
2021-01-31T23:59:59+01:00,7,7,3707,3652,9144,14178,9926,21397,11922,31722,15007,26083,8628,8938,12749,20374,11286,32081,1,0,363,337,912,1258,1083,2073,1283,3251,1636,2629,900,895,878,1525,701,2729,236594,22465,4289,0,0,0,0,65,0
2021-01-30T23:59:59+01:00,7,7,3706,3649,9133,14163,9911,21373,11909,31702,14995,26069,8624,8933,12680,20305,11219,32003,1,0,347,312,851,1174,1025,1949,1219,3061,1561,2493,870,869,859,1485,686,2676,236268,21448,4195,0,0,0,0,65,0
2021-01-29T23:59:59+01:00,7,7,3645,3632,9072,14133,9882,21321,11877,31625,14946,26002,8600,8910,12494,20078,11037,31759,1,0,280,228,726,998,880,1586,1064,2672,1349,2166,779,777,811,1431,668,2623,235036,19047,4066,0,0,0,0,64,0
2021-01-28T23:59:59+01:00,7,6,3527,3545,8866,13746,9661,20805,11643,31038,14613,25502,8463,8804,12060,19459,10680,31180,1,0,133,60,308,371,386,626,470,1165,616,975,412,430,477,827,384,1591,230239,9236,3444,0,0,0,0,61,0
2021-01-27T23:59:59+01:00,7,6,3296,3407,8572,13325,9361,20176,11254,30202,14225,24760,8244,8589,11510,18649,10254,30416,1,0,82,35,215,231,251,429,312,811,439,674,313,314,354,617,289,1167,223512,6537,2819,0,0,0,0,55,0
2021-01-26T23:59:59+01:00,6,6,3131,3309,8288,12982,9097,19604,10947,29441,13826,24125,8003,8363,10933,17731,9604,29262,1,0,76,31,200,221,235,394,296,757,408,612,298,288,326,553,262,1037,216767,5998,1974,0,0,0,0,48,0
2021-01-25T23:59:59+01:00,6,6,3043,3215,8004,12499,8805,18897,10559,28437,13346,23358,7719,8160,10316,16912,9148,28362,1,0,68,23,176,198,201,335,256,636,355,507,260,243,272,475,213,850,210452,5072,425,0,0,0,0,43,0
2021-01-24T23:59:59+01:00,6,6,2999,3194,7917,12419,8730,18769,10450,28277,13215,23175,7675,8121,10248,16798,9100,28267,1,0,67,22,171,193,198,321,253,613,346,493,251,239,270,468,209,835,209137,4953,320,0,0,0,0,36,0
2021-01-23T23:59:59+01:00,6,6,2998,3193,7915,12415,8725,18758,10447,28263,13209,23169,7667,8117,10122,16632,8771,27680,1,0,66,21,170,192,198,319,251,612,344,493,251,239,270,468,209,833,207871,4940,316,0,0,0,0,32,0
2021-01-22T23:59:59+01:00,6,6,2935,3147,7790,12299,8641,18615,10337,28089,13126,23054,7636,8080,9923,16328,8253,26655,1,0,66,20,169,191,197,317,251,611,342,493,251,239,270,468,209,833,204706,4931,314,0,0,0,0,26,0
2021-01-21T23:59:59+01:00,6,6,2849,2975,7288,11383,8157,17466,9799,26461,12519,21838,7349,7756,9290,15390,7739,25611,1,0,60,18,151,177,179,283,225,536,305,451,227,212,237,384,176,694,193669,4319,313,0,0,0,0,19,0
2021-01-20T23:59:59+01:00,6,6,2488,2629,6405,9972,7405,15504,8845,23632,11409,19761,6747,7104,8191,13622,6925,23390,1,0,58,18,149,172,176,281,216,522,292,428,214,205,231,359,162,656,173823,4143,309,0,0,0,0,16,0
2021-01-19T23:59:59+01:00,6,6,2049,2274,5502,8583,6542,13608,7824,20845,10137,17522,5991,6222,6811,11436,5904,20356,0,0,41,12,98,127,119,171,150,358,192,298,137,117,144,242,114,490,151473,2812,226,0,0,0,0,14,0
2021-01-18T23:59:59+01:00,5,6,1776,1985,4745,7196,5585,11373,6625,17245,8706,14801,5101,5342,5427,9185,4835,16875,0,0,22,7,39,48,54,79,66,164,76,148,63,56,69,135,62,222,126787,1312,100,0,0,0,0,14,0
2021-01-17T23:59:59+01:00,4,6,1501,1698,4228,6400,5074,10239,6087,15679,8065,13537,4763,4993,5052,8511,4508,15873,0,0,8,2,9,15,16,29,20,50,29,58,25,23,20,31,13,46,116193,395,92,0,0,0,0,13,0
