Datum,<15_m,<15_w,15-24_1_m,15-24_1_w,25-34_1_m,25-34_1_w,35-44_1_m,35-44_1_w,45-54_1_m,45-54_1_w,55-64_1_m,55-64_1_w,65-74_1_m,65-74_1_w,75-84_1_m,75-84_1_w,>84_1_m,>84_1_w,<24_2_m,<24_2_w,25-34_2_m,25-34_2_w,35-44_2_m,35-44_2_w,45-54_2_m,45-54_2_w,55-64_2_m,55-64_2_w,65-74_2_m,65-74_2_w,75-84_2_m,75-84_2_w,>84_2_m,>84_2_w,bp_1,bp_2,mo_1,mo_2,az_1,az_2,ja,unb_1,unb_2
2021-08-01T23:59:59+02:00,24755,22782,240625,232752,351776,324065,372529,366466,438874,449705,495279,499059,342283,382660,241482,309125,71169,130271,166931,161583,280375,258316,310095,305914,393307,403350,456026,461589,324798,363012,231278,295345,67874,123476,3783354,3239432,509203,450648,805103,733080,198222,492,394
2021-07-31T23:59:59+02:00,24647,22689,240297,232452,351519,323856,372304,366304,438698,449559,495176,498965,342251,382623,241462,309112,71168,130267,163363,157974,277736,255907,308114,304005,392001,402160,455158,460792,324499,362658,231153,295190,67852,123434,3781840,3217846,509027,449731,805100,732747,197607,492,344
2021-07-30T23:59:59+02:00,24362,22435,239526,231772,350976,323346,371838,365860,438265,449178,494832,498682,342114,382492,241421,309039,71155,130253,159665,154274,274389,252846,305141,301237,389812,400097,453347,459244,324009,362138,230948,294905,67820,123379,3777873,3193017,508678,448545,805086,729706,196134,492,344
2021-07-29T23:59:59+02:00,24030,22104,238040,230549,349854,322313,370911,364985,437446,448427,494052,498080,341794,382193,241290,308870,71124,130199,154890,149880,269116,248755,299395,296595,385556,396701,450363,456899,323192,361311,230647,294508,67761,123288,3770633,3159712,508059,443967,805005,724711,192789,492,344
2021-07-28T23:59:59+02:00,23739,21822,236917,229534,348998,321510,370203,364334,436840,447777,493507,497611,341552,381906,241164,308692,71091,130133,151191,146287,264703,245153,295023,292694,382337,393895,448309,455079,322546,360568,230395,294134,67699,123173,3764120,3129420,507546,442095,804929,722114,190961,491,344
2021-07-27T23:59:59+02:00,23476,21607,235966,228619,348209,320810,369546,363778,436291,447196,493010,497178,341324,381616,241035,308509,71058,130035,146250,141257,258911,240114,289823,288037,378430,390281,445202,452331,321580,359481,230039,293646,67612,123018,3758142,3088635,507024,439844,804874,718432,189449,491,344
2021-07-26T23:59:59+02:00,23246,21377,235021,227678,347463,320135,368972,363249,435761,446724,492572,496828,341102,381382,240909,308357,71035,129978,141962,136920,253433,235406,284721,283645,374064,386438,441740,449363,320641,358527,229718,293180,67541,122882,3752686,3049900,506417,437635,804800,714113,188112,491,344
2021-07-25T23:59:59+02:00,22896,21083,233717,226563,346554,319399,368330,362611,435199,446213,492130,496435,340912,381172,240823,308231,71014,129923,140135,135200,250797,233234,282267,281598,371951,384688,439682,447601,320141,358020,229522,292956,67516,122809,3745888,3035206,506061,435483,804742,709792,186740,491,344
2021-07-24T23:59:59+02:00,22657,20897,232827,225744,345869,318787,367796,362116,434703,445801,491798,496174,340805,381079,240783,308171,71011,129914,137273,132442,248109,230953,279747,279421,369736,382871,438478,446633,319805,357691,229381,292780,67497,122775,3742020,3017043,505304,432497,804735,709456,185099,491,344
2021-07-23T23:59:59+02:00,22252,20525,231374,224470,344585,317892,366781,361286,433859,445036,491123,495668,340578,380819,240699,308060,70990,129879,131857,127643,242810,226711,275339,275685,366097,379724,435862,444458,319112,356979,229131,292474,67443,122695,3734833,2981886,504849,430764,804681,707333,181739,491,343
2021-07-22T23:59:59+02:00,21754,20052,229295,222530,342878,316395,365325,360039,432578,443931,490161,494792,340163,380380,240530,307820,70945,129799,127565,123637,236877,222248,269021,270666,359260,374283,430439,439987,317948,355734,228707,291958,67349,122545,3722655,2940199,503357,424866,804551,701074,179030,491,343
2021-07-21T23:59:59+02:00,21250,19538,227437,220732,341226,314899,363741,358497,431038,442570,488964,493654,339619,379869,240286,307542,70892,129706,123833,120112,231464,218041,263536,266175,351193,367407,425881,436273,316835,354591,228250,291395,67268,122368,3711876,2905007,499700,414074,804333,696319,175777,491,340
2021-07-20T23:59:59+02:00,20949,19263,225995,219294,340024,313762,362794,357641,430198,441805,488261,493028,339287,379512,240146,307324,70865,129619,119546,115926,225172,212920,257750,261034,344122,361335,421210,431986,315757,353345,227842,290814,67174,122187,3702789,2861568,499305,406913,804217,691964,173682,491,340
2021-07-19T23:59:59+02:00,20636,18972,224284,217623,338738,312536,361780,356680,429407,441038,487596,492422,338991,379157,239999,307097,70821,129521,116819,113364,220846,209373,253182,257102,340433,358191,418613,429822,315044,352624,227552,290427,67103,122065,3692371,2836797,498897,401577,804132,687676,172123,491,340
2021-07-18T23:59:59+02:00,20484,18846,223015,216386,337170,311146,360741,355780,428622,440339,487074,491883,338764,378876,239870,306920,70800,129460,115342,111990,218234,207228,250851,255025,338209,356356,416600,428150,314569,352142,227391,290209,67082,121998,3683154,2824656,498368,397320,804059,684014,170819,491,339
2021-07-17T23:59:59+02:00,20093,18426,221875,215340,336604,310612,360162,355278,428116,439897,486666,491598,338663,378761,239829,306868,70797,129450,113285,109909,215786,204942,248410,252847,335805,354235,415163,426894,314239,351752,227256,290042,67059,121959,3677676,2807283,498175,394611,804050,683239,169364,485,338
2021-07-16T23:59:59+02:00,19555,17918,219346,213219,334885,309332,358671,353993,426666,438705,485582,490739,338263,378398,239659,306711,70772,129413,110206,107129,211066,201054,243902,249245,331546,350574,411849,424199,313325,350833,226912,289631,67006,121878,3667573,2779871,497425,392289,803897,679445,163162,485,336
2021-07-15T23:59:59+02:00,18922,17302,216602,210844,333008,307660,357109,352569,425349,437542,484656,489897,337868,377982,239463,306458,70730,129310,106337,103955,202772,194866,236475,243686,325004,345383,404837,417796,311599,349041,226375,288970,66935,121681,3652796,2733713,496835,383952,803786,672073,160081,485,336
2021-07-14T23:59:59+02:00,18087,16583,214209,208553,331340,306151,355728,351242,424149,436361,483642,488952,337421,377525,239228,306149,70676,129225,102757,100656,196354,189739,230800,239052,320740,341929,400680,414195,310302,347735,225975,288414,66856,121527,3638105,2700372,496279,378441,803665,665316,157398,485,335
2021-07-13T23:59:59+02:00,17442,15935,212056,206550,329768,304809,354419,350037,423006,435296,482705,488108,336989,377061,239027,305911,70642,129136,99045,97148,189924,184384,223720,233029,314105,335904,392325,406376,308516,345817,225377,287629,66748,121330,3624531,2657927,495730,365822,803524,655894,155338,485,330
2021-07-12T23:59:59+02:00,16437,15008,208825,203398,327728,303103,352866,348591,421784,434118,481739,487217,336578,376600,238848,305686,70603,129059,95967,94446,184670,180112,216775,227393,307318,329898,387259,402120,306799,343960,224794,286898,66650,121162,3606294,2619860,495186,358727,803374,647528,153560,484,329
2021-07-11T23:59:59+02:00,15933,14541,207489,202142,327001,302398,352216,347984,421236,433630,481302,486884,336391,376402,238788,305584,70582,129019,94553,93167,181919,177817,213795,225123,304646,327758,384448,399751,304342,341347,224418,286430,66598,121064,3600197,2604993,494557,356750,803252,637085,151748,477,325
2021-07-10T23:59:59+02:00,15460,14082,205658,200383,325550,301155,351102,347023,420519,433041,480833,486488,336226,376236,238723,305498,70572,128999,93268,91912,179414,175731,210786,222654,302144,325621,383293,398719,303697,340684,224238,286245,66582,121039,3591698,2588342,493934,356527,803018,635345,149128,477,325
2021-07-09T23:59:59+02:00,15139,13806,203755,198554,323957,299721,350041,346075,419623,432335,480270,486016,336023,376017,238626,305379,70556,128965,90499,89197,175899,172519,206460,218515,297141,321031,379869,395751,302611,339467,223936,285879,66545,120975,3582636,2559485,493080,354478,802828,627775,146541,477,324
2021-07-08T23:59:59+02:00,14684,13385,200301,195605,320673,297074,347692,344112,417928,430897,478848,484957,335591,375580,238449,305135,70513,128889,86223,85458,168687,166899,198370,212143,289807,314949,372965,389579,299925,336566,223164,284951,66428,120717,3567492,2513520,489049,345878,802311,617496,141687,477,324
2021-07-07T23:59:59+02:00,14188,12932,196589,191778,317541,294238,345407,342094,416382,429443,477659,483874,335118,375026,238264,304865,70476,128786,82556,82038,161434,161227,189379,205011,281858,308411,365979,382800,296632,332978,222265,283855,66290,120471,3546414,2465789,487701,332512,801932,607566,138837,477,322
2021-07-06T23:59:59+02:00,13730,12561,193181,188424,314313,291529,342954,339822,414684,427894,476406,482752,334620,374476,238069,304577,70424,128700,79021,78493,154798,155750,182015,198827,272975,300490,359531,376745,293453,329751,221386,282769,66182,120240,3526752,2413604,484659,325597,801516,598095,136412,477,322
2021-07-05T23:59:59+02:00,13335,12227,188815,184215,310302,288225,340466,337526,413030,426363,475274,481691,334148,373961,237896,304335,70391,128616,75979,75697,149708,151689,177271,194715,266097,294255,353448,371226,290194,326314,220507,281658,66074,120071,3504126,2374733,483516,321142,801039,587776,132362,470,322
2021-07-04T23:59:59+02:00,13158,12071,185017,180379,307704,286226,339171,336464,412164,425591,474696,481215,333929,373709,237806,304212,70365,128563,73803,73831,146632,149151,174953,192686,263673,292202,350352,369025,286897,322933,219931,280996,66020,119953,3492070,2361045,482234,318856,800472,576297,127891,470,319
2021-07-03T23:59:59+02:00,11973,11020,178606,174404,303470,282791,336862,334306,410361,423789,473497,480158,333529,373265,237632,303966,70341,128520,72031,72263,144223,147285,172526,190616,260625,289489,348079,367177,285151,320956,219664,280636,65989,119904,3465850,2345392,480839,318662,800286,571822,121737,470,319
2021-07-02T23:59:59+02:00,10880,9936,174909,170959,301082,280605,335131,332617,409121,422605,472726,479477,333270,372950,237516,303784,70313,128472,69352,69600,140329,144026,168123,186605,254598,284081,342883,362485,281908,317242,219026,279866,65941,119820,3447866,2312412,479375,315892,800092,559276,119240,469,292
2021-07-01T23:59:59+02:00,9792,9018,171264,167552,297086,277357,332664,330373,407342,421034,471642,478529,332858,372492,237317,303512,70268,128394,64491,64891,134074,138732,160885,180135,244391,275267,332125,352755,277150,311989,217180,277619,65762,119508,3425543,2256382,477306,303604,799748,541636,116116,469,291
2021-06-30T23:59:59+02:00,9307,8629,168018,164513,291523,272770,329020,327060,405581,419513,470632,477565,332439,372008,237127,303216,70234,128308,61375,62055,128466,134064,154269,174154,234376,266152,318776,339534,271959,306476,215298,275301,65596,119190,3400682,2201566,475168,290836,799444,522893,112386,469,289
2021-06-29T23:59:59+02:00,8772,8108,164246,160769,287034,268545,325483,323776,403495,417448,469099,476163,331855,371374,236879,302864,70180,128199,58600,59086,123546,129680,148275,168651,222565,255496,310253,331204,265521,299305,213336,272850,65394,118845,3373378,2142571,473200,286197,799115,505544,108810,469,285
2021-06-28T23:59:59+02:00,8368,7732,160948,157334,282034,264261,322212,320946,401366,415535,467617,474861,331339,370764,236648,302555,70137,128105,56347,56754,119665,126194,143943,164580,213368,247107,304489,325828,260589,294027,211577,270625,65249,118581,3349652,2107015,469239,277629,798460,489064,105621,469,282
2021-06-27T23:59:59+02:00,8221,7610,159458,155824,279953,262462,320419,319428,399683,414181,466744,474163,331048,370477,236546,302397,70118,128057,55160,55658,117555,124498,141403,162465,209278,243743,301149,322981,256808,290050,209124,267721,65138,118394,3339760,2091682,467184,274167,797421,473000,102634,469,282
2021-06-26T23:59:59+02:00,7073,6517,156202,152501,277861,260585,318022,317201,398500,413038,466047,473456,330778,370193,236440,302239,70094,128027,54617,55079,116230,123361,139995,161238,207045,241748,298629,320586,255280,288401,208791,267313,65111,118324,3320740,2075041,464377,274082,797415,470508,102501,417,234
2021-06-25T23:59:59+02:00,5859,5405,151916,148240,274496,257657,315975,315247,397204,411799,465052,472638,330492,369860,236315,302086,70067,127979,53340,53464,113767,120678,135935,156695,198311,233324,292964,314733,253562,286291,208203,266514,65040,118205,3295938,2032720,462962,272398,797365,463957,102280,417,234
2021-06-24T23:59:59+02:00,5010,4625,147507,144145,269719,253766,311722,311495,395041,409947,463695,471515,330076,369402,236149,301851,70034,127893,50707,50885,108677,115988,128650,150084,186335,222913,281582,304537,248216,280492,206380,264181,64837,117805,3265042,1970943,460979,260694,797200,450278,100626,416,233
2021-06-23T23:59:59+02:00,4792,4419,144362,141053,266047,250642,306512,306716,392557,407621,462301,470203,329550,368788,235920,301541,69986,127790,48785,48812,104904,112099,123008,144435,176487,214287,269667,292607,243624,275699,205049,262487,64676,117445,3237680,1914935,457475,250877,797046,439614,98854,416,232
2021-06-22T23:59:59+02:00,4549,4191,141303,137949,262363,247289,300417,301306,389939,405090,460767,468729,329012,368189,235702,301192,69939,127685,47103,47077,101315,108823,118240,139883,163936,203174,258808,282351,239578,271241,203135,260084,64425,116977,3205841,1856817,455560,243197,796867,428705,97594,414,225
2021-06-21T23:59:59+02:00,4292,3946,138052,135024,257692,243426,295200,296466,386927,402230,459301,467384,328496,367635,235476,300883,69899,127574,45887,45862,98941,106622,115513,137189,157745,197434,251961,275744,234246,265430,199228,255587,64241,116604,3174313,1826011,453535,237704,796652,409011,95651,413,225
2021-06-20T23:59:59+02:00,4151,3828,136551,133535,253541,240034,292668,294257,385542,400927,458518,466645,328277,367358,235365,300750,69879,127512,44777,44955,96714,104851,113261,135223,154730,194907,247680,271707,231256,261915,198242,254339,64160,116479,3157185,1805843,451782,234179,796482,401177,94132,413,223
2021-06-19T23:59:59+02:00,3737,3479,134409,131452,250805,237731,290897,292628,383712,399366,457676,465915,328058,367108,235262,300613,69858,127480,44241,44315,95453,103603,111797,133771,153235,193479,244479,268708,230547,261072,198074,254079,64138,116426,3140934,1789994,448978,232605,796474,400905,94038,413,222
2021-06-18T23:59:59+02:00,2790,2567,131141,128323,247296,234697,286898,289235,381326,397251,456336,464753,327685,366708,235108,300377,69831,127431,43467,43409,93885,101836,109521,131115,149710,189463,237664,261484,228832,259079,197590,253440,64063,116293,3115219,1760892,444558,232087,796449,394231,93765,412,222
2021-06-17T23:59:59+02:00,2557,2344,127445,125064,241304,230276,281699,284866,376557,393280,454024,462931,327100,365991,234868,300022,69765,127319,41245,41592,89847,98379,104649,126385,141875,181813,226315,250142,223651,253169,195944,251291,63804,115874,3080658,1705454,441593,227962,796195,383371,89318,295,211
2021-06-16T23:59:59+02:00,2288,2112,124231,121678,236426,225959,277016,280618,371403,388806,451451,460804,326367,365197,234581,299612,69699,127206,39429,40011,86328,95379,100324,122580,133678,174508,214265,238282,217450,246097,194034,248978,63552,115386,3047317,1645968,436083,222372,795680,375341,86726,293,210
2021-06-15T23:59:59+02:00,1902,1782,119325,116828,230461,220837,271685,275644,366352,384184,448617,458398,325502,364229,234236,299098,69617,127024,37817,38411,83021,92352,96374,118551,126658,168155,201969,226314,211449,239334,192091,246557,63241,114817,3002758,1588943,434167,216558,795115,367704,84028,293,207
2021-06-14T23:59:59+02:00,1641,1512,115286,112683,225256,215942,266329,270680,361087,379448,445506,455817,324721,363377,233924,298709,69555,126904,36842,37524,80756,90280,93686,116054,122569,164435,195402,219844,208352,235843,190962,245089,63024,114430,2960749,1559505,431824,214325,794855,360082,81295,291,206
2021-06-13T23:59:59+02:00,1567,1427,113794,111309,222820,213849,263793,268429,358838,377499,444336,454786,324447,363073,233789,298542,69524,126831,35989,36798,78915,88626,91687,114256,119753,161848,191563,216162,205285,232420,189932,243723,62792,114019,2945798,1545626,429393,207083,794551,351914,79255,291,204
2021-06-12T23:59:59+02:00,1419,1290,111150,108565,220931,212125,262418,267160,357406,376103,443442,454018,324160,362765,233697,298439,69506,126803,35621,36396,77934,87533,90445,112971,118192,160292,188015,212870,204254,231296,188533,242068,62782,113989,2929659,1532548,428417,207074,794531,344544,79133,290,203
2021-06-11T23:59:59+02:00,1272,1153,108617,106061,218048,209513,258757,263983,354279,373382,441729,452546,323725,362315,233563,298233,69479,126748,34953,35288,75939,84181,88223,109455,114107,155165,181350,205456,202168,228934,187932,241301,62720,113892,2905311,1505191,425634,206392,794348,331138,78449,290,201
2021-06-10T23:59:59+02:00,1113,1000,103876,101666,212004,204774,251725,258180,348202,368096,437252,448778,322871,361348,233243,297787,69395,126597,33379,33810,71959,80028,83332,103980,107468,147000,169067,191862,196124,222074,186211,239171,62469,113491,2861809,1458303,418574,204658,793504,304211,74353,288,198
2021-06-09T23:59:59+02:00,965,871,99969,97976,206067,200060,244930,252486,341561,362156,433579,445767,322199,360609,232975,297408,69331,126465,31852,32563,68742,77391,79652,100829,102777,142741,157993,181159,185548,210136,184352,236931,62197,112999,2822944,1404539,410071,200693,792998,293002,69725,249,197
2021-06-08T23:59:59+02:00,783,690,95453,93450,199459,194509,237983,246493,333322,354896,428485,441115,321369,359610,232605,296924,69250,126328,30784,31713,66163,75104,76388,98115,98214,138841,150437,173711,176867,200460,182552,234696,61965,112633,2771110,1365498,404319,195806,792418,282214,65233,249,181
2021-06-07T23:59:59+02:00,625,549,92250,90357,193418,189821,231442,241264,325500,348735,425448,438679,320830,358982,232392,296599,69196,126232,29921,30869,63706,73163,73445,95962,94465,135918,142397,165951,172844,195863,181134,232898,61743,112251,2732220,1338495,398177,192527,791853,271191,60420,246,180
2021-06-06T23:59:59+02:00,587,513,90680,89044,190141,187287,228105,238512,321237,345342,424023,437603,320560,358691,232284,296441,69172,126185,29322,30317,61942,71490,71375,93969,91291,132862,136739,160198,170321,193252,180026,231501,61514,111871,2716864,1326698,390809,182914,791378,260775,57703,244,180
2021-06-05T23:59:59+02:00,508,433,88738,87030,185277,183080,225648,236378,319422,343711,423024,436686,320271,358369,232136,296273,69158,126153,28873,29571,60752,69557,69987,91839,89624,130624,132001,154889,167331,189597,179541,230844,61480,111805,2693451,1303163,390692,182449,791168,255469,57330,243,180
2021-06-04T23:59:59+02:00,408,349,86390,84510,181628,179489,221653,232435,315846,340087,420667,434500,319813,357835,231941,296045,69120,126090,28411,28905,59647,67917,68723,89775,87848,128027,128654,151248,163104,184843,178555,229581,61432,111719,2664263,1284444,386880,181680,791055,245408,56950,243,180
2021-06-03T23:59:59+02:00,315,275,83109,81452,175914,174849,214410,226354,308159,333406,412925,427648,318785,356662,231572,295600,69065,125959,27524,27900,57770,65743,66351,87049,84233,123940,121926,144597,156785,177269,176992,227560,61319,111482,2615452,1255369,376646,176400,790637,232701,54059,241,176
2021-06-02T23:59:59+02:00,267,216,81045,79296,171858,171151,210782,223222,304598,330078,410887,425817,318379,356212,231419,295394,69037,125908,27068,27428,56653,64644,64782,85790,82200,122017,116975,139728,148926,168328,176278,226607,61234,111313,2586799,1223297,375269,174439,790606,229099,53221,239,173
2021-06-01T23:59:59+02:00,171,150,76792,75477,163609,164612,201453,215508,295515,322217,402695,417995,316872,354602,230880,294661,68926,125681,25518,26013,52361,61716,59967,82519,76805,117541,109579,132544,137856,154963,174181,223879,61025,110887,2528228,1173327,363653,170348,789846,217350,46406,237,169
2021-05-31T23:59:59+02:00,150,133,74054,73007,157973,160311,194162,209563,288146,315855,396965,413034,315879,353494,230496,294143,68836,125510,24610,24961,49758,59518,56821,80010,73230,114287,105103,128119,133723,150083,172818,222164,60855,110556,2487870,1151008,354287,168050,789220,206988,40644,236,167
2021-05-30T23:59:59+02:00,139,125,73006,71945,155507,158292,191547,207216,285376,313346,395079,411294,315519,353084,230336,293908,68799,125430,24010,24183,48186,57808,55096,78171,71018,111745,102461,125269,131574,147564,172028,221235,60763,110346,2472065,1141297,351772,166744,788595,195663,37825,236,166
2021-05-29T23:59:59+02:00,136,124,72399,71357,154003,156895,189251,205188,283541,311766,394241,410519,315296,352840,230256,293830,68788,125412,23687,23660,47272,56317,53763,76299,69102,108907,100152,122483,128782,144152,171379,220330,60736,110294,2458202,1127754,351617,166681,788525,185146,37805,236,165
2021-05-28T23:59:59+02:00,131,121,71316,70240,151622,154641,185607,201661,280277,308634,392381,408755,314887,352340,230109,293616,68769,125355,23158,22661,45666,54196,51948,73751,67066,104976,95844,116605,124429,139117,170406,219024,60690,110180,2434443,1105245,350573,166468,788318,170642,37431,235,163
2021-05-27T23:59:59+02:00,120,113,68010,67231,145156,149718,177432,195425,273907,303489,386081,403084,313631,350897,229650,293085,68698,125173,21845,20980,42428,51158,48077,69948,62536,98985,89513,109115,120522,134505,167616,215330,60518,109867,2389965,1076915,342985,163730,786526,150646,31717,235,160
2021-05-26T23:59:59+02:00,116,110,65861,65059,140216,145644,171347,190373,267164,297832,379351,396401,312116,349294,229164,292391,68596,124962,21109,20072,40614,49029,45730,67221,59519,95199,84932,104022,115563,128795,163835,210006,60310,109441,2352765,1045081,329810,162168,784720,139220,28991,232,159
2021-05-25T23:59:59+02:00,115,105,63835,63076,136025,142165,166302,186092,260103,291562,373937,391023,310841,347898,228759,291747,68513,124785,20538,19412,39218,47520,43902,65214,57058,92213,80876,99659,110653,123131,158316,202788,60144,109141,2315306,1013718,322315,158751,782192,130021,27358,229,156
2021-05-24T23:59:59+02:00,112,104,62598,61872,133279,140073,163036,183685,253169,285582,369008,386357,310016,346980,228474,291365,68441,124657,20196,19013,38204,46455,42563,63737,55396,90210,78653,97161,109240,121485,157714,202007,60033,108943,2291604,1004449,311250,157459,780421,123352,25816,229,154
2021-05-23T23:59:59+02:00,107,104,62104,61357,132182,139183,161842,182654,251931,284564,367425,384930,309404,346325,228303,291140,68421,124621,19969,18831,37660,45903,41821,63046,54244,89221,77176,95808,108075,120096,156739,200792,59966,108806,2280139,996351,310675,154408,780373,121770,25691,229,153
2021-05-22T23:59:59+02:00,104,102,61411,60738,130703,138120,159480,181036,248966,282279,364953,382719,308880,345734,228127,290874,68395,124570,19654,18409,37051,45303,41185,62519,53594,88502,76413,94669,106528,118297,155968,199824,59939,108752,2262242,989673,310660,154406,780334,118360,24231,229,153
2021-05-21T23:59:59+02:00,100,98,60082,59303,127807,135534,156211,177725,243748,277522,358871,377039,307947,344646,227830,290478,68335,124463,19295,18044,36439,44536,40536,61472,52648,87110,74702,92371,103298,114356,154835,198377,59847,108577,2226272,976703,309026,154081,778773,111775,23948,221,151
2021-05-20T23:59:59+02:00,92,96,57038,56513,122088,130673,149296,171422,233459,268797,349861,368773,305420,341911,227064,289475,68203,124245,18000,17111,34271,42294,38090,58581,49837,83350,70784,87896,99194,109749,152384,195370,59668,108224,2168427,957504,302383,152144,772834,94158,21056,213,151
2021-05-19T23:59:59+02:00,91,94,54831,54322,117086,126000,142141,164821,222944,259458,339342,357906,302782,339048,226319,288437,68054,123969,17420,16331,33049,40714,36686,56521,47830,80582,67552,84331,95321,105285,148767,190660,59407,107732,2102664,934165,296142,150177,769871,84686,19228,213,138
2021-05-18T23:59:59+02:00,86,89,52741,52365,112306,121747,135779,159259,211396,249101,329490,348129,300118,336086,225444,287241,67902,123715,16904,15733,31850,39260,35344,54735,46030,78193,64678,81115,91334,100769,145583,186609,59196,107297,2042905,914027,286804,147331,766291,76086,17250,210,138
2021-05-17T23:59:59+02:00,83,86,51709,51372,109979,119700,132986,156618,204893,243103,321938,341063,298335,334122,224860,286419,67795,123503,16472,15293,30817,38220,34189,53459,44555,76408,62434,78731,86515,94921,144123,184728,59046,106982,2016167,902422,274563,139878,762896,69462,15192,209,136
2021-05-16T23:59:59+02:00,82,83,50926,50717,108541,118382,131249,154961,201930,240428,314516,334123,297319,332994,224553,285936,67743,123406,16191,14923,30070,37447,33322,52542,43494,75098,61106,77264,83108,90858,143337,183656,58959,106843,2000876,896376,264154,133124,759668,65337,13443,208,132
2021-05-15T23:59:59+02:00,82,83,50390,50084,107544,117396,130240,153853,200003,238498,310960,330923,296700,332307,224357,285666,67723,123342,16053,14761,29817,37143,33035,52112,43008,74454,60263,76284,82513,90046,142824,182990,58923,106796,1984722,891157,264137,132979,758806,64213,12736,207,131
2021-05-14T23:59:59+02:00,81,83,49138,48667,105300,115308,126655,150409,191810,231448,304668,325057,295724,331175,224072,285218,67676,123247,15556,14338,29038,36328,32271,50926,41935,72681,58707,74342,80616,87566,142215,182006,58883,106709,1947580,881561,262440,132116,754264,58803,11697,204,131
2021-05-13T23:59:59+02:00,78,82,47227,46722,101469,112091,121957,146311,181815,222883,294081,315261,292759,327758,223264,284082,67576,123040,14696,13895,28185,35633,31511,50030,40995,71597,57208,72782,76852,83235,139463,178414,58773,106494,1896108,869067,253856,125105,748047,54963,10683,200,130
2021-05-12T23:59:59+02:00,76,80,46317,46020,99557,110668,119904,144658,179277,220777,289357,309947,291597,326495,223022,283762,67538,122955,14531,13744,27868,35417,31110,49741,40554,71224,56671,72216,75521,81621,138688,177290,58687,106334,1873104,863365,251698,123327,747559,54693,9885,197,129
2021-05-11T23:59:59+02:00,72,74,44078,44549,95544,107602,114114,139940,165939,209525,277728,299204,288201,322590,222066,282361,67389,122656,14104,13179,26860,33995,29985,47946,39255,68952,54964,69954,72445,78047,137341,175467,58529,105977,1814358,851158,242018,120648,739074,46827,8419,193,127
2021-05-10T23:59:59+02:00,71,70,42829,43582,92950,105604,110870,137320,157567,202526,269870,292109,286031,320145,221490,281499,67264,122416,13760,12736,26102,33014,29191,46693,38262,67098,53744,68225,70368,75501,136202,173959,58410,105690,1778886,842317,235984,119601,732127,39643,7451,189,121
2021-05-09T23:59:59+02:00,70,70,41713,42814,90280,103864,108224,135558,152568,199114,264366,287190,284796,318765,221114,280970,67198,122270,13448,12520,25412,32348,28464,45891,37474,66139,52804,67276,69141,74100,135609,173129,58355,105559,1759642,837755,228907,118615,726164,34891,6462,188,121
2021-05-08T23:59:59+02:00,69,70,41422,42516,89437,103134,107142,134712,151129,197904,261816,285135,284295,318223,220995,280791,67182,122238,13346,12459,25284,32257,28319,45762,37285,65947,52466,66959,68179,73180,134547,171766,58308,105466,1747686,833174,228399,117873,725941,34115,6449,152,94
2021-05-07T23:59:59+02:00,67,69,40500,41802,87515,101802,104339,132506,146519,194111,255587,279635,282960,316629,220647,280334,67129,122115,12601,11975,24462,31526,27560,44704,36424,64687,51288,65451,65940,70498,132334,168962,58219,105288,1722003,823554,225204,115619,721823,27331,5496,152,93
2021-05-06T23:59:59+02:00,63,68,37860,40085,82775,98353,98366,127771,136361,185620,239170,265249,277845,310851,219360,278649,66954,121799,11915,11459,23527,30423,26567,43357,35071,62690,49554,63487,63460,67384,130236,166208,58106,105070,1656574,812519,215310,112520,710980,18970,4586,146,92
2021-05-05T23:59:59+02:00,61,65,35974,38893,79131,95774,93781,124132,128551,179099,224442,251227,271665,303719,217788,276660,66708,121276,11680,11185,22990,29701,25967,42433,34148,61291,48407,62077,60860,64286,127308,162522,58008,104819,1590455,800293,210253,108971,704968,14985,3514,146,91
2021-05-04T23:59:59+02:00,61,63,34872,37792,76415,93469,90286,121095,122999,174371,213843,240969,266185,297276,216348,274818,66500,120808,11519,10984,22588,29164,25510,41666,33435,60215,47301,60806,58148,61122,124955,159595,57858,104583,1541489,788471,205148,106348,698910,11849,2863,145,89
2021-05-03T23:59:59+02:00,60,61,34007,36741,74135,91657,87413,118752,118560,170737,207198,234973,262911,293415,215550,273735,66379,120513,11277,10714,22197,28589,25032,40969,32753,59250,46281,59669,55375,57791,121198,154713,57601,104146,1509782,772694,202041,104644,694001,9088,1210,143,88
2021-05-02T23:59:59+02:00,60,61,33656,36424,72965,90759,85952,117658,116141,168873,204107,232469,261953,292328,215265,273327,66314,120405,11206,10643,22009,28379,24807,40683,32417,58846,45830,59194,54187,56338,118145,151046,57518,104016,1499206,767704,199255,99110,690145,8189,344,142,86
2021-05-01T23:59:59+02:00,59,61,33342,36053,72205,89969,84884,116620,114683,167519,201031,229440,261264,291508,215056,273046,66303,120367,11192,10628,21956,28349,24748,40645,32356,58789,45747,59119,53946,56047,117986,150850,57509,103999,1484167,766398,199253,99070,689881,8141,340,141,86
2021-04-30T23:59:59+02:00,56,58,32803,35454,71000,88751,83427,114897,110913,163963,193651,222335,259272,289145,214608,272440,66243,120261,10873,10434,21596,28072,24474,40223,32031,58229,45286,58489,53053,54886,117038,149666,57454,103880,1451347,762734,198928,97089,689086,5803,144,140,83
2021-04-29T23:59:59+02:00,54,57,31308,34509,68095,86736,79807,112304,105817,159870,180864,210807,251355,280057,213412,270811,66108,119912,10571,10223,21122,27624,24045,39725,31451,57488,44488,57559,51228,52700,115192,147435,57354,103685,1396606,753936,191652,94417,683729,3500,124,134,81
2021-04-28T23:59:59+02:00,53,55,30075,33899,66233,85432,77329,110491,102400,157022,171197,201648,240518,267477,212133,269125,65911,119584,10388,10064,20826,27274,23683,39256,31031,56837,43764,56738,49115,50090,112618,144211,57231,103473,1344058,744431,188300,89888,678363,2274,94,127,79
2021-04-27T23:59:59+02:00,50,54,29320,33217,64664,83972,75337,108689,99649,154633,166489,196934,232023,257679,210988,267513,65791,119361,10265,9953,20545,26985,23447,38929,30674,56342,43083,56048,47115,47553,109981,140787,57114,103274,1310094,734649,186005,85888,670400,1557,93,125,75
2021-04-26T23:59:59+02:00,49,54,28893,32836,63569,83090,73843,107532,97374,152930,157887,188935,227841,252844,210284,266523,65700,119163,10173,9862,20332,26801,23211,38712,30380,56005,42471,55475,45313,45410,108094,138313,57019,103121,1281229,726714,184567,82805,663689,1177,89,123,73
2021-04-25T23:59:59+02:00,49,53,28643,32599,62795,82570,72785,106803,95649,151710,152516,184072,223513,247970,209695,265746,65635,119042,10118,9828,20253,26727,23125,38631,30269,55881,42311,55316,44900,44913,107416,137406,56991,103051,1268527,725060,178435,81038,655020,1045,87,123,72
2021-04-24T23:59:59+02:00,49,52,28300,32173,61862,81355,71603,105362,94105,150057,147626,178934,220731,244645,209225,265074,65601,118992,10103,9810,20212,26686,23075,38567,30188,55795,42162,55180,44658,44606,107167,137112,56970,103023,1243727,723979,178410,80340,653745,1003,86,123,71
2021-04-23T23:59:59+02:00,47,52,27555,31554,60295,79852,69819,103350,91523,147429,142865,174556,216189,239109,208572,264083,65539,118877,10051,9749,20103,26600,22944,38417,29955,55590,41800,54850,44040,43850,106107,135833,56813,102748,1218934,720640,177233,77870,645232,951,85,121,69
2021-04-22T23:59:59+02:00,45,51,26941,30955,58763,78419,67356,101138,87407,143946,134839,167079,207169,228130,206535,261453,65341,118482,9926,9653,19856,26309,22592,37986,29442,55076,41043,54215,42873,42525,104119,133391,56585,102350,1177476,713201,169802,73926,636904,826,85,117,67
2021-04-21T23:59:59+02:00,45,49,26449,30435,57440,77320,65476,99514,84384,141313,127665,160278,194121,212816,204389,258568,65116,118057,9797,9567,19625,26064,22309,37662,29091,54628,40495,53686,42030,41509,101939,130614,56332,101940,1126103,706690,166926,69857,630542,754,85,110,66
2021-04-20T23:59:59+02:00,44,48,26025,29969,56286,76182,63808,97940,81849,138745,122598,155231,182662,199382,201970,255444,64883,117636,9695,9478,19408,25876,22018,37394,28684,54218,39956,53155,41219,40581,99726,127636,55997,101403,1083602,699177,163442,66610,623794,676,83,108,62
2021-04-19T23:59:59+02:00,44,47,25660,29617,55320,75364,62528,96769,79730,136825,119086,151859,176926,192550,200265,253216,64702,117307,9587,9388,19178,25658,21775,37123,28369,53828,39448,52627,40425,39674,96634,123677,55592,100693,1059137,688860,161618,64196,617199,640,82,103,62
2021-04-18T23:59:59+02:00,43,45,25357,29357,54553,74819,61407,95825,77885,135408,115728,149470,171828,187008,199255,251993,64594,117117,9514,9314,18991,25487,21599,36958,28153,53553,39189,52378,40097,39287,95419,122134,55411,100397,1045215,685011,159953,62266,606656,625,82,103,61
2021-04-17T23:59:59+02:00,42,44,25248,29265,54182,74625,60892,95474,77234,134812,114884,148730,167582,182133,198721,251269,64559,117052,9469,9255,18853,25299,21413,36728,27927,53279,38924,52111,39800,38967,94661,121207,55347,100315,1034352,681011,159925,61952,602602,613,82,103,61
2021-04-16T23:59:59+02:00,42,44,24876,29017,53195,74019,59613,94599,75616,133483,110751,144595,159961,173370,197071,249070,64450,116844,9260,9080,18461,24875,20839,36157,26829,52383,36918,50521,36522,36073,91493,117710,54945,99660,1008504,666087,159140,55085,593103,574,82,102,60
2021-04-15T23:59:59+02:00,38,40,24402,28565,51948,72854,57658,92874,72351,130641,105287,139326,152108,164403,192420,243202,64154,116227,9086,8919,18093,24455,20348,35500,26153,51593,35530,49295,34418,34056,88400,113991,54438,98804,976342,653064,157090,49514,575195,523,81,101,58
2021-04-14T23:59:59+02:00,36,36,24060,28241,51011,71919,56320,91487,69970,128487,101306,135568,142921,154036,184687,233328,63814,115559,8683,8648,17622,23952,19813,34859,25244,50717,34245,48175,32380,31914,85428,110353,53948,97946,938519,638227,154425,45299,559971,425,80,98,57
2021-04-13T23:59:59+02:00,36,36,23823,28027,50318,71381,55380,90667,68337,127083,97587,132139,131103,140933,178301,224996,63474,114970,8449,8478,17280,23549,19394,34329,24583,49923,33180,47166,31000,30560,83295,107989,53592,97404,905327,628978,149916,40914,543478,303,80,96,56
2021-04-12T23:59:59+02:00,35,35,23616,27842,49770,70873,54520,89936,66878,125797,94962,129816,124004,132907,175079,221048,63205,114479,8210,8292,16924,23254,19028,33895,24114,49388,32513,46542,29485,29024,81640,106056,53266,96883,888950,620587,148383,37665,527596,284,80,95,55
2021-04-11T23:59:59+02:00,34,35,23445,27684,49247,70454,53792,89483,65743,124995,93108,128340,118532,126903,171161,216449,63036,114183,8078,8158,16628,22975,18710,33587,23758,49008,32068,46159,28852,28360,80622,104812,53058,96565,881501,615312,143977,35840,511273,269,78,95,54
2021-04-10T23:59:59+02:00,34,35,23384,27627,49081,70321,53593,89327,65418,124728,92585,127906,116451,124379,169723,214601,62995,114083,7493,7556,15738,22192,17754,32748,22638,47977,30958,45166,28193,27648,78532,102207,52791,96129,874524,600020,143125,35461,508752,262,74,95,54
2021-04-09T23:59:59+02:00,33,35,23139,27380,48582,69830,52955,88647,64423,123608,90761,126002,107642,113455,166352,210201,62797,113727,6535,6659,14213,20873,16036,31193,20502,46015,28761,43162,26422,25828,75039,98040,52249,95291,855158,572640,136082,33952,498466,251,67,90,53
2021-04-08T23:59:59+02:00,33,35,22844,27135,48003,69342,52205,87952,63121,122530,88350,123839,97353,101486,160820,203364,62471,113163,5895,6072,13028,19859,14779,29856,18862,44302,26266,40830,23410,22865,70403,92293,51112,93543,836538,541176,127201,32013,480456,216,57,88,53
2021-04-07T23:59:59+02:00,31,34,22534,26911,47205,68888,51283,87344,61738,121553,85222,121408,88184,91209,153830,194590,62177,112602,5515,5751,12372,19186,13967,29029,17820,43251,24362,38936,20878,20346,66458,87536,50120,91930,816191,517763,121618,29539,459085,184,53,87,52
2021-04-06T23:59:59+02:00,30,34,22324,26750,46681,68509,50696,86821,60707,120778,83121,119668,80429,82412,147480,186632,61834,111975,5323,5594,12025,18833,13617,28598,17287,42692,23501,38130,19754,19319,63308,83453,49201,90550,796947,504442,118412,26605,441676,173,49,85,50
2021-04-05T23:59:59+02:00,30,33,22227,26626,46370,68167,50314,86424,60161,120088,81944,118516,75959,77327,142488,180537,61633,111660,5185,5455,11764,18581,13323,28286,16967,42320,23057,37671,19291,18850,60438,79909,48503,89485,787537,495139,116664,23814,426458,168,46,83,50
2021-04-04T23:59:59+02:00,30,33,22179,26566,46250,67900,50145,86111,59882,119588,81437,117885,74522,75622,141788,179561,61596,111578,5182,5449,11748,18568,13312,28270,16949,42303,22959,37599,18884,18527,59004,78065,48298,89174,785006,490360,116561,23812,421268,161,42,80,48
2021-04-03T23:59:59+02:00,30,33,22117,26485,46127,67793,49983,85936,59566,119276,80870,117309,73177,73988,140675,178025,61513,111430,5173,5441,11735,18550,13289,28250,16915,42256,22854,37525,18748,18378,58654,77505,48209,89029,778655,488581,116519,23812,419322,161,41,79,48
2021-04-02T23:59:59+02:00,30,33,22040,26403,45967,67628,49766,85688,59098,118827,79992,116497,71623,72108,138398,175048,61316,111072,5154,5404,11688,18508,13235,28168,16826,42108,22581,37047,18391,18016,56314,74628,47399,87933,769558,480116,114745,23169,417395,161,39,78,46
2021-04-01T23:59:59+02:00,27,31,21844,26199,45550,67109,49123,84949,58223,117888,78112,114830,68366,68685,134323,169882,60998,110507,5009,5262,11417,18246,13012,27935,16504,41800,22081,36607,17576,17274,51489,68613,45725,85479,757932,462130,108667,21802,410214,147,34,76,45
2021-03-31T23:59:59+02:00,27,31,21518,25980,45150,66587,48633,84302,57496,116950,76956,113587,66328,66371,129575,163780,60596,109785,4931,5212,11322,18128,12852,27785,16265,41531,21491,36099,16448,16371,46290,62214,44350,83508,748198,443851,101527,20859,404100,144,30,74,41
2021-03-30T23:59:59+02:00,27,30,21343,25760,44753,65969,48129,83506,56790,115899,75823,112215,64493,64354,125202,158033,60129,108885,4864,5128,11217,18002,12660,27596,15938,41208,20914,35550,15614,15570,43533,58808,43235,81715,738043,431996,97313,19500,396164,115,26,69,40
2021-03-29T23:59:59+02:00,26,30,21146,25521,44294,65419,47654,82817,56056,114825,74601,110781,62010,61614,118475,149401,59359,107492,4767,5059,11112,17891,12509,27430,15691,40889,20458,35082,14962,15031,40950,55830,42130,79897,717541,420820,93895,18826,390264,101,26,69,39
2021-03-28T23:59:59+02:00,26,30,20941,25233,43796,64738,47140,82076,55377,113821,73661,109678,60751,60181,113776,143435,58915,106735,4712,5001,10966,17747,12255,27132,15500,40643,20291,34851,14724,14787,39870,54413,41782,79361,711017,416516,86595,17500,382877,81,26,68,36
2021-03-27T23:59:59+01:00,26,30,20822,25077,43504,64373,46781,81547,54877,113131,72991,108941,59598,59099,112296,141729,58848,106657,4699,4989,10939,17728,12237,27102,15139,40218,19892,34415,14431,14575,39385,53728,41309,78545,705756,412472,85895,16846,378854,75,26,68,36
2021-03-26T23:59:59+01:00,26,29,20570,24565,42702,62673,45815,79525,53544,110117,70982,105334,57591,57225,109550,138498,58522,106143,4681,4956,10915,17676,12168,27010,15061,40109,19553,33824,13964,13926,36325,49899,39254,75305,694400,398000,82591,16628,366597,61,23,67,36
2021-03-25T23:59:59+01:00,26,27,20139,23893,41829,60914,44723,76977,52034,106599,68598,101572,55001,54594,106244,134533,57951,105154,4635,4902,10824,17574,12049,26865,14877,39891,19279,33519,13490,13436,32479,44858,36262,70777,682998,379693,78397,16031,349590,56,21,66,36
2021-03-24T23:59:59+01:00,26,27,19740,23448,41053,59648,43712,75442,50660,104684,66507,99245,52221,51686,101998,129437,57314,104077,4581,4836,10731,17436,11883,26665,14646,39609,18912,33101,13035,12983,29916,41647,33151,65944,670216,364164,73528,14930,337363,50,16,64,36
2021-03-23T23:59:59+01:00,26,27,19494,23149,40493,58741,42993,74356,49630,103175,64856,97392,49935,49345,99243,126227,56755,103238,4522,4766,10631,17312,11737,26485,14402,39299,18496,32715,12533,12477,27487,38554,29491,60054,662117,346640,70187,14342,326954,46,15,62,36
2021-03-22T23:59:59+01:00,26,27,19275,22739,39859,57862,42328,73320,48686,101793,63384,95764,48107,47464,96847,123483,56283,102466,4464,4719,10545,17198,11607,26309,14245,39060,18257,32414,12223,12104,25656,36207,25548,53690,655838,330477,67382,13790,316676,43,15,61,35
2021-03-21T23:59:59+01:00,26,27,19138,22480,39368,57109,41780,72476,48034,100640,62442,94537,47064,46441,95204,121633,55914,101887,4450,4711,10509,17151,11562,26223,14185,38970,18177,32315,12104,11973,25228,35760,25194,53132,653273,328289,65355,13376,307752,43,14,60,35
2021-03-20T23:59:59+01:00,25,27,19078,22335,39158,56615,41542,71918,47723,100003,62005,93937,46414,45675,92608,118404,55629,101401,4441,4704,10500,17139,11535,26207,14142,38934,18095,32241,11945,11812,24589,34986,24432,52048,646821,324584,64908,13187,302946,43,14,60,35
2021-03-19T23:59:59+01:00,25,26,18725,21771,38026,54497,40265,69927,45991,97918,59132,91180,41985,41812,87401,112648,54929,100321,4421,4691,10467,17092,11471,26096,14052,38765,17860,31943,11593,11535,22923,32930,22753,49490,629098,315284,57716,12825,289941,36,14,58,35
2021-03-18T23:59:59+01:00,25,25,18332,21127,36854,52345,38725,67140,43840,93456,55289,85390,37959,38017,82676,107173,53842,98662,4401,4663,10399,16989,11393,25943,13903,38576,17643,31741,11361,11354,21678,31417,21042,46893,612189,307211,51979,12215,266879,33,14,58,34
2021-03-17T23:59:59+01:00,25,24,17913,20777,36129,51430,37962,66188,42760,92103,53503,83565,35292,35237,78656,102353,52898,97189,4378,4639,10337,16896,11321,25810,13790,38389,17445,31550,11124,11132,20440,30008,19453,44495,595555,299727,47585,11510,261030,30,14,57,34
2021-03-16T23:59:59+01:00,24,24,17557,20359,35385,50363,37148,64996,41665,90436,51667,81578,33090,33222,74639,97428,52018,95875,4328,4590,10264,16769,11230,25660,13692,38153,17310,31307,10954,10955,19161,28494,17972,42174,582333,291968,42900,11076,252404,29,11,56,34
2021-03-15T23:59:59+01:00,24,24,17279,19995,34680,49385,36360,63804,40762,88956,50408,79980,31372,31386,71359,93341,51321,94743,4306,4556,10198,16646,11164,25459,13578,37866,17161,31035,10787,10797,18431,27531,16715,40315,571224,286160,39578,10428,244548,28,0,55,34
2021-03-14T23:59:59+01:00,24,23,17011,19568,33828,48176,35461,62486,39707,87130,49155,78257,30210,30155,69366,90780,50876,94067,4281,4537,10153,16569,11107,25317,13518,37644,17071,30871,10716,10713,18249,27250,16453,39755,564120,284964,37702,9294,234629,17,0,51,34
2021-03-13T23:59:59+01:00,24,23,16202,18514,32337,46152,33889,60362,37673,84076,47031,75719,28863,28806,67352,88159,50607,93676,4281,4537,10151,16564,11104,25310,13509,37637,17065,30862,10679,10680,17503,26365,15408,38303,547776,280717,37417,9293,224430,17,0,51,34
2021-03-12T23:59:59+01:00,23,23,15101,17138,29896,43505,31224,57222,34812,79222,43824,71260,26031,25618,63049,82859,49628,92274,4269,4504,10133,16502,11086,25259,13463,37520,16974,30731,10402,10453,16623,25122,14339,36784,519779,274934,36106,9282,206976,14,0,49,33
2021-03-11T23:59:59+01:00,22,23,14063,15678,27653,40816,28906,54036,32226,74834,40072,66369,22633,22143,57045,75550,47699,89435,4228,4465,10052,16384,10976,25034,13346,37210,16809,30427,10101,10241,15989,24284,13671,35512,487770,270941,34517,7844,187054,11,0,47,32
2021-03-10T23:59:59+01:00,22,22,13467,14981,26246,39203,27260,52214,30665,72518,37559,63246,19888,19593,51131,68414,46148,87097,4194,4421,9953,16217,10858,24785,13199,36792,16609,30055,9865,10059,15245,23511,13012,34487,461374,266217,32472,7101,175964,9,0,46,32
2021-03-09T23:59:59+01:00,21,21,13184,14516,25126,38165,25846,51030,29602,70865,36180,61414,18710,18472,47624,63977,45023,85309,4170,4395,9869,16051,10755,24526,13046,36476,16435,29819,9742,9957,14584,22675,12517,33713,447783,262518,29949,6269,167476,9,0,46,30
2021-03-08T23:59:59+01:00,20,21,12853,13915,24044,37059,24579,49892,28665,69381,34949,59796,17632,17594,43509,58992,43795,83326,4155,4360,9808,15853,10653,24268,12913,36120,16308,29555,9660,9874,14091,22069,12203,33274,432337,259347,27943,5878,159863,4,0,45,30
2021-03-07T23:59:59+01:00,20,21,12620,13623,23450,36209,23883,49017,28067,68510,34341,59040,17371,17344,42443,57544,43428,82763,4143,4347,9788,15811,10626,24195,12881,35950,16251,29441,9638,9845,13893,21816,12067,33072,427582,258291,26130,5538,156100,0,0,44,29
2021-03-06T23:59:59+01:00,20,20,12507,13332,23048,35476,23354,48230,27021,66984,33243,57278,16985,17015,41798,56655,43127,82296,4140,4333,9777,15785,10608,24161,12871,35908,16233,29410,9621,9804,13846,21778,11964,32862,423523,257913,26066,5254,148916,0,0,44,28
2021-03-05T23:59:59+01:00,20,20,12096,12731,22367,34272,22672,47000,26265,65355,32011,54859,16340,16184,38338,52352,40971,78854,4113,4286,9707,15685,10558,24013,12803,35713,16147,29204,9525,9735,13660,21564,11594,32251,408343,256218,24615,4406,139858,0,0,44,27
2021-03-04T23:59:59+01:00,18,20,11337,11726,21180,32546,21454,44956,24910,62705,30316,52504,15610,15467,34335,47188,37893,74166,4064,4197,9594,15396,10456,23656,12670,35184,16002,28806,9351,9582,13503,21354,11510,32106,389910,253183,22542,4314,125986,0,0,44,25
2021-03-03T23:59:59+01:00,16,20,11032,11238,20492,31332,20683,43599,24006,60955,29275,50865,15135,14965,31726,43866,34808,69399,4024,4135,9515,15227,10377,23406,12564,34764,15826,28460,9169,9456,13378,21140,11364,31836,374482,250558,21749,4151,117287,0,0,41,23
2021-03-02T23:59:59+01:00,16,20,10769,10814,19847,30367,19970,42581,23222,59570,28303,49592,14508,14318,29050,40495,30923,63181,3976,4064,9453,15063,10309,23142,12463,34333,15725,28154,9044,9354,13240,20952,11287,31691,356304,248166,20239,4150,111103,0,0,40,23
2021-03-01T23:59:59+01:00,14,19,10598,10556,19336,29565,19410,41701,22633,58500,27591,48469,14093,13863,26980,37906,26669,56298,3961,4015,9398,14908,10245,22843,12383,33956,15619,27831,8962,9294,13057,20684,11172,31508,339095,245754,19130,4147,106073,0,0,40,23
2021-02-28T23:59:59+01:00,13,19,10432,10357,18869,28920,18879,40966,22156,57649,27106,47679,13886,13622,26372,37246,26264,55696,3945,4001,9374,14876,10226,22792,12366,33886,15593,27785,8936,9270,12926,20506,11109,31358,336653,244902,18270,4112,101303,0,0,40,23
2021-02-27T23:59:59+01:00,13,18,10253,9842,18540,28053,18621,40182,21871,56667,26778,46887,13610,13321,25705,36442,25342,54278,3933,3990,9353,14856,10194,22744,12327,33804,15550,27712,8914,9254,12917,20490,11105,31352,332748,244552,17548,4008,96220,0,0,40,23
2021-02-26T23:59:59+01:00,12,17,9457,9057,17639,26614,17840,37975,20943,53818,25319,44063,13144,12920,24117,34455,23819,51972,3852,3922,9275,14695,10120,22489,12246,33439,15433,27418,8834,9172,12850,20422,11064,31282,323638,242645,17295,3934,82336,0,0,40,21
2021-02-25T23:59:59+01:00,12,17,8298,8207,16317,25011,16572,35713,19705,50933,23611,41283,12671,12521,22838,32862,22324,49690,3730,3779,9113,14383,9900,21886,11993,32587,15108,26765,8638,9020,12590,20098,10923,31014,316022,238513,16524,3081,66125,0,0,39,20
2021-02-24T23:59:59+01:00,11,16,7933,7685,15662,23975,15943,34476,18990,49420,22820,40085,12275,12185,21532,31364,20644,47063,3658,3712,8973,14092,9724,21434,11793,31962,14845,26230,8497,8883,12448,19925,10858,30803,307778,235745,15559,2156,58826,0,0,39,20
2021-02-23T23:59:59+01:00,11,16,7449,7209,14849,22800,15258,33258,18270,48010,22102,39016,11968,11861,20195,29790,19030,44507,3618,3637,8853,13890,9588,21038,11606,31386,14546,25730,8328,8741,12321,19715,10788,30572,299667,232925,14758,1495,51255,0,0,39,20
2021-02-22T23:59:59+01:00,10,14,7342,7004,14466,22183,14908,32531,17808,47004,21608,38283,11771,11612,19448,28783,17716,42554,3588,3535,8715,13598,9424,20537,11352,30647,14174,25134,8081,8548,12122,19463,10684,30269,293813,229622,14148,311,47165,0,0,38,20
2021-02-21T23:59:59+01:00,10,14,7252,6879,14145,21742,14489,31948,17393,46352,21172,37789,11665,11511,19285,28570,17469,42221,3550,3495,8633,13475,9349,20321,11281,30356,14053,24865,8019,8486,12066,19356,10613,30106,292671,227788,13776,297,43536,0,0,38,20
2021-02-20T23:59:59+01:00,10,14,7135,6829,14020,21662,14373,31814,17274,46202,21014,37608,11566,11429,18505,27653,16413,40751,3548,3489,8623,13467,9339,20300,11267,30331,14040,24854,8014,8477,12001,19292,10559,30038,288421,227405,13579,296,42346,0,0,38,19
2021-02-19T23:59:59+01:00,8,13,6835,6577,13667,21223,14002,31146,16800,45406,20309,36739,10964,11028,17462,26321,15256,39143,3468,3466,8547,13440,9297,20243,11229,30240,13981,24760,7971,8417,11778,19019,10366,29707,282043,225697,13204,295,37725,0,0,35,18
2021-02-18T23:59:59+01:00,8,13,6438,6102,13040,20080,13362,29771,15984,43535,19437,35161,10734,10809,16871,25568,14679,38260,3283,3330,8214,12900,9005,19496,10879,29203,13616,23933,7766,8108,11192,18068,9869,28557,278470,217187,12622,295,28831,0,0,35,18
2021-02-17T23:59:59+01:00,8,12,6273,5759,12594,19199,12874,28580,15284,41812,18790,33835,10507,10558,16115,24754,13902,37070,3034,3170,7874,12386,8704,18707,10509,28160,13225,23083,7533,7873,10635,17217,9431,27739,273800,209046,11891,293,22302,0,0,35,18
2021-02-16T23:59:59+01:00,8,12,5947,5458,12057,18365,12370,27505,14739,40433,18198,32801,10354,10453,15447,23923,13394,36281,2851,3050,7573,11937,8398,17983,10112,27072,12760,22188,7262,7580,9918,16046,8705,26189,270267,199544,11395,138,16150,0,0,33,18
2021-02-15T23:59:59+01:00,8,12,5842,5281,11763,17723,12104,26721,14391,39441,17850,32031,10229,10342,14887,23269,13033,35742,2762,2970,7382,11615,8179,17478,9813,26229,12410,21505,6981,7296,9218,14991,8190,24908,267167,191894,10792,92,12777,0,0,33,17
2021-02-14T23:59:59+01:00,8,12,5574,5166,11515,17451,11881,26285,14157,38995,17659,31754,10184,10291,14653,22930,12868,35348,2712,2932,7268,11451,8050,17272,9638,25898,12232,21204,6886,7173,8998,14607,8002,24374,266166,188664,9856,91,10777,0,0,31,17
2021-02-13T23:59:59+01:00,8,12,5514,5128,11465,17415,11851,26254,14129,38963,17639,31735,10171,10264,14626,22899,12856,35331,2708,2929,7263,11444,8038,17252,9623,25864,12205,21161,6856,7139,8844,14395,7650,23748,265925,187164,9855,13,10549,0,0,30,16
2021-02-12T23:59:59+01:00,8,11,4998,4810,10894,17053,11533,25703,13810,38319,17311,31093,10060,10157,14442,22685,12776,35222,2658,2896,7169,11288,7937,17021,9473,25472,11988,20717,6675,6907,8483,13834,7058,22409,264229,182031,9844,12,6879,0,0,30,16
2021-02-11T23:59:59+01:00,8,10,4536,4509,10307,16372,11121,24895,13330,37056,16821,30233,9745,9896,14160,22237,12496,34539,2490,2622,6570,10099,7250,15288,8615,22862,10941,18640,6025,6194,7439,12219,6243,20089,260998,163632,8203,9,3137,0,0,28,15
2021-02-10T23:59:59+01:00,8,10,4290,4342,9970,15920,10812,24355,13018,36173,16405,29481,9531,9758,13979,22031,12404,34333,2129,2331,5635,8644,6450,13248,7626,19957,9819,16611,5480,5608,6456,10559,5468,18031,258348,144105,7704,7,835,0,0,27,2
2021-02-09T23:59:59+01:00,8,9,4227,4244,9847,15653,10703,23954,12847,35551,16192,29008,9353,9622,13784,21822,12262,34111,1733,1979,4858,7378,5678,11454,6705,17451,8732,14618,4903,4979,5407,9007,4738,15930,255907,125604,6926,1,431,0,0,26,2
2021-02-08T23:59:59+01:00,8,9,4193,4189,9754,15441,10595,23596,12729,35090,16052,28650,9261,9555,13582,21539,12153,33918,1569,1784,4301,6388,5018,9882,5885,14927,7713,12768,4344,4447,4424,7422,3975,13855,253542,108751,6411,1,425,0,0,26,2
2021-02-07T23:59:59+01:00,8,9,4028,4122,9598,15304,10492,23430,12650,34827,15940,28458,9220,9510,13437,21356,12080,33775,1354,1537,3882,5716,4605,9004,5461,13768,7230,11811,4088,4187,4194,7029,3815,13261,252441,100989,5865,1,0,0,0,26,1
2021-02-06T23:59:59+01:00,8,9,4019,4113,9588,15288,10479,23394,12628,34777,15923,28401,9200,9496,13419,21321,11975,33578,1202,1341,3649,5409,4419,8579,5241,13180,6950,11253,3951,4050,4069,6880,3537,12804,252098,96559,5580,1,0,0,0,26,0
2021-02-05T23:59:59+01:00,8,8,3946,4046,9516,15145,10411,23144,12543,34407,15808,28120,9116,9422,13346,21246,11626,32981,1061,1113,3369,4964,4161,8000,4923,12403,6564,10525,3690,3804,3908,6653,3035,11919,250211,90134,4688,0,0,0,0,26,0
2021-02-04T23:59:59+01:00,8,8,3889,3923,9396,14831,10234,22597,12356,33611,15591,27558,8992,9313,13122,20953,11513,32780,797,780,2544,3715,3225,6259,3971,9860,5240,8313,3009,3092,3283,5668,2643,10421,246272,72851,4464,0,0,0,0,25,0
2021-02-03T23:59:59+01:00,8,8,3820,3852,9291,14608,10130,22262,12223,33101,15440,27138,8883,9198,12981,20775,11437,32615,661,612,1922,2801,2491,4832,3001,7574,4009,6267,2200,2228,2399,4204,1916,7814,243535,54957,4296,0,0,0,0,25,0
2021-02-02T23:59:59+01:00,8,8,3754,3757,9191,14415,10033,21882,12080,32537,15238,26684,8759,9084,12858,20565,11354,32349,525,485,1453,2067,1904,3633,2257,5762,2990,4687,1557,1530,1636,2769,1333,5201,240321,39807,4294,0,0,0,0,25,0
2021-02-01T23:59:59+01:00,7,8,3714,3667,9111,14184,9927,21494,11943,31899,15056,26181,8641,8936,12749,20422,11303,32174,391,352,1012,1429,1254,2417,1469,3777,1855,2968,984,972,970,1689,765,3013,237182,25326,4294,0,0,0,0,24,0
2021-01-31T23:59:59+01:00,7,8,3696,3632,9058,14075,9858,21290,11877,31603,14953,25983,8585,8877,12698,20311,11258,32045,361,331,892,1239,1065,2045,1267,3225,1622,2602,886,881,866,1506,694,2707,235694,22196,4180,0,0,0,0,23,0
2021-01-30T23:59:59+01:00,7,8,3696,3629,9048,14062,9844,21268,11864,31583,14941,25969,8581,8872,12639,20248,11208,31981,344,307,832,1155,1008,1922,1203,3035,1547,2465,858,855,847,1466,679,2654,235375,21183,4133,0,0,0,0,23,0
2021-01-29T23:59:59+01:00,7,8,3636,3614,8987,14033,9815,21217,11832,31508,14894,25901,8557,8849,12452,20023,11028,31738,277,224,712,983,864,1562,1048,2646,1336,2140,769,765,798,1411,661,2601,234156,18801,4006,0,0,0,0,20,0
2021-01-28T23:59:59+01:00,7,8,3517,3528,8783,13646,9595,20705,11601,30929,14568,25402,8420,8748,12017,19403,10672,31157,131,57,293,360,376,606,458,1149,607,960,407,423,467,811,378,1571,229370,9056,3399,0,0,0,0,20,0
2021-01-27T23:59:59+01:00,7,8,3286,3393,8490,13231,9294,20083,11219,30094,14181,24665,8204,8537,11467,18598,10247,30394,79,33,203,222,242,411,304,802,428,662,309,309,347,605,284,1149,222665,6390,2791,0,0,0,0,20,0
2021-01-26T23:59:59+01:00,6,8,3120,3296,8209,12894,9031,19513,10914,29337,13784,24037,7968,8316,10889,17684,9600,29242,74,29,188,212,226,377,288,751,397,601,294,284,320,542,258,1019,215955,5861,1950,0,0,0,0,20,0
2021-01-25T23:59:59+01:00,6,8,3033,3201,7928,12412,8740,18807,10528,28335,13304,23275,7685,8117,10271,16868,9144,28341,66,21,168,191,194,321,249,631,345,497,257,240,266,465,210,831,209655,4953,405,0,0,0,0,18,0
2021-01-24T23:59:59+01:00,6,8,2989,3181,7843,12334,8666,18682,10419,28175,13176,23093,7643,8082,10206,16756,9096,28245,65,20,164,187,192,308,246,610,337,483,248,236,264,458,206,816,208353,4841,303,0,0,0,0,18,0
2021-01-23T23:59:59+01:00,6,8,2988,3180,7842,12331,8662,18672,10418,28162,13170,23088,7636,8079,10082,16591,8768,27658,64,20,164,187,191,307,244,610,335,483,248,236,264,458,206,815,207097,4833,301,0,0,0,0,17,0
2021-01-22T23:59:59+01:00,6,8,2926,3134,7718,12218,8579,18532,10308,27992,13090,22973,7606,8046,9884,16289,8250,26634,64,20,163,187,191,307,244,610,334,483,248,236,264,458,206,815,203950,4831,301,0,0,0,0,16,0
2021-01-21T23:59:59+01:00,6,8,2844,2964,7219,11305,8095,17387,9771,26370,12485,21757,7321,7718,9244,15328,7725,25562,58,18,148,173,174,276,219,534,297,443,222,209,233,378,176,684,192863,4243,301,0,0,0,0,16,0
2021-01-20T23:59:59+01:00,6,8,2485,2617,6338,9897,7350,15434,8818,23541,11375,19685,6720,7066,8149,13561,6911,23340,56,18,147,168,171,274,212,520,286,421,210,202,227,353,162,646,173051,4074,298,0,0,0,0,16,0
2021-01-19T23:59:59+01:00,6,8,2043,2261,5439,8514,6486,13542,7797,20750,10103,17445,5963,6181,6760,11368,5889,20284,40,11,98,124,115,170,149,356,187,293,133,115,139,235,113,479,150663,2757,217,0,0,0,0,16,0
2021-01-18T23:59:59+01:00,5,8,1770,1972,4684,7132,5531,11302,6599,17156,8674,14730,5080,5299,5374,9114,4815,16797,21,6,38,46,52,79,65,162,74,147,59,54,66,131,62,220,125986,1282,93,0,0,0,0,16,0
2021-01-17T23:59:59+01:00,4,8,1493,1682,4171,6338,5023,10170,6063,15581,8035,13465,4740,4950,5002,8441,4486,15791,8,2,8,15,15,28,19,51,27,56,23,23,20,31,13,47,115385,386,89,0,0,0,0,15,0
2021-01-16T23:59:59+01:00,4,7,1326,1479,3954,6017,4843,9730,5804,14915,7705,12772,4551,4722,4790,8165,4131,15187,0,0,0,1,1,2,1,1,1,2,0,1,1,0,0,1,110125,12,6,0,0,0,0,14,0
2021-01-15T23:59:59+01:00,4,7,1175,1253,3700,5596,4590,9165,5512,14076,7297,11973,4259,4428,4604,7858,3596,14141,0,0,0,0,0,0,0,0,0,0,0,0,0,0,0,0,103256,0,4,0,0,0,0,14,0
2021-01-14T23:59:59+01:00,3,4,901,940,2954,4408,3726,7349,4568,11333,5901,9628,3458,3559,3866,6633,3112,12329,0,0,0,0,0,0,0,0,0,0,0,0,0,0,0,0,84689,0,0,0,0,0,0,14,0
2021-01-13T23:59:59+01:00,3,3,765,786,2482,3677,3141,6126,3795,9395,4809,7754,2585,2646,2920,5051,2380,9425,0,0,0,0,0,0,0,0,0,0,0,0,0,0,0,0,67756,0,0,0,0,0,0,13,0
2021-01-12T23:59:59+01:00,2,3,634,656,2081,3017,2586,4978,3039,7574,3792,6093,1855,1827,1994,3416,1682,6429,0,0,0,0,0,0,0,0,0,0,0,0,0,0,0,0,51680,0,0,0,0,0,0,0,0
2021-01-11T23:59:59+01:00,1,1,493,522,1737,2444,2077,3976,2354,5758,2816,4422,1193,1130,1196,2003,922,3648,0,0,0,0,0,0,0,0,0,0,0,0,0,0,0,0,36711,0,0,0,0,0,0,0,0
2021-01-10T23:59:59+01:00,1,1,437,453,1479,2020,1736,3255,1944,4773,2340,3704,1052,1006,1051,1757,821,3196,0,0,0,0,0,0,0,0,0,0,0,0,0,0,0,0,31037,0,0,0,0,0,0,0,0
2021-01-09T23:59:59+01:00,1,1,405,409,1355,1843,1591,2965,1790,4324,2155,3373,977,935,992,1703,803,3153,0,0,0,0,0,0,0,0,0,0,0,0,0,0,0,0,28784,0,0,0,0,0,0,0,0
2021-01-08T23:59:59+01:00,1,1,308,281,1107,1501,1313,2296,1472,3546,1785,2756,844,830,904,1580,757,3000,0,0,0,0,0,0,0,0,0,0,0,0,0,0,0,0,24289,0,0,0,0,0,0,0,0
2021-01-07T23:59:59+01:00,1,0,145,76,398,507,477,786,593,1368,778,1203,467,481,560,961,464,1907,0,0,0,0,0,0,0,0,0,0,0,0,0,0,0,0,11173,0,0,0,0,0,0,0,0
2021-01-06T23:59:59+01:00,1,0,110,44,268,285,306,510,397,928,528,823,359,361,423,747,358,1440,0,0,0,0,0,0,0,0,0,0,0,0,0,0,0,0,7889,0,0,0,0,0,0,0,0
2021-01-05T23:59:59+01:00,1,0,86,31,189,230,239,424,319,819,445,704,343,345,406,714,351,1385,0,0,0,0,0,0,0,0,0,0,0,0,0,0,0,0,7032,0,0,0,0,0,0,0,0
2021-01-04T23:59:59+01:00,1,0,68,25,172,193,198,331,255,636,351,512,268,253,286,516,234,927,0,0,0,0,0,0,0,0,0,0,0,0,0,0,0,0,5226,0,0,0,0,0,0,0,0
2021-01-03T23:59:59+01:00,1,0,66,21,166,188,194,317,253,621,343,495,260,251,282,503,232,910,0,0,0,0,0,0,0,0,0,0,0,0,0,0,0,0,5103,0,0,0,0,0,0,0,0
2021-01-02T23:59:59+01:00,1,0,66,21,166,188,194,317,250,621,340,495,260,251,282,503,232,909,0,0,0,0,0,0,0,0,0,0,0,0,0,0,0,0,5096,0,0,0,0,0,0,0,0
2021-01-01T23:59:59+01:00,1,0,65,21,165,188,194,316,250,621,338,493,260,251,282,502,232,909,0,0,0,0,0,0,0,0,0,0,0,0,0,0,0,0,5088,0,0,0,0,0,0,0,0
2020-12-31T23:59:59+01:00,1,0,65,21,165,186,194,315,249,620,337,492,260,251,282,502,232,909,0,0,0,0,0,0,0,0,0,0,0,0,0,0,0,0,5081,0,0,0,0,0,0,0,0
2020-12-30T23:59:59+01:00,1,0,64,21,165,185,192,312,249,618,337,490,260,251,282,502,231,909,0,0,0,0,0,0,0,0,0,0,0,0,0,0,0,0,5069,0,0,0,0,0,0,0,0
2020-12-29T23:59:59+01:00,1,0,45,12,117,140,143,212,181,443,237,376,179,164,194,373,170,709,0,0,0,0,0,0,0,0,0,0,0,0,0,0,0,0,3696,0,0,0,0,0,0,0,0
2020-12-28T23:59:59+01:00,1,0,24,8,64,77,80,122,100,252,118,232,98,93,103,200,103,388,0,0,0,0,0,0,0,0,0,0,0,0,0,0,0,0,2063,0,0,0,0,0,0,0,0
2020-12-27T23:59:59+01:00,0,0,11,3,17,26,36,47,36,89,37,94,32,29,40,73,32,145,0,0,0,0,0,0,0,0,0,0,0,0,0,0,0,0,747,0,0,0,0,0,0,0,0
