Datum,<15_1_m,<15_1_w,15-24_1_m,15-24_1_w,25-34_1_m,25-34_1_w,35-44_1_m,35-44_1_w,45-54_1_m,45-54_1_w,55-64_1_m,55-64_1_w,65-74_1_m,65-74_1_w,75-84_1_m,75-84_1_w,>84_1_m,>84_1_w,<15_2_m,<15_2_w,15-24_2_m,15-24_2_w,25-34_2_m,25-34_2_w,35-44_2_m,35-44_2_w,45-54_2_m,45-54_2_w,55-64_2_m,55-64_2_w,65-74_2_m,65-74_2_w,75-84_2_m,75-84_2_w,>84_2_m,>84_2_w,bp_1,bp_2,mo_1,mo_2,az_1,az_2,ja,unb_1,unb_2
2021-10-24T23:59:59+02:00,47875,45158,304903,291913,408461,376820,418819,410847,479046,487058,526722,526252,355906,397183,248098,318371,73174,134390,40084,37727,278738,268107,383639,351162,397212,387090,457570,463133,507309,506778,346289,386085,241672,309392,70498,128735,4192117,3965510,529382,508901,808548,765163,322334,589,544
2021-10-23T23:59:59+02:00,47841,45125,304747,291782,408257,376680,418668,410715,478933,486970,526651,526204,355887,397159,248093,318365,73174,134387,40046,37685,278653,268007,383524,351092,397135,387017,457499,463072,507274,506745,346271,386071,241671,309386,70497,128734,4190970,3964881,529321,508840,808546,765160,322186,589,544
2021-10-22T23:59:59+02:00,47593,44895,303984,291223,407390,375995,417946,410181,478368,486504,526303,525957,355834,397092,248073,318330,73168,134376,39800,37449,278103,267490,383040,350666,396730,386660,457205,462811,507055,506579,346207,386010,241649,309345,70491,128724,4185451,3961332,529053,508678,808545,765147,321545,589,544
2021-10-21T23:59:59+02:00,47140,44456,302908,290367,406215,375059,416988,409402,477554,485873,525775,525587,355709,396952,248007,318227,73147,134330,39240,36908,277077,266470,382157,349817,396029,385907,456594,462256,506651,506232,346054,385813,241567,309201,70466,128684,4177118,3953737,528787,508307,808539,765134,320633,589,544
2021-10-20T23:59:59+02:00,46923,44206,302318,289831,405552,374454,416450,408964,477127,485507,525490,525354,355614,396829,247935,318129,73118,134258,38827,36536,276344,265729,381552,349166,395516,385314,456178,461811,506304,505920,345882,385613,241475,309061,70430,128613,4171971,3947412,528644,508136,808535,765123,320288,588,544
2021-10-19T23:59:59+02:00,46642,43932,301780,289359,405056,374004,416082,408634,476852,485235,525262,525145,355496,396698,247873,318034,73085,134203,38377,36085,275458,264907,380850,348467,395039,384777,455777,461352,505970,505598,345698,385381,241372,308911,70394,128534,4167751,3940617,528526,507968,808532,765108,319942,588,544
2021-10-18T23:59:59+02:00,46454,43745,301266,288908,404572,373579,415734,408297,476587,484996,525043,524945,355401,396578,247809,317925,73060,134153,38099,35835,274828,264233,380306,347835,394626,384294,455442,460970,505685,505326,345547,385235,241287,308785,70363,128484,4163986,3935407,528331,507787,808529,765090,319584,588,544
2021-10-17T23:59:59+02:00,46345,43627,300952,288657,404323,373335,415527,408133,476439,484843,524942,524825,355337,396522,247784,317877,73044,134117,37853,35579,274322,263736,379944,347458,394348,383965,455202,460742,505524,505159,345459,385126,241250,308717,70341,128433,4161845,3931781,528255,507632,808528,765055,319377,588,544
2021-10-16T23:59:59+02:00,46316,43595,300876,288595,404250,373277,415486,408087,476395,484808,524918,524810,355331,396514,247780,317871,73042,134115,37813,35535,274216,263627,379864,347388,394291,383894,455163,460697,505497,505135,345451,385117,241247,308712,70340,128428,4161370,3931173,528241,507573,808528,765053,319303,588,544
2021-10-15T23:59:59+02:00,46167,43433,300444,288255,403883,372956,415197,407828,476154,484585,524763,524676,355279,396474,247762,317839,73033,134100,37585,35290,273660,263049,379460,347001,393956,383554,454887,460423,505301,504966,345389,385042,241207,308666,70335,128407,4158559,3927459,528119,507361,808524,765043,319001,588,544
2021-10-14T23:59:59+02:00,45837,43108,299663,287557,403257,372306,414691,407373,475736,484181,524444,524397,355157,396341,247691,317734,72989,134024,37033,34725,272421,261791,378659,346052,393274,382723,454245,459780,504878,504551,345159,384818,241096,308509,70304,128357,4153053,3918799,527872,506860,808519,764988,318414,588,544
2021-10-13T23:59:59+02:00,45530,42832,299099,287013,402781,371804,414301,406978,475407,483851,524183,524152,355030,396196,247617,317625,72957,133960,36702,34447,271658,260995,378065,345309,392758,382093,453827,459322,504518,504193,344985,384620,240998,308318,70268,128278,4148485,3912517,527697,506589,808515,764942,317992,587,544
2021-10-12T23:59:59+02:00,45208,42562,298451,286471,402268,371269,413900,406591,475101,483543,523934,523915,354921,396056,247567,317538,72929,133906,36409,34159,270828,260142,377379,344595,392226,381532,453414,458895,504161,503851,344766,384402,240892,308167,70227,128170,4143828,3905973,527524,506368,808507,764918,317644,586,542
2021-10-11T23:59:59+02:00,44964,42339,297876,286000,401791,370819,413499,406241,474801,483249,523698,523717,354811,395939,247494,317444,72894,133839,36123,33904,270077,259413,376712,343920,391744,380988,453036,458455,503831,503550,344574,384207,240793,308018,70184,128081,4139747,3900124,527349,506086,808496,764893,317195,586,542
2021-10-10T23:59:59+02:00,44807,42209,297521,285720,401454,370515,413270,405993,474624,483064,523560,523590,354761,395885,247468,317403,72875,133806,35956,33777,269602,258996,376257,343457,391414,380649,452748,458172,503608,503374,344481,384106,240738,307949,70167,128047,4137360,3896526,527212,505964,808489,764860,316835,586,542
2021-10-09T23:59:59+02:00,44777,42184,297423,285645,401370,370457,413209,405942,474576,483016,523535,523573,354753,395871,247466,317399,72874,133805,35905,33723,269486,258891,376159,343359,391331,380575,452691,458118,503574,503344,344471,384092,240732,307941,70166,128045,4136856,3895823,527177,505891,808486,764849,316727,586,542
2021-10-08T23:59:59+02:00,44540,41977,296928,285246,400926,370084,412911,405648,474296,482797,523327,523407,354691,395811,247430,317348,72856,133791,35697,33446,268924,258337,375738,342930,390956,380203,452419,457798,503396,503186,344405,384009,240698,307896,70155,128033,4133521,3892025,527052,505728,808482,764830,316329,586,542
2021-10-07T23:59:59+02:00,44160,41555,295959,284396,400163,369326,412278,405040,473788,482315,522926,523090,354561,395637,247336,317235,72823,133729,35046,32788,267549,256947,374753,341751,390155,379206,451714,457054,502847,502684,344152,383731,240558,307718,70096,127942,4126728,3882385,526821,504540,808473,764788,315664,586,541
2021-10-06T23:59:59+02:00,43904,41299,295267,283820,399655,368830,411889,404623,473439,482010,522652,522841,354422,395487,247255,317114,72798,133652,34722,32475,266811,256140,374214,341093,389681,378670,451296,456608,502498,502331,343981,383522,240449,307574,70066,127863,4121963,3876321,526688,504432,808469,764757,315170,586,541
2021-10-05T23:59:59+02:00,43588,41005,294567,283152,399034,368212,411377,404143,473059,481617,522368,522539,354277,395329,247172,316958,72765,133541,34423,32161,266001,255306,373530,340359,389144,378059,450795,456143,502148,501975,343792,383307,240337,307401,70019,127789,4116582,3869908,526550,504291,808462,764735,314440,586,541
2021-10-04T23:59:59+02:00,43314,40767,293755,282465,398338,367641,410903,403688,472663,481233,522076,522274,354147,395159,247098,316834,72733,133449,34120,31845,265108,254373,372820,339590,388557,377468,450324,455611,501768,501609,343602,383078,240182,307233,69979,127702,4111482,3863248,526404,504182,808455,764696,313527,585,541
2021-10-03T23:59:59+02:00,43151,40619,293361,282061,397934,367293,410602,403444,472453,481004,521903,522112,354066,395066,247046,316744,72723,133411,33940,31711,264622,253952,372367,339185,388203,377075,450054,455305,501521,501378,343477,382934,240120,307140,69961,127671,4108693,3859692,526305,504072,808430,764641,312895,585,541
2021-10-02T23:59:59+02:00,43118,40582,293239,281938,397817,367206,410522,403366,472392,480946,521871,522081,354052,395043,247045,316741,72721,133409,33893,31673,264484,253822,372267,339096,388126,376997,449997,455254,501491,501339,343465,382912,240118,307133,69959,127671,4108014,3858999,526228,504015,808428,764618,312749,585,541
2021-10-01T23:59:59+02:00,42909,40328,292628,281388,397268,366719,410076,402989,472060,480685,521610,521901,353969,394967,247016,316692,72709,133391,33593,31385,263826,253176,371780,338665,387747,376623,449672,454936,501267,501144,343389,382846,240093,307089,69950,127654,4104167,3855135,526084,503859,808422,764564,311961,585,541
2021-09-30T23:59:59+02:00,42515,39934,291517,280311,396275,365765,409286,402204,471403,480021,521109,521506,353805,394760,246918,316562,72683,133322,33056,30842,262632,252008,370920,337745,387046,375802,449069,454293,500797,500748,343220,382623,240015,306931,69921,127602,4096569,3848112,525744,502852,808401,764483,310506,584,541
2021-09-29T23:59:59+02:00,42177,39630,290758,279570,395550,365065,408743,401625,470909,479539,520747,521199,353625,394558,246840,316428,72653,133255,32759,30535,261888,251250,370287,337097,386591,375227,448650,453842,500446,500406,343050,382442,239923,306768,69899,127544,4090724,3842679,525587,502702,808393,764415,309489,584,541
2021-09-28T23:59:59+02:00,41845,39320,289888,278742,394759,364354,408140,401061,470390,479033,520368,520841,353418,394338,246744,316274,72613,133153,32447,30264,261024,250464,369582,336459,386082,374701,448208,453387,500093,500060,342869,382239,239828,306623,69873,127488,4084467,3837170,525462,502554,808385,764361,308286,584,541
2021-09-27T23:59:59+02:00,41429,38938,289009,277906,393968,363641,407585,400474,469916,478512,519967,520512,353258,394141,246658,316154,72581,133060,32126,29905,260007,249542,368727,335656,385423,374028,447668,452846,499690,499699,342686,382007,239737,306489,69848,127424,4078815,3831008,525304,502402,808378,764254,306524,584,541
2021-09-26T23:59:59+02:00,41053,38634,288442,277379,393475,363200,407244,400126,469622,478226,519757,520326,353150,394043,246613,316082,72560,133017,31968,29771,259505,249084,368286,335259,385084,373661,447381,452552,499484,499512,342595,381915,239679,306416,69832,127387,4075148,3828064,525163,502253,808354,764138,305596,584,541
2021-09-25T23:59:59+02:00,40999,38573,288273,277212,393321,363078,407127,400038,469531,478142,519696,520283,353138,394023,246604,316073,72558,133014,31925,29716,259341,248931,368141,335133,384964,373562,447312,452451,499422,499478,342574,381892,239669,306403,69832,127385,4074393,3827351,525089,502193,808352,764107,305160,584,541
2021-09-24T23:59:59+02:00,40801,38360,287638,276558,392677,362511,406604,399555,469082,477737,519397,520041,353033,393938,246563,316020,72552,132989,31665,29459,258681,248246,367533,334595,384515,373119,446894,452094,499100,499232,342458,381786,239625,306349,69820,127361,4070636,3823639,524940,502091,808342,764037,303445,584,540
2021-09-23T23:59:59+02:00,40167,37694,285931,274892,391198,361153,405413,398346,468032,476771,518644,519357,352733,393659,246428,315802,72508,132873,31273,29044,257383,247163,366380,333611,383580,372290,446086,451363,498505,498723,342226,381545,239511,306196,69792,127283,4060744,3817582,524532,501819,808331,763938,299294,584,540
2021-09-22T23:59:59+02:00,39832,37378,284931,273915,390348,360304,404660,397577,467367,476166,518106,518913,352504,393389,246316,315604,72459,132788,30985,28780,256606,246416,365631,332929,382954,371694,445574,450844,498041,498375,342024,381336,239408,306059,69758,127220,4053889,3812497,524316,501650,808308,763822,297341,584,540
2021-09-21T23:59:59+02:00,39415,36895,283851,272832,389382,359396,403902,396821,466740,475576,517656,518481,352278,393125,246213,315425,72405,132680,30667,28503,255750,245565,364871,332213,382318,371090,445077,450358,497625,497973,341828,381130,239300,305895,69724,127134,4046293,3806883,524156,501451,808298,763743,295619,584,540
2021-09-20T23:59:59+02:00,39062,36617,282713,271759,388332,358461,403074,396015,466038,474961,517161,518026,352033,392898,246102,315242,72361,132583,30283,28132,254629,244583,363883,331372,381525,370321,444354,449781,497165,497530,341603,380914,239192,305708,69688,127058,4039252,3800401,524011,501276,808283,763539,293179,584,538
2021-09-19T23:59:59+02:00,38901,36482,282119,271348,387758,357972,402666,395618,465695,474647,516894,517794,351947,392771,246062,315161,72349,132544,30166,28012,254115,244147,363379,330948,381100,369985,443985,449436,496881,497310,341495,380786,239134,305622,69677,127027,4035908,3797574,523869,501092,808262,763240,291973,584,538
2021-09-18T23:59:59+02:00,38847,36411,281958,271189,387559,357810,402483,395476,465585,474533,516827,517735,351931,392758,246054,315152,72347,132540,30037,27883,253802,243801,363126,330696,380862,369794,443823,449302,496788,497221,341465,380760,239115,305602,69674,127019,4034960,3795699,523754,501011,808259,763227,291504,584,538
2021-09-17T23:59:59+02:00,38516,36045,281059,270359,386764,357053,401757,394819,464973,474007,516447,517372,351781,392613,245991,315083,72323,132509,29770,27616,253059,243121,362439,330099,380268,369294,443357,448891,496451,496932,341345,380624,239065,305523,69661,126998,4029626,3791924,523418,500608,808250,763196,289454,583,538
2021-09-16T23:59:59+02:00,37947,35448,279474,268798,385410,355597,400551,393499,463958,473025,515675,516675,351463,392286,245861,314896,72275,132417,29335,27195,251915,242108,361481,329167,379442,368435,442689,448199,495938,496485,341118,380402,238966,305395,69631,126936,4018736,3785323,522666,500210,808203,763049,286924,583,536
2021-09-15T23:59:59+02:00,37568,35136,278345,267698,384511,354618,399695,392639,463283,472338,515140,516161,351239,391997,245688,314714,72236,132297,29036,26906,251056,241299,360697,328372,378758,367761,442124,447681,495432,496047,340908,380167,238829,305247,69608,126863,4011180,3779684,522380,499977,808190,762976,284821,583,536
2021-09-14T23:59:59+02:00,37255,34830,277374,266740,383569,353758,398960,391874,462676,471686,514610,515708,350997,391755,245558,314543,72191,132227,28762,26667,250275,240506,359967,327704,378149,367162,441579,447171,495011,495663,340710,379952,238718,305100,69585,126808,4004358,3774566,522051,499754,808161,762827,283007,582,535
2021-09-13T23:59:59+02:00,36867,34436,276135,265475,382619,352714,398185,390995,461979,470966,514086,515203,350773,391505,245437,314389,72152,132153,28303,26245,249148,239453,359150,326922,377547,366507,441021,446646,494550,495282,340516,379727,238617,304952,69555,126754,3996149,3767635,521333,499468,808127,762731,281722,582,535
2021-09-12T23:59:59+02:00,36724,34307,275565,265037,382146,352268,397798,390569,461653,470664,513873,514987,350667,391393,245391,314313,72141,132118,28145,26127,248621,239041,358647,326479,377179,366154,440717,446356,494300,495059,340391,379596,238558,304865,69540,126709,3992965,3764613,521168,499276,808091,762605,280651,582,534
2021-09-11T23:59:59+02:00,36645,34258,275372,264827,381920,352080,397637,390413,461520,470541,513802,514926,350637,391363,245382,314297,72139,132115,27998,26028,248341,238858,358423,326321,377029,366013,440568,446239,494233,495004,340367,379569,238550,304852,69540,126705,3991928,3763531,521079,499143,808083,762584,280041,582,533
2021-09-10T23:59:59+02:00,36317,33924,274294,263834,380966,351179,396757,389604,460718,469860,513243,514477,350430,391163,245293,314185,72121,132085,27789,25828,247434,238154,357597,325585,376245,365387,439876,445717,493745,494623,340206,379413,238469,304748,69518,126674,3986592,3760080,520938,498927,808073,762562,276099,582,533
2021-09-09T23:59:59+02:00,35879,33476,272988,262678,379915,349999,395820,388569,459920,468987,512660,513967,350191,390877,245162,314029,72085,132024,27407,25437,246366,237192,356685,324718,375434,364578,439186,445108,493159,494180,339991,379185,238348,304606,69487,126622,3978396,3753991,520635,498528,808028,762411,273419,577,531
2021-09-08T23:59:59+02:00,35479,33076,272030,261693,379120,349152,395125,387789,459292,468390,512222,513505,349986,390634,245057,313854,72056,131966,27113,25149,245441,236334,355876,323985,374749,363857,438585,444546,492710,493726,339792,378939,238233,304443,69453,126534,3971949,3748310,520414,498208,807976,762277,271331,577,529
2021-09-07T23:59:59+02:00,35103,32739,271006,260766,378290,348372,394480,387115,458762,467867,511779,513109,349796,390425,244957,313687,72023,131896,26836,24938,244566,235551,355070,323300,374102,363298,438079,444038,492265,493336,339583,378723,238145,304305,69427,126481,3965853,3743318,520175,497866,807964,762100,269420,577,529
2021-09-06T23:59:59+02:00,34704,32331,269889,259663,377349,347423,393798,386339,458164,467235,511338,512675,349574,390178,244868,313567,71993,131826,26602,24727,243795,234793,354328,322646,373489,362708,437618,443534,491852,492952,339370,378516,238065,304170,69398,126426,3958645,3738500,520038,497625,807915,761972,267553,577,529
2021-09-05T23:59:59+02:00,34548,32182,269483,259253,377042,347078,393502,386022,457932,466998,511162,512496,349503,390085,244826,313505,71977,131799,26466,24572,243366,234399,353931,322259,373134,362397,437358,443285,491654,492745,339271,378397,238023,304106,69381,126394,3956057,3735867,519936,497350,807889,761836,266746,577,529
2021-09-04T23:59:59+02:00,34489,32144,269317,259122,376923,346951,393374,385917,457856,466913,511111,512451,349491,390067,244820,313493,71977,131798,26428,24519,243199,234255,353772,322095,372987,362281,437266,443183,491588,492696,339249,378377,238015,304094,69381,126393,3955350,3735082,519882,497212,807884,761813,266332,577,529
2021-09-03T23:59:59+02:00,34170,31828,268425,258316,376184,346290,392787,385327,457279,466430,510650,512112,349320,389888,244754,313387,71954,131765,26105,24179,242183,233396,352977,321377,372317,361629,436614,442592,491100,492280,339052,378178,237929,303988,69361,126366,3950984,3730790,519179,495675,807856,761740,264078,577,529
2021-09-02T23:59:59+02:00,33809,31491,267375,257436,375322,345454,392053,384579,456593,465803,510119,511684,349055,389637,244631,313209,71929,131687,25808,23915,241160,232599,352086,320599,371581,360923,435901,441967,490537,491823,338804,377913,237821,303837,69335,126289,3945041,3725614,518894,495192,807821,761417,261335,577,528
2021-09-01T23:59:59+02:00,33482,31125,266528,256596,374565,344782,391522,384032,456125,465320,509735,511339,348878,389444,244542,313092,71905,131627,25419,23514,240072,231537,351224,319745,370893,360228,435286,441360,490013,491338,338571,377647,237689,303682,69307,126234,3939598,3718807,518709,494648,807787,761200,259766,577,524
2021-08-31T23:59:59+02:00,33084,30782,265661,255691,373828,344065,390949,383449,455614,464836,509285,510973,348687,389251,244447,312944,71874,131584,25135,23218,239118,230650,350418,318997,370231,359592,434728,440850,489491,490938,338368,377432,237601,303533,69273,126179,3934070,3713495,518519,494261,807761,760783,257872,575,524
2021-08-30T23:59:59+02:00,32537,30295,264355,254510,372831,343153,390134,382633,454859,464124,508723,510473,348458,389033,244354,312789,71837,131515,24816,22901,237961,229664,349417,318101,369441,358849,434030,440268,488931,490422,338113,377190,237476,303352,69232,126102,3926577,3707451,518403,493818,807717,760528,255128,574,522
2021-08-29T23:59:59+02:00,32347,30104,263788,254001,372351,342738,389754,382296,454565,463835,508493,510251,348361,388924,244305,312725,71827,131491,24591,22686,237243,229028,348808,317558,368945,358378,433602,439892,488620,490161,337971,377036,237416,303278,69214,126077,3923492,3703570,518282,493419,807689,760269,253902,574,522
2021-08-28T23:59:59+02:00,32258,30007,263561,253822,372172,342585,389598,382173,454440,463715,508418,510199,348337,388901,244294,312713,71826,131488,24526,22582,236924,228769,348557,317362,368724,358213,433420,439727,488491,490069,337929,376994,237396,303252,69212,126073,3922453,3701992,518242,493302,807683,760243,253338,574,522
2021-08-27T23:59:59+02:00,32027,29757,262914,253257,371657,342065,389127,381720,453985,463317,508047,509915,348208,388767,244236,312627,71807,131468,24380,22431,236321,228270,347943,316860,368252,357785,432970,439373,488187,489821,337797,376876,237341,303188,69201,126066,3918647,3698782,518174,493088,807625,760182,251662,574,522
2021-08-26T23:59:59+02:00,31646,29370,261907,252280,370804,341247,388369,380975,453298,462640,507497,509434,347975,388507,244115,312510,71779,131408,24032,22067,234845,226908,346715,315673,367137,356791,432097,438568,487517,489245,337511,376556,237178,303019,69171,126021,3912452,3690442,517930,492442,807585,759823,248990,574,520
2021-08-25T23:59:59+02:00,31283,29037,260981,251421,370053,340472,387710,380281,452661,462050,506939,508973,347739,388251,243989,312348,71744,131341,23426,21493,232795,225044,345235,314269,365948,355595,431097,437606,486712,488517,337129,376165,237023,302784,69126,125932,3906731,3678453,517800,492035,807558,759672,246379,572,518
2021-08-24T23:59:59+02:00,30966,28769,260248,250639,369444,339839,387170,379706,452179,461536,506526,508600,347529,388026,243871,312183,71718,131268,23109,21177,231585,223979,344271,313345,365164,354846,430423,436955,486153,487969,336849,375851,236888,302623,69101,125867,3901781,3671264,517512,491588,807537,759368,244578,572,514
2021-08-23T23:59:59+02:00,30445,28240,258858,249321,368415,338924,386337,378914,451398,460850,505876,508031,347247,387744,243730,311995,71691,131209,22799,20879,230104,222660,342958,312275,364213,353993,429558,436195,485447,487398,336544,375516,236751,302432,69075,125807,3894335,3663847,517365,491105,807502,759083,241206,572,513
2021-08-22T23:59:59+02:00,30300,28126,258452,248951,368060,338596,386064,378647,451160,460605,505687,507881,347150,387650,243689,311937,71674,131183,22617,20697,229384,221980,342269,311616,363677,353487,429117,435790,485125,487132,336380,375332,236687,302327,69057,125771,3892110,3659457,517216,490640,807463,758783,240201,572,509
2021-08-21T23:59:59+02:00,30049,27921,257954,248489,367741,338275,385806,378389,450955,460427,505539,507742,347095,387594,243667,311899,71671,131174,22342,20444,228641,221328,341783,311217,363274,353076,428752,435484,484896,486935,336295,375264,236660,302284,69051,125759,3889558,3656481,517072,489434,807455,758727,239477,572,509
2021-08-20T23:59:59+02:00,29857,27722,257294,247828,367000,337648,385127,377859,450361,459930,505065,507419,346950,387434,243612,311802,71655,131139,21937,20104,226834,219709,340370,310021,362156,352120,427795,434685,484176,486385,336051,375015,236558,302164,69026,125729,3886079,3648224,516748,488273,807442,758360,236606,572,509
2021-08-19T23:59:59+02:00,29525,27408,256307,246974,365995,336858,384335,377166,449646,459290,504502,506933,346708,387170,243504,311655,71621,131066,21442,19611,224068,217272,338060,308183,360449,350647,426390,433414,483016,485426,335631,374589,236366,301918,68992,125660,3880539,3633853,516382,486506,807400,757888,233509,572,508
2021-08-18T23:59:59+02:00,29238,27147,255510,246267,365290,336240,383755,376598,449048,458790,504027,506517,346435,386930,243386,311507,71589,131000,21064,19238,221593,214748,336001,306419,358802,348993,424865,432082,481870,484385,335112,374035,236133,301620,68940,125566,3875419,3620570,516202,482560,807370,757508,231448,571,508
2021-08-17T23:59:59+02:00,28920,26871,254726,245549,364671,335557,383192,376041,448556,458305,503595,506095,346234,386719,243268,311376,71562,130948,20593,18803,218844,211993,333922,304588,357112,347528,423427,430805,480744,483394,334618,373493,235897,301327,68886,125490,3870370,3605487,515901,479779,807344,757078,229734,570,507
2021-08-16T23:59:59+02:00,28631,26607,254030,244896,364099,334999,382729,375578,448115,457864,503173,505730,346048,386510,243168,311212,71531,130908,20039,18323,215671,208918,331630,302469,355590,346075,422217,429668,479795,482550,334226,373046,235711,301054,68846,125401,3865941,3588073,515745,479056,807318,756728,227986,570,505
2021-08-15T23:59:59+02:00,28434,26444,253536,244449,363669,334608,382368,375240,447818,457606,502930,505533,345933,386392,243119,311132,71520,130887,19255,17595,211659,204857,329730,300850,354324,344850,421190,428729,479011,481890,333892,372712,235586,300877,68822,125351,3863084,3570431,515601,478144,807280,756401,226815,570,503
2021-08-14T23:59:59+02:00,28366,26386,253288,244251,363435,334431,382193,375090,447661,457477,502812,505426,345884,386360,243102,311109,71517,130882,18929,17297,210586,203752,328906,300086,353603,344171,420695,428269,478622,481568,333752,372583,235549,300820,68813,125334,3861909,3563730,515530,477773,807275,756324,226118,570,503
2021-08-13T23:59:59+02:00,28109,26143,252580,243661,362936,334004,381754,374658,447225,457112,502474,505168,345756,386208,243037,311032,71505,130853,18325,16740,208698,201963,327479,298768,352333,342978,419642,427329,477872,480926,333508,372293,235436,300677,68795,125280,3858079,3551772,515459,477170,807265,756132,224575,566,503
2021-08-12T23:59:59+02:00,27910,25917,251856,243023,362314,333412,381221,374170,446690,456665,502052,504812,345572,386008,242935,310925,71492,130805,17743,16243,206100,199688,324594,296226,350316,341176,418133,426077,476642,479857,333056,371756,235188,300400,68755,125196,3854111,3534332,515267,475977,807227,755105,222334,564,501
2021-08-11T23:59:59+02:00,27675,25670,251121,242331,361688,332828,380693,373688,446226,456236,501643,504382,345345,385766,242819,310790,71464,130750,16925,15555,203053,196701,321407,293282,348140,339107,416630,424668,475357,478566,332512,371112,234939,299992,68704,125067,3849249,3512449,515047,474903,807187,754167,220794,561,500
2021-08-10T23:59:59+02:00,27429,25412,250286,241592,360971,332275,380151,373138,445725,455761,501187,503980,345149,385570,242733,310651,71441,130706,16128,14770,198849,192562,316733,289056,345150,336324,414507,422720,473757,477103,331822,370439,234640,299582,68647,124948,3844149,3482267,514761,473789,807151,753016,219257,559,500
2021-08-09T23:59:59+02:00,27232,25211,249658,241017,360389,331790,379704,372756,445313,455416,500841,503695,344989,385421,242667,310539,71421,130670,15134,13826,194301,187962,311014,284302,342388,333824,412589,420945,472136,475636,331174,369748,234364,299211,68588,124813,3840425,3451849,514582,471010,807121,751922,217761,558,496
2021-08-08T23:59:59+02:00,27060,25052,249174,240603,359993,331435,379354,372464,445008,455156,500599,503503,344880,385313,242604,310460,71404,130637,14912,13631,192951,186590,309386,282961,341071,332659,411710,420187,471564,475116,330910,369477,234235,299043,68562,124762,3837835,3442707,514425,469643,807068,751433,216526,558,495
2021-08-07T23:59:59+02:00,26911,24876,248644,240153,359594,331095,379019,372181,444715,454920,500372,503328,344808,385218,242570,310410,71396,130626,13740,12587,189272,182996,307337,281106,339347,331133,410373,418917,470637,474320,330554,369103,234104,298854,68528,124725,3834973,3423048,514318,468307,807057,751218,215643,558,492
2021-08-06T23:59:59+02:00,26685,24641,247774,239484,358807,330483,378341,371604,444058,454392,499833,502937,344574,385013,242471,310294,71385,130604,12832,11760,185526,179439,303860,278291,337222,329295,408768,417573,469336,473353,330174,368717,233944,298699,68504,124678,3832381,3403701,512951,466578,807045,750117,212157,558,491
2021-08-05T23:59:59+02:00,26361,24317,246593,238544,357907,329607,377516,370871,443314,453707,499164,502393,344289,384710,242356,310119,71344,130541,11826,10827,181041,175487,298464,273869,333099,325721,405956,415080,467077,471566,329506,368012,233679,298326,68443,124567,3825992,3375717,512686,461861,806979,746400,209142,558,490
2021-08-04T23:59:59+02:00,25987,23974,245446,237553,356907,328695,376735,370156,442683,453106,498589,501860,344014,384441,242232,309946,71316,130470,11012,10115,177558,172179,294688,270735,328684,321808,403699,412984,465366,470011,328810,367311,233404,297974,68384,124465,3819466,3348514,512341,460090,806944,744649,206497,554,489
2021-08-03T23:59:59+02:00,25523,23552,244078,236366,355995,327855,376022,369459,442027,452443,497989,501323,343721,384140,242101,309769,71272,130402,10451,9614,174065,168726,290578,267087,323565,317191,400945,410422,463022,467906,327963,366441,233053,297501,68316,124326,3811500,3316354,512179,458208,806900,742573,204595,554,489
2021-08-02T23:59:59+02:00,25205,23245,243024,235403,355145,327096,375320,368858,441454,451894,497463,500873,343459,383864,241983,309612,71246,130343,9896,9073,170421,165127,285871,263110,317683,312231,398184,407860,460785,465909,327189,365604,232757,297101,68254,124208,3805130,3282829,511931,456225,806842,740039,202719,553,487
2021-08-01T23:59:59+02:00,25049,23055,242392,234795,354544,326581,374876,368464,441020,451572,497117,500594,343317,383697,241907,309496,71232,130317,9629,8864,168870,163670,283380,261106,313043,308512,396323,406280,459304,464659,326755,365117,232585,296883,68225,124149,3801435,3264887,511626,454077,806748,737588,201349,550,484
2021-07-31T23:59:59+02:00,24939,22950,242049,234472,354261,326353,374635,368293,440830,451419,497008,500493,343284,383657,241887,309483,71231,130311,8394,7767,165090,159819,280550,258553,310950,306511,394922,404997,458155,463668,326435,364741,232451,296709,68199,124103,3799811,3241921,511436,453138,806742,736794,200698,550,484
2021-07-30T23:59:59+02:00,24649,22690,241248,233753,353684,325822,374142,367826,440367,451015,496646,500201,343146,383516,241842,309403,71218,130295,7456,6897,161337,156048,277148,255434,307917,303686,392688,402879,456305,462080,325924,364207,232241,296417,68166,124045,3795716,3216797,511065,451932,806724,733593,199088,549,482
2021-07-29T23:59:59+02:00,24302,22349,239710,232477,352514,324741,373171,366912,439508,450219,495831,499575,342812,383203,241705,309219,71181,130228,6472,6024,156472,151552,271749,251242,301996,298895,388319,399377,453247,459665,325089,363357,231928,296006,68106,123945,3788114,3182788,510383,447056,806640,728480,195644,548,482
2021-07-28T23:59:59+02:00,24002,22061,238557,231435,351627,323898,372416,366218,438866,449550,495263,499082,342557,382903,241570,309033,71146,130156,5981,5581,152705,147896,267243,247568,297548,294933,385051,396514,451153,457810,324428,362595,231659,295620,68042,123819,3781343,3151991,509843,445128,806562,725831,193717,547,479
2021-07-27T23:59:59+02:00,23728,21834,237546,230458,350781,323155,371709,365624,438278,448934,494736,498623,342312,382598,241436,308837,71110,130057,5412,5054,147671,142761,261307,242422,292239,290159,381028,392809,447964,454991,323436,361489,231292,295113,67950,123660,3775024,3110324,509286,442796,806504,722082,192068,546,477
2021-07-26T23:59:59+02:00,23495,21594,236569,229472,349988,322450,371098,365067,437721,448442,494283,498252,342080,382356,241308,308678,71086,129999,4990,4696,143315,138356,255744,237624,287059,285673,376553,388842,444440,451963,322480,360524,230962,294633,67875,123522,3769319,3070828,508654,440536,806422,717720,190666,543,477
2021-07-25T23:59:59+02:00,23136,21293,235228,228315,349041,321679,370416,364402,437140,447900,493822,497847,341880,382142,241218,308548,71065,129935,4737,4463,141465,136593,253052,235399,284548,283569,374412,387057,442347,450164,321964,360008,230757,294403,67850,123445,3762231,3055766,508275,438346,806355,713353,189263,542,477
2021-07-24T23:59:59+02:00,22887,21096,234298,227454,348316,321025,369841,363880,436611,447460,493460,497569,341764,382043,241174,308486,71062,129924,4415,4178,138565,133787,250314,233072,281980,281347,372148,385197,441105,449176,321614,359670,230612,294224,67831,123411,3758204,3037387,507509,435327,806340,713010,187411,542,477
2021-07-23T23:59:59+02:00,22469,20709,232792,226106,346988,320080,368790,363011,435730,446671,492760,497036,341528,381771,241085,308373,71041,129888,3993,3787,133074,128936,244933,228757,277495,277554,368453,381988,438446,446970,320913,358946,230357,293911,67777,123330,3750711,3001781,507037,433551,806285,710869,183898,542,477
2021-07-22T23:59:59+02:00,21963,20233,230685,224121,345232,318535,367280,361717,434410,445521,491779,496133,341092,381319,240907,308124,70997,129807,3571,3443,128719,124870,238923,224237,271100,272477,361547,376477,432981,442453,319728,357683,229915,293382,67683,123176,3738238,2959628,505448,427558,806153,704543,181107,541,475
2021-07-21T23:59:59+02:00,21454,19713,228795,222295,343529,316999,365659,360141,432831,444131,490550,494960,340539,380794,240659,307838,70943,129712,3369,3246,124952,121291,233458,219992,265560,267943,353403,369531,428366,438706,318608,356534,229452,292815,67602,122996,3727199,2924056,501686,416656,805927,699754,177814,541,473
2021-07-20T23:59:59+02:00,21151,19434,227324,220810,342289,315824,364692,359263,431965,443338,489824,494309,340196,380421,240511,307615,70914,129622,3108,2956,120613,117047,227103,214811,259726,262756,346279,363418,423661,434389,317513,355278,229038,292227,67504,122814,3717835,2880226,501278,409425,805796,695360,175671,541,472
2021-07-19T23:59:59+02:00,20837,19137,225588,219113,340969,314568,363650,358283,431149,442559,489154,493691,339900,380056,240359,307382,70869,129525,2915,2749,117851,114439,222707,211215,255101,258799,342559,360237,421037,432203,316786,354550,228738,291835,67429,122690,3707228,2855125,500852,404036,805702,691029,174081,541,472
2021-07-18T23:59:59+02:00,20683,19004,224291,217838,339346,313128,362576,357353,430327,441835,488613,493147,339667,379770,240231,307204,70847,129463,2824,2656,116346,113045,220039,209027,252743,256690,340305,358383,418997,430507,316294,354062,228578,291617,67408,122622,3697753,2842797,500313,399754,805626,687322,172701,540,469
2021-07-17T23:59:59+02:00,20284,18582,223137,216777,338763,312585,361983,356839,429806,441385,488197,492858,339562,379653,240189,307148,70844,129452,2560,2399,114274,110942,217577,206720,250271,254490,337873,356242,417547,429243,315958,353670,228443,291449,67385,122582,3692173,2825259,500110,397028,805601,686535,171230,537,469
2021-07-16T23:59:59+02:00,19740,18068,220596,214630,337022,311283,360472,355547,428339,440176,487097,491997,339156,379284,240018,306989,70819,129416,2292,2158,111154,108134,212802,202786,245729,250846,333567,352535,414199,426516,315035,352739,228092,291031,67331,122501,3681970,2797525,499349,394664,805442,682718,164952,536,468
2021-07-15T23:59:59+02:00,19098,17441,217811,212203,335114,309578,358880,354105,426994,438988,486150,491142,338753,378856,239815,306733,70777,129311,2115,2017,107240,104903,204415,196527,238221,245232,326953,347287,407118,420053,313289,350921,227542,290360,67259,122302,3666895,2750841,498748,386208,805324,675283,161815,535,468
2021-07-14T23:59:59+02:00,18252,16715,215362,209874,333403,308038,357470,352756,425769,437784,485120,490182,338294,378394,239573,306421,70723,129224,1963,1872,103621,101557,197924,191346,232496,240554,322652,343803,402936,416419,311976,349607,227133,289800,67175,122148,3651926,2717146,498162,380658,805197,668466,159097,534,465
2021-07-13T23:59:59+02:00,17598,16057,213173,207847,331797,306662,356131,351523,424590,436688,484156,489319,337853,377921,239371,306173,70688,129131,1851,1764,99854,98008,191428,185926,225343,234482,315964,337734,394532,408544,310175,347678,226528,289007,67063,121947,3638055,2674259,497604,367965,805038,658976,157004,533,461
2021-07-12T23:59:59+02:00,16578,15122,209888,204658,329734,304924,354550,350049,423345,435480,483169,488414,337436,377448,239192,305944,70649,129053,1772,1693,96750,95283,186133,181612,218355,228796,309116,331690,389427,404263,308440,345807,225934,288274,66964,121776,3619543,2635886,497046,360812,804857,650549,155202,532,460
2021-07-11T23:59:59+02:00,16069,14647,208526,203380,328984,304201,353886,349420,422778,434972,482717,488069,337245,377244,239132,305838,70627,129013,1739,1667,95327,93992,183343,179300,215350,226497,306420,329529,386591,401871,305965,343179,225554,287803,66910,121678,3613268,2620856,496406,358816,804725,640040,153365,527,456
2021-07-10T23:59:59+02:00,15594,14187,206676,201593,327514,302932,352747,348442,422046,434373,482239,487671,337075,377079,239066,305752,70617,128993,1698,1620,94019,92716,180798,177178,212308,224010,303893,327363,385424,400833,305318,342510,225374,287614,66894,121651,3604664,2604019,495762,358584,804489,638285,150688,526,456
2021-07-09T23:59:59+02:00,15269,13906,204768,199749,325905,301471,351673,347475,421140,433657,481666,487193,336867,376855,238970,305631,70602,128959,1024,964,91225,89989,177264,173947,207959,219850,298868,322755,381975,397846,304220,341279,225068,287247,66856,121587,3595487,2574981,494893,356517,804294,630684,148084,524,456
2021-07-08T23:59:59+02:00,14801,13478,201272,196759,322587,298796,349291,345482,419429,432198,480230,486122,336429,376414,238792,305382,70557,128881,906,853,86919,86216,170010,168276,199815,213441,291485,316632,375016,391626,301489,338347,224288,286307,66739,121327,3580111,2528711,490842,347845,803772,620304,143151,523,455
2021-07-07T23:59:59+02:00,14300,13024,197527,192888,319411,295933,346974,343431,417870,430723,479028,485021,335950,375849,238602,305109,70518,128775,772,758,83233,82762,162698,162549,190749,206254,283487,310061,367966,384801,298174,334726,223377,285204,66597,121080,3558792,2480663,489476,334390,803386,610294,140207,520,452
2021-07-06T23:59:59+02:00,13841,12650,194091,189508,316148,293193,344498,341140,416151,429159,477757,483886,335448,375289,238404,304819,70465,128690,650,640,79661,79178,156014,157029,183330,200039,274538,302102,361470,378704,294972,331474,222491,284112,66489,120851,3538912,2428085,486400,327404,802968,600769,137778,517,452
2021-07-05T23:59:59+02:00,13443,12313,189693,185260,312083,289855,341981,338800,414473,427609,476612,482814,334976,374771,238224,304573,70432,128604,574,545,76591,76343,150887,152932,178558,195911,267617,295825,355356,373161,291694,328027,221602,282991,66379,120680,3516032,2388968,485236,322902,802473,590401,133684,514,449
2021-07-04T23:59:59+02:00,13265,12155,185847,181385,309440,287823,340666,337726,413587,426831,476031,482319,334752,374517,238137,304448,70406,128550,542,516,74401,74471,147777,150357,176222,193865,265166,293761,352240,370951,288387,324630,221021,282324,66323,120560,3503771,2375155,483941,320603,801909,578863,129169,514,447
2021-07-03T23:59:59+02:00,12069,11098,179415,175380,305167,284361,338330,335554,411768,425021,474815,481262,334352,374071,237963,304202,70382,128507,511,497,72619,72890,145346,148474,173780,191778,262096,291031,349957,369094,286630,322644,220752,281962,66291,120511,3477377,2359397,482532,320403,801726,574367,122970,514,447
2021-07-02T23:59:59+02:00,10970,10006,175702,171917,302747,282161,336582,333849,410517,423830,474040,480571,334092,373755,237849,304020,70354,128459,472,446,69920,70203,141416,145182,169338,187729,256038,285581,344728,364383,283376,318913,220111,281189,66242,120426,3459270,2326148,481052,317613,801543,561779,120438,512,430
2021-07-01T23:59:59+02:00,9873,9077,172029,168470,298704,278865,334086,331573,408722,422247,472943,479611,333671,373291,237648,303750,70308,128380,400,373,65032,65480,135084,139838,162045,181216,245773,276712,333919,354583,278588,313636,218257,278931,66063,120113,3436694,2269736,478954,305246,801196,544043,117281,512,426
2021-06-30T23:59:59+02:00,9383,8683,168755,165382,293075,274235,330410,328233,406953,420704,471919,478640,333249,372807,237456,303450,70274,128291,318,312,61900,62630,129438,135158,155395,175214,235714,267553,320506,341296,273372,308084,216366,276607,65895,119791,3411563,2214657,476781,292425,800903,525195,113518,511,424
2021-06-29T23:59:59+02:00,8847,8161,164952,161599,288531,269966,326841,324938,404848,418624,470372,477228,332660,372169,237203,303095,70219,128182,260,241,59108,59630,124486,130741,149367,169680,223857,256845,311943,332923,266908,300890,214392,274144,65692,119445,3384031,2155351,474781,287756,800578,507779,109900,509,421
2021-06-28T23:59:59+02:00,8442,7782,161620,158139,283492,265640,323535,322094,402704,416698,468884,475916,332141,371557,236970,302786,70175,128089,200,191,56831,57277,120577,127226,145013,165594,214630,248424,306148,327508,261960,295594,212627,271909,65545,119179,3360087,2119591,470811,279131,799919,491248,106688,509,418
2021-06-27T23:59:59+02:00,8294,7659,160113,156610,281387,263832,321733,320555,401004,415339,467987,475199,331849,371265,236867,302623,70156,128040,174,171,55630,56166,118451,125515,142441,163460,210516,245034,302776,324645,258147,291585,210168,268996,65434,118984,3350065,2104102,468734,275630,798870,475100,103683,508,416
2021-06-26T23:59:59+02:00,7140,6559,156842,153272,279282,261949,319318,318313,399813,414183,467289,474501,331580,370985,236760,302465,70132,128010,163,159,55083,55574,117109,124357,141013,162220,208271,243025,300243,322229,256608,289923,209834,268586,65407,118914,3330922,2087269,465910,275540,798864,472600,103548,486,395
2021-06-25T23:59:59+02:00,5918,5443,152532,148985,275888,258992,317267,316352,398503,412936,466288,473677,331291,370649,236632,302309,70105,127961,134,138,53793,53948,114625,121656,136924,157648,199503,234572,294549,316352,254883,287802,209243,267784,65336,118797,3305962,2044740,464480,273842,798811,466011,103321,486,394
2021-06-24T23:59:59+02:00,5054,4655,148081,144852,271053,255038,312990,312569,396308,411060,464912,472540,330867,370187,236463,302071,70071,127874,115,108,51139,51351,109489,116932,129584,150996,187447,224112,283131,306115,249499,281956,207407,265436,65133,118397,3274734,1982623,462471,262052,798645,452250,101630,485,393
2021-06-23T23:59:59+02:00,4832,4449,144913,141733,267351,251883,307747,307763,393816,408713,463505,471222,330338,369568,236232,301759,70023,127767,83,78,49196,49264,105690,113017,123908,145313,177542,215441,271144,294119,244885,277138,206074,263737,64972,118038,3247160,1926249,458947,252184,798484,441551,99852,483,392
2021-06-22T23:59:59+02:00,4581,4219,141838,138604,263632,248501,301616,302328,391184,406154,461961,469737,329789,368960,236011,301406,69976,127660,53,57,47503,47517,102073,109706,119101,140730,164936,204291,260224,283810,240817,272663,204153,261326,64720,117566,3215094,1867815,457011,244454,798291,430593,98575,481,383
2021-06-21T23:59:59+02:00,4322,3974,138574,135659,258922,244594,296368,297459,388136,403280,460488,468383,329271,368400,235790,301093,69936,127548,45,49,46268,46289,99684,107483,116362,138021,158713,198514,253332,277171,235461,266823,200214,256799,64535,117189,3183335,1836789,454965,238936,798086,410799,96611,478,382
2021-06-20T23:59:59+02:00,4178,3856,137065,134148,254668,241099,293786,295217,386746,401964,459699,467638,329045,368114,235678,300961,69916,127486,39,46,45141,45363,97422,105684,114083,136031,155678,195970,249016,273093,232457,263292,199227,255545,64454,117063,3165847,1816390,453200,235382,797928,402931,95081,476,375
2021-06-19T23:59:59+02:00,3761,3505,134913,132051,251916,238775,292001,293565,384901,400397,458860,466910,328824,367862,235575,300823,69896,127454,38,44,44596,44715,96147,104417,112606,134565,154169,194530,245791,270064,231732,262441,199056,255282,64432,117010,3149504,1800393,450376,233799,797919,402645,94972,476,374
2021-06-18T23:59:59+02:00,2809,2592,131631,128911,248392,235723,287988,290152,382502,398270,457521,465751,328448,367461,235420,300588,69869,127405,38,43,43809,43799,94569,102634,110305,131894,150617,190492,238928,262771,230004,260434,198570,254642,64357,116876,3123689,1771054,445938,233269,797894,395932,94690,476,373
2021-06-17T23:59:59+02:00,2575,2369,127918,125622,242362,231277,282758,285763,377712,394280,455190,463911,327852,366738,235175,300234,69804,127292,37,43,41567,41971,90514,99155,105395,127139,142749,182817,227521,251374,224799,254494,196918,252482,64098,116456,3088857,1715326,442952,229119,797630,385023,90217,418,366
2021-06-16T23:59:59+02:00,2304,2134,124680,122214,237462,226926,278064,281502,372541,389782,452596,461768,327107,365940,234885,299820,69738,127177,37,41,39732,40370,86972,96123,101040,123309,134507,175468,215412,239455,218563,247377,194991,250154,63846,115968,3055303,1655483,437412,223510,797134,376914,87606,416,365
2021-06-15T23:59:59+02:00,1915,1802,119761,117343,231477,221778,272711,276514,367474,385152,449747,459350,326238,364964,234532,299307,69656,126993,36,39,38115,38756,83643,93074,97068,119255,127445,169087,203048,227418,212525,240581,193028,247721,63536,115396,3010565,1598140,435485,217657,796572,369230,84888,416,362
2021-06-14T23:59:59+02:00,1652,1527,115710,113186,226248,216870,267352,271542,362180,380397,446627,456756,325452,364107,234222,298919,69594,126872,32,38,37135,37867,81362,90975,94354,116733,123324,165335,196442,220912,209413,237073,191891,246247,63317,115003,2968413,1568513,433130,215379,796316,361564,82137,414,358
2021-06-13T23:59:59+02:00,1579,1442,114217,111809,223798,214766,264808,269283,359926,378438,445456,455731,325176,363802,234086,298748,69562,126798,29,38,36266,37130,79502,89298,92340,114909,120498,162723,192563,217200,206319,233629,190857,244878,63085,114591,2953424,1554487,430691,208097,796013,353332,80073,414,357
2021-06-12T23:59:59+02:00,1430,1304,111564,109060,221901,213034,263422,268004,358487,377040,444562,454964,324888,363493,233994,298645,69544,126770,29,38,35896,36724,78512,88203,91086,113609,118916,161159,188995,213896,205284,232500,189458,243221,63075,114559,2937236,1541307,429713,208088,795991,345951,79939,413,356
2021-06-11T23:59:59+02:00,1283,1168,109014,106543,219004,210412,259753,264809,355352,374305,442848,453493,324452,363041,233857,298437,69517,126715,29,37,35220,35609,76503,84823,88851,110072,114803,156016,182282,206434,203187,230127,188853,242450,63012,114460,2912807,1513757,426911,207391,795811,332501,79239,412,355
2021-06-10T23:59:59+02:00,1121,1011,104259,102130,212928,205646,252691,258981,349257,369008,438352,449716,323591,362070,233537,297990,69433,126562,27,36,33638,34119,72497,80644,83925,104560,108123,147787,169919,192780,197099,223227,187123,240306,62758,114056,2869143,1466526,419809,205646,794976,305469,75095,408,349
2021-06-09T23:59:59+02:00,972,882,100337,98415,206956,200915,245878,253266,342596,363055,434669,446692,322910,361323,233264,297607,69368,126430,26,35,32101,32859,69257,77991,80228,101390,103392,143499,158763,182002,186461,211210,185258,238060,62486,113561,2830099,1412399,411279,201663,794460,294184,70435,389,345
2021-06-08T23:59:59+02:00,790,701,95806,93870,200317,195353,238920,247250,334336,355774,429560,442019,322074,360320,232889,297120,69288,126294,25,33,31025,31999,66665,75691,76945,98660,98803,139579,151143,174492,177733,201479,183449,235805,62254,113193,2778108,1373114,405509,196745,793873,283306,65907,389,337
2021-06-07T23:59:59+02:00,631,560,92584,90765,194245,190645,232361,242002,326504,349599,426512,439570,321527,359684,232672,296793,69234,126198,24,31,30153,31150,64197,73730,73989,96497,95035,136639,143050,166688,173677,196847,182016,233993,62030,112808,2739070,1345952,399336,193441,793305,272177,61074,389,337
2021-06-06T23:59:59+02:00,593,525,91005,89448,190951,188085,229005,239226,322220,346193,425075,438490,321254,359385,232564,296635,69211,126151,24,31,29550,30593,62421,72043,71908,94479,91837,133568,137351,160881,171137,194207,180904,232592,61802,112428,2723627,1334067,391935,183731,792818,261722,58324,388,331
2021-06-05T23:59:59+02:00,511,445,89059,87430,186072,183864,226536,237093,320401,344572,424079,437577,320967,359067,232415,296468,69197,126119,24,30,29090,29832,61217,70085,70506,92326,90156,131290,132579,155534,168128,190532,180419,231933,61768,112362,2700113,1310400,391804,183264,792704,256291,57933,387,330
2021-06-04T23:59:59+02:00,411,360,86701,84898,182403,180246,222526,233144,316807,340933,421719,435382,320511,358531,232220,296239,69158,126057,24,28,28621,29155,60093,68427,69217,90237,88365,128663,129201,151871,163887,185754,179427,230666,61720,112275,2670854,1291510,387978,182489,792585,246211,57496,386,328
2021-06-03T23:59:59+02:00,319,285,83410,81822,176665,175575,215256,227035,309089,334229,413959,428517,319474,357347,231849,295786,69102,125924,22,28,27728,28141,58194,66227,66817,87479,84718,124542,122422,145187,157536,178132,177852,228633,61606,112038,2621871,1262240,377724,177144,792162,233457,54532,384,320
2021-06-02T23:59:59+02:00,269,226,81325,79652,172564,171839,211604,223870,305500,330872,411910,426682,319063,356891,231695,295579,69074,125873,21,26,27257,27659,57062,65099,65208,86199,82651,122593,117438,140297,149644,169151,177129,227677,61521,111868,2593046,1229961,376337,175170,792136,229836,53605,381,311
2021-06-01T23:59:59+02:00,170,159,77058,75820,164280,165262,202233,216134,296397,322982,403698,418842,317554,355276,231154,294839,68962,125646,21,23,25704,26242,52745,62140,60361,82903,77217,118079,109997,133071,138524,155715,175018,224935,61313,111442,2534312,1179705,364685,171055,791377,218050,46704,376,301
2021-05-31T23:59:59+02:00,148,142,74312,73331,158617,160931,194918,210151,289004,316593,397956,413869,316557,354161,230766,294317,68872,125475,21,22,24792,25180,50113,59913,57184,80363,73602,114792,105490,128617,134356,150787,173645,223210,61144,111109,2493845,1157220,355283,168686,790735,207640,40849,375,299
2021-05-30T23:59:59+02:00,137,134,73259,72262,156132,158895,192291,207795,286217,314078,396068,412123,316193,353750,230605,294077,68834,125394,21,22,24186,24392,48520,58176,55442,78503,71363,112222,102836,125748,132199,148256,172852,222274,61051,110898,2478013,1147418,352759,167375,790102,196264,37956,374,294
2021-05-29T23:59:59+02:00,134,132,72651,71669,154618,157494,189989,205765,284379,312490,395232,411353,315970,353506,230524,293998,68823,125375,20,22,23861,23864,47599,56677,54097,76623,69435,109376,100512,122947,129387,144827,172198,221366,61024,110846,2464122,1133771,352598,167308,790037,185722,37931,372,293
2021-05-28T23:59:59+02:00,130,129,71564,70554,152216,155235,186321,202221,281103,309358,393371,409584,315562,353000,230377,293784,68804,125318,20,21,23328,22860,45991,54550,52266,74057,67391,105426,96179,117054,124992,139764,171219,220054,60977,110732,2440282,1111079,351545,167094,789828,171205,37554,370,286
2021-05-27T23:59:59+02:00,119,120,68247,67538,145725,150292,178130,195962,274700,304193,387063,403898,314293,351549,229916,293253,68732,125135,18,20,22002,21176,42733,51497,48380,70240,62828,99411,89820,109534,121056,135135,168411,216347,60804,110417,2395671,1082591,343918,164356,788017,151107,31821,368,280
2021-05-26T23:59:59+02:00,115,117,66092,65355,140774,146210,172023,190895,267946,298523,380319,397202,312769,349934,229421,292554,68628,124922,18,19,21258,20256,40906,49357,46022,67505,59786,95614,85229,104408,116065,129406,164601,210999,60594,109989,2358344,1050586,330711,162773,786194,139625,29093,367,276
2021-05-25T23:59:59+02:00,114,110,64063,63360,136569,142722,166971,186597,260879,292235,374889,391808,311481,348517,229007,291905,68545,124743,18,19,20682,19591,39506,47837,44185,65485,57309,92606,81142,100021,111109,123697,159040,203720,60424,109681,2320742,1018925,323200,159348,783651,130389,27457,363,270
2021-05-24T23:59:59+02:00,112,108,62820,62148,133807,140613,163693,184180,253928,286237,369944,387124,310653,347598,228720,291518,68474,124612,18,19,20340,19181,38485,46761,42842,63999,55624,90597,78907,97505,109680,122042,158431,202927,60312,109478,2296988,1009546,312076,158044,781840,123699,25910,362,265
2021-05-23T23:59:59+02:00,107,107,62322,61631,132705,139717,162496,183144,252686,285214,368355,385696,310031,346939,228547,291290,68454,124576,18,16,20106,18993,37933,46201,42086,63298,54456,89599,77413,96138,108499,120640,157450,201705,60241,109336,2285474,1001341,311488,154963,781797,122098,25780,362,262
2021-05-22T23:59:59+02:00,104,105,61625,61006,131207,138633,160121,181518,249714,282920,365874,383465,309501,346343,228370,291023,68428,124525,17,16,19786,18568,37315,45596,41450,62767,53802,88871,76643,94988,106948,118833,156676,200734,60214,109282,2267465,994632,311472,154959,781758,118662,24303,362,262
2021-05-21T23:59:59+02:00,100,102,60289,59564,128297,136037,156827,178193,244473,278152,359776,377779,308565,345247,228075,290625,68367,124417,17,15,19424,18201,36701,44827,40795,61715,52846,87477,74916,92690,103703,114879,155536,199283,60122,109106,2231362,981593,309828,154631,780182,112066,24017,358,258
2021-05-20T23:59:59+02:00,91,100,57240,56774,122552,131157,149888,171873,234156,269393,350739,369492,306025,342501,227307,289612,68235,124197,16,15,18128,17265,34524,42583,38339,58814,50018,83699,70988,88187,99572,110223,153065,196258,59940,108751,2173313,962240,303156,152674,774227,94396,21119,354,257
2021-05-19T23:59:59+02:00,89,98,55029,54584,117542,126476,142720,165254,223612,260035,340187,358584,303377,339629,226555,288558,68084,123921,16,15,17545,16478,33298,40999,36933,56752,48006,80917,67746,84608,95685,105750,149430,191512,59678,108259,2107357,938807,296899,150693,771244,84884,19295,352,242
2021-05-18T23:59:59+02:00,85,93,52930,52620,112752,122216,136337,159680,212039,249667,330301,348779,300705,336659,225675,287358,67933,123666,16,15,17027,15871,32080,39535,35574,54954,46189,78504,64857,81382,91672,101210,146232,187436,59466,107825,2047460,918523,287524,147829,767648,76226,17313,348,241
2021-05-17T23:59:59+02:00,82,89,51896,51625,110412,120155,133521,157027,205513,243650,322728,341683,298909,334686,225086,286534,67826,123453,16,15,16568,15422,31029,38491,34400,53660,44708,76702,62592,78982,86827,95340,144767,185547,59318,107511,2020633,906804,275212,140353,764220,69529,15251,346,237
2021-05-16T23:59:59+02:00,81,86,51108,50970,108966,118832,131777,155363,202539,240967,315293,334726,297887,333552,224775,286049,67773,123355,16,15,16285,15049,30278,37708,33527,52743,43645,75389,61260,77510,83412,91263,143975,184466,59230,107370,2005278,900707,264782,133582,760976,65392,13497,342,234
2021-05-15T23:59:59+02:00,80,86,50570,50337,107964,117841,130761,154247,200602,239030,311723,331513,297265,332867,224579,285778,67753,123291,16,15,16146,14885,30025,37400,33242,52311,43160,74741,60411,76522,82815,90447,143458,183798,59194,107323,1989060,895461,264761,133435,760108,64263,12788,340,233
2021-05-14T23:59:59+02:00,79,85,49308,48910,105710,115746,127170,150795,192389,231959,305410,325624,296283,331729,224293,285330,67705,123196,16,15,15647,14455,29237,36577,32471,51118,42084,72955,58841,74570,80905,87954,142846,182807,59153,107237,1951772,885788,263059,132558,755564,58835,11742,337,231
2021-05-13T23:59:59+02:00,75,84,47392,46958,101866,112513,122455,146680,182363,223370,294800,315803,293318,328307,223483,284193,67605,122989,14,14,14787,14008,28380,35878,31711,50216,41139,71861,57335,73004,77128,83600,140077,179196,59043,107020,1900160,873233,254432,125502,749336,54985,10728,333,226
2021-05-12T23:59:59+02:00,73,82,46481,46246,99949,111082,120386,145016,179808,221260,290066,310475,292158,327038,223243,283874,67567,122904,14,13,14621,13857,28059,35659,31306,49927,40691,71486,56793,72435,75778,81967,139297,178061,58957,106860,1877064,867471,252269,123705,748845,54715,9928,330,224
2021-05-11T23:59:59+02:00,69,76,44237,44770,95909,107999,114570,140284,166437,209986,278415,299711,288757,323124,222288,282475,67417,122605,14,12,14191,13290,27046,34233,30172,48119,39384,69212,55085,70169,72688,78379,137937,176225,58798,106501,1818183,855171,242542,121015,740336,46853,8448,326,223
2021-05-10T23:59:59+02:00,68,72,42983,43791,93306,105991,111314,137650,158053,202957,270536,292603,286583,320672,221718,281615,67293,122364,14,11,13845,12846,26285,33248,29376,46859,38387,67357,53855,68441,70599,75824,136791,174710,58679,106213,1782604,846292,236499,119960,733362,39652,7475,323,214
2021-05-09T23:59:59+02:00,67,72,41860,43019,90624,104234,108647,135882,153039,199535,265011,287656,285340,319284,221341,281087,67227,122218,14,11,13528,12626,25590,32579,28647,46057,37592,66395,52925,67499,69369,74423,136194,173872,58624,106082,1763257,841713,229400,118981,727362,34876,6492,318,212
2021-05-08T23:59:59+02:00,66,72,41568,42715,89777,103501,107548,135025,151586,198315,262449,285591,284839,318744,221222,280909,67211,122186,14,11,13426,12564,25460,32488,28502,45928,37403,66201,52584,67179,68404,73501,135124,172505,58577,105989,1751189,837096,228890,118233,727136,34098,6478,311,200
2021-05-07T23:59:59+02:00,64,71,40644,41998,87839,102161,104715,132806,146964,194508,256192,280077,283498,317144,220876,280456,67159,122064,14,11,12681,12083,24632,31751,27736,44867,36539,64938,51399,65666,66154,70812,132895,169681,58488,105812,1725380,827403,225679,115961,723012,27309,5530,305,196
2021-05-06T23:59:59+02:00,60,70,38003,40274,83088,98701,98718,128051,136777,185993,239757,265669,278380,311347,219587,278768,66985,121750,14,11,11995,11565,23692,30647,26737,43516,35183,62939,49664,63687,63664,67682,130784,166915,58374,105594,1659828,816296,215774,112850,712107,18942,4619,291,194
2021-05-05T23:59:59+02:00,58,67,36115,39075,79429,96114,94116,124406,128952,179459,225005,251628,272197,304212,218015,276780,66740,121227,14,10,11761,11289,23146,29922,26134,42595,34259,61538,48512,62273,61049,64567,127838,163215,58276,105342,1593617,803977,210692,109279,706066,14969,3563,290,189
2021-05-04T23:59:59+02:00,58,65,35009,37966,76703,93790,90606,121362,123380,174727,214376,241357,266713,297766,216574,274937,66531,120760,14,10,11598,11085,22737,29380,25672,41823,33537,60446,47403,61000,58329,61382,125473,160277,58127,105106,1544553,792073,205568,106641,699986,11822,2913,286,186
2021-05-03T23:59:59+02:00,57,63,34138,36915,74411,91967,87731,119011,118943,171083,207717,235357,263434,293902,215775,273848,66409,120465,14,10,11350,10814,22343,28802,25190,41122,32848,59481,46377,59859,55531,58035,121695,155379,57870,104668,1512795,776191,202456,104925,695049,9064,1260,282,182
2021-05-02T23:59:59+02:00,57,63,33783,36599,73234,91060,86258,117917,116514,169214,204622,232840,262472,292814,215489,273440,66342,120357,14,9,11278,10741,22153,28587,24959,40837,32505,59071,45922,59384,54340,56572,118623,151696,57786,104537,1502181,771153,199659,99360,691173,8162,395,276,175
2021-05-01T23:59:59+02:00,56,63,33464,36220,72472,90266,85184,116874,115042,167849,201535,229810,261780,291989,215279,273160,66331,120318,14,9,11264,10725,22099,28557,24896,40799,32443,59014,45840,59307,54098,56280,118465,151500,57777,104520,1487074,769842,199650,99320,690906,8114,388,275,174
2021-04-30T23:59:59+02:00,53,61,32923,35619,71265,89043,83720,115143,111260,164280,194140,222697,259790,289623,214830,272551,66271,120210,14,9,10943,10529,21740,28279,24620,40375,32115,58452,45378,58675,53201,55116,117513,150314,57722,104401,1454180,766163,199323,97330,690108,5776,187,273,171
2021-04-29T23:59:59+02:00,51,60,31423,34666,68341,87014,80084,112534,106147,160165,181322,211151,251854,280518,213633,270919,66136,119867,14,9,10635,10314,21264,27831,24191,39878,31528,57711,44573,57744,51367,52919,115664,148076,57622,104206,1399259,757323,192038,94660,684736,3457,165,263,169
2021-04-28T23:59:59+02:00,50,59,30188,34056,66471,85700,77603,110712,102722,157306,171633,201969,241000,267920,212355,269234,65940,119541,14,9,10448,10153,20963,27475,23825,39409,31103,57050,43847,56916,49238,50295,113082,144834,57497,103994,1346595,747744,188674,90101,679366,2236,134,257,161
2021-04-27T23:59:59+02:00,47,58,29430,33371,64894,84233,75588,108902,99956,154908,166903,197238,232492,258109,211208,267619,65820,119318,14,9,10323,10042,20681,27184,23588,39079,30743,56548,43158,56227,47228,47751,110441,141399,57378,103794,1312528,737922,186366,86090,671373,1515,132,252,151
2021-04-26T23:59:59+02:00,46,58,29000,32986,63793,83347,74087,107737,97668,153195,158291,189238,228300,253266,210501,266623,65727,119118,14,9,10229,9952,20462,26994,23351,38865,30444,56206,42539,55655,45421,45602,108543,138917,57282,103640,1283589,729952,184923,82988,664644,1134,126,248,147
2021-04-25T23:59:59+02:00,46,57,28748,32746,63017,82820,73023,107000,95935,151965,152904,184367,223967,248384,209911,265842,65661,118995,14,9,10173,9918,20384,26914,23263,38782,30336,56079,42379,55496,45009,45105,107862,138010,57254,103569,1270809,728284,178785,81223,655969,1002,123,245,146
2021-04-24T23:59:59+02:00,46,56,28404,32318,62075,81595,71839,105551,94384,150302,147995,179216,221181,245050,209441,265168,65627,118945,14,9,10159,9899,20343,26872,23210,38715,30255,55993,42228,55360,44765,44796,107610,137713,57233,103541,1245923,727189,178755,80522,654683,959,122,244,144
2021-04-23T23:59:59+02:00,44,56,27656,31696,60509,80082,70045,103529,91794,147656,143206,174818,216625,239497,208786,264180,65564,118830,14,9,10106,9836,20233,26785,23079,38565,30022,55784,41865,55029,44149,44035,106547,136425,57077,103266,1221013,723834,177570,78042,646151,907,121,240,141
2021-04-22T23:59:59+02:00,42,55,27040,31095,58973,78646,67577,101312,87664,144164,135167,167329,207600,228504,206746,261550,65365,118434,13,9,9981,9740,19983,26487,22725,38131,29510,55272,41115,54393,42992,42720,104553,133973,56848,102868,1179491,716348,170115,74140,637814,786,121,235,137
2021-04-21T23:59:59+02:00,42,51,26544,30573,57640,77541,65694,99679,84619,141523,127984,160511,194521,213170,204596,258664,65139,118008,13,9,9849,9654,19750,26236,22437,37806,29154,54819,40561,53858,42143,41702,102359,131183,56593,102454,1127985,709786,167225,70047,631443,714,121,231,130
2021-04-20T23:59:59+02:00,41,50,26118,30102,56474,76394,64017,98093,82065,138951,122897,155441,183050,199716,202170,255527,64903,117578,13,9,9744,9564,19530,26048,22145,37534,28742,54401,40022,53326,41326,40768,100136,128192,56255,101918,1085340,702219,163737,66798,624662,634,119,229,121
2021-04-19T23:59:59+02:00,41,49,25751,29743,55500,75573,62729,96914,79934,137027,119369,152054,177288,192876,200460,253290,64719,117248,13,9,9636,9471,19299,25827,21901,37260,28427,54008,39508,52794,40529,39860,97025,124206,55850,101203,1060762,691828,161905,64380,618057,596,118,219,121
2021-04-18T23:59:59+02:00,40,44,25442,29480,54731,75027,61606,95967,78072,135597,116003,149659,172177,187318,199447,252060,64607,117055,13,9,9562,9396,19109,25650,21724,37095,28212,53732,39249,52544,40200,39477,95812,122657,55667,100902,1046757,687958,160236,62449,607493,581,118,215,120
2021-04-17T23:59:59+02:00,39,43,25333,29387,54361,74829,61090,95614,77419,134998,115154,148918,167923,182438,198914,251334,64573,116992,13,9,9517,9337,18970,25461,21537,36865,27984,53458,38985,52277,39899,39152,95045,121732,55602,100818,1035881,683935,160207,62135,603425,569,118,214,120
2021-04-16T23:59:59+02:00,39,43,24958,29137,53370,74220,59801,94735,75791,133668,111001,144776,160278,173673,197256,249132,64465,116784,13,9,9311,9162,18578,25027,20951,36291,26873,52554,36960,50674,36577,36201,91850,118204,55200,100163,1009963,668822,159415,55214,593902,540,117,212,119
2021-04-15T23:59:59+02:00,36,39,24482,28688,52116,73053,57837,93010,72513,130828,105539,139500,152418,164701,192603,243263,64168,116167,13,9,9137,8998,18208,24604,20457,35628,26195,51755,35569,49442,34466,34149,88728,114463,54693,99307,977772,655687,157360,49625,575977,490,116,210,115
2021-04-14T23:59:59+02:00,34,36,24143,28361,51182,72115,56493,91622,70126,128666,101538,135731,143224,154322,184864,233384,63826,115501,13,9,8729,8726,17731,24098,19922,34980,25284,50877,34280,48323,32417,31995,85748,110813,54201,98446,939891,640776,154691,45402,560736,396,115,203,114
2021-04-13T23:59:59+02:00,34,36,23903,28143,50484,71581,55546,90791,68491,127251,97814,132290,131400,141203,178474,225059,63488,114911,13,9,8492,8551,17385,23687,19495,34442,24619,50084,33211,47304,31032,30631,83586,108414,53842,97901,906639,631398,150174,41008,544236,274,115,199,113
2021-04-12T23:59:59+02:00,34,35,23694,27954,49929,71069,54679,90057,67020,125961,95183,129968,124288,133173,175247,221110,63217,114420,13,9,8255,8361,17020,23388,19122,34005,24147,49550,32544,46676,29502,29092,81922,106476,53515,97381,890219,622952,148630,37749,528343,260,113,193,110
2021-04-11T23:59:59+02:00,33,35,23519,27791,49400,70648,53945,89601,65875,125155,93324,128488,118800,127155,171333,216508,63047,114123,13,9,8120,8227,16722,23109,18804,33692,23789,49169,32099,46291,28866,28426,80905,105227,53306,97063,882735,617656,144228,35925,511979,246,107,187,107
2021-04-10T23:59:59+02:00,33,35,23458,27734,49233,70511,53745,89441,65544,124885,92799,128050,116716,124624,169892,214657,63005,114023,13,9,7532,7621,15829,22321,17846,32851,22670,48137,30986,45296,28204,27715,78811,102620,53039,96627,875733,602327,143372,35546,509446,242,101,186,107
2021-04-09T23:59:59+02:00,32,35,23209,27484,48731,70021,53107,88752,64546,123759,90975,126143,107882,113676,166512,210249,62806,113665,12,9,6572,6719,14297,20998,16126,31293,20526,46168,28774,43288,26426,25891,75303,98434,52494,95787,856298,574847,136317,34031,499141,230,90,181,104
2021-04-08T23:59:59+02:00,32,35,22912,27239,48151,69532,52351,88052,63237,122673,88557,123978,97566,101668,160968,203399,62477,113096,12,9,5928,6130,13106,19978,14867,29955,18887,44452,26284,40954,23405,22923,70642,92640,51340,94020,837601,543230,127420,32096,481083,202,81,178,101
2021-04-07T23:59:59+02:00,30,34,22600,27012,47342,69070,51421,87436,61848,121687,85411,121531,88373,91374,153965,194610,62183,112539,12,9,5548,5807,12447,19302,14051,29130,17848,43402,24380,39063,20868,20399,66676,87866,50342,92401,817179,519752,121820,29624,459654,176,74,171,96
2021-04-06T23:59:59+02:00,29,34,22389,26852,46812,68686,50830,86912,60816,120910,83301,119789,80613,82562,147598,186648,61838,111913,12,9,5353,5648,12094,18943,13698,28698,17313,42839,23523,38254,19740,19368,63517,83765,49420,91013,797897,506377,118608,26674,442220,165,68,164,94
2021-04-05T23:59:59+02:00,29,33,22290,26727,46499,68337,50439,86512,60269,120217,82120,118638,76133,77466,142616,180564,61637,111597,12,9,5213,5509,11833,18691,13404,28385,16990,42463,23077,37793,19279,18899,60630,80205,48720,89946,788452,497030,116854,23879,427013,160,64,159,94
2021-04-04T23:59:59+02:00,29,33,22241,26666,46377,68064,50268,86198,59988,119716,81610,118006,74689,75758,141912,179593,61600,111516,12,9,5208,5501,11814,18677,13392,28368,16971,42446,22981,37721,18873,18578,59192,78356,48513,89635,785911,492237,116746,23876,421813,153,58,155,91
2021-04-03T23:59:59+02:00,29,33,22179,26585,46254,67955,50104,86022,59673,119404,81042,117428,73343,74124,140797,178057,61517,111368,12,9,5199,5492,11801,18658,13369,28348,16938,42399,22875,37646,18737,18428,58841,77791,48424,89488,779552,490448,116704,23876,419864,151,57,154,91
2021-04-02T23:59:59+02:00,29,33,22101,26500,46092,67788,49886,85774,59203,118951,80163,116616,71786,72239,138518,175074,61322,111008,12,9,5179,5455,11753,18615,13314,28266,16850,42250,22603,37172,18381,18065,56502,74908,47611,88387,770429,481972,114927,23233,417936,151,53,152,89
2021-04-01T23:59:59+02:00,26,31,21906,26296,45676,67268,49240,85033,58328,118012,78280,114948,68525,68812,134432,169897,61004,110437,12,9,5032,5311,11479,18350,13090,28030,16529,41941,22098,36731,17554,17317,51643,68861,45924,85914,758779,463856,108837,21860,410747,138,48,149,87
2021-03-31T23:59:59+02:00,26,31,21577,26077,45275,66741,48742,84383,57596,117072,77119,113706,66478,66493,129672,163776,60600,109712,11,9,4954,5258,11380,18229,12927,27877,16290,41672,21509,36219,16426,16417,46415,62434,44537,83920,749008,445455,101663,20934,404622,135,42,147,82
2021-03-30T23:59:59+02:00,26,30,21400,25855,44874,66123,48236,83584,56885,116020,75981,112327,64633,64474,125290,158029,60134,108814,11,9,4887,5173,11275,18103,12734,27687,15961,41349,20935,35672,15594,15615,43653,59019,43424,82123,738826,433595,97439,19567,396679,108,35,140,80
2021-03-29T23:59:59+02:00,25,30,21202,25617,44412,65572,47760,82894,56151,114940,74746,110891,62138,61725,118554,149406,59365,107421,11,9,4789,5100,11169,17987,12580,27522,15716,41026,20475,35204,14945,15073,41053,56027,42316,80294,718292,422369,94020,18885,390768,91,33,138,78
2021-03-28T23:59:59+02:00,25,30,20996,25326,43914,64880,47243,82151,55473,113933,73801,109783,60879,60290,113847,143436,58921,106663,11,9,4734,5040,11023,17837,12322,27222,15524,40781,20308,34971,14706,14828,39980,54619,41966,79753,711753,418056,86710,17562,383358,70,33,134,73
2021-03-27T23:59:59+01:00,25,30,20875,25168,43620,64516,46879,81623,54969,113246,73126,109045,59725,59206,112359,141725,58854,106581,11,9,4721,5028,10996,17818,12304,27192,15162,40351,19907,34534,14415,14618,39494,53931,41493,78936,706474,414001,86006,16909,379319,66,33,133,71
2021-03-26T23:59:59+01:00,25,29,20624,24657,42813,62814,45909,79597,53632,110223,71111,105428,57712,57317,109608,138494,58526,106065,9,9,4702,4995,10973,17766,12234,27101,15084,40241,19566,33937,13945,13965,36414,50080,39435,75681,695076,399451,82687,16690,367044,54,30,133,71
2021-03-25T23:59:59+01:00,25,26,20192,23984,41938,61050,44814,77045,52120,106695,68724,101665,55116,54682,106295,134530,57957,105072,9,9,4656,4940,10881,17663,12113,26956,14902,40022,19290,33630,13474,13474,32566,45026,36433,71130,683650,381078,78491,16104,350014,49,27,130,71
2021-03-24T23:59:59+01:00,25,26,19788,23537,41153,59777,43795,75507,50738,104769,66622,99334,52332,51764,102045,129437,57317,103996,9,9,4601,4874,10788,17521,11946,26752,14672,39736,18923,33211,13019,13028,29998,41818,33319,66292,670849,365524,73615,15013,337727,42,22,127,70
2021-03-23T23:59:59+01:00,25,26,19540,23235,40592,58860,43070,74412,49698,103254,64956,97475,50036,49419,99294,126226,56760,103157,9,9,4541,4803,10689,17395,11800,26568,14427,39423,18512,32821,12521,12523,27562,38708,29621,60370,662699,347890,70271,14435,327295,39,21,125,70
2021-03-22T23:59:59+01:00,25,26,19318,22819,39949,57976,42402,73371,48753,101868,63482,95840,48208,47534,96900,123488,56289,102392,6,8,4484,4757,10601,17279,11669,26390,14268,39182,18270,32518,12206,12149,25722,36349,25630,53903,656395,331540,67468,13879,317006,34,21,122,68
2021-03-21T23:59:59+01:00,25,26,19179,22560,39456,57219,41850,72525,48100,100712,62538,94606,47163,46510,95257,121636,55919,101815,6,8,4468,4748,10565,17231,11622,26303,14208,39095,18189,32417,12086,12014,25292,35900,25276,53343,653813,329338,65438,13466,308072,34,19,120,64
2021-03-20T23:59:59+01:00,24,26,19121,22416,39243,56725,41610,71964,47789,100077,62096,94004,46508,45746,92662,118409,55631,101329,6,8,4459,4739,10556,17218,11594,26286,14165,39060,18108,32342,11932,11854,24651,35127,24512,52259,647351,325631,64989,13278,303263,34,19,120,64
2021-03-19T23:59:59+01:00,23,25,18765,21852,38111,54603,40328,69972,46054,97992,59215,91248,42071,41877,87443,112651,54930,100252,6,8,4437,4724,10523,17167,11529,26174,14073,38888,17873,32043,11581,11572,22972,33066,22826,49696,629605,316281,57780,12915,290250,29,18,116,64
2021-03-18T23:59:59+01:00,23,24,18371,21202,36933,52448,38790,67183,43899,93520,55371,85456,38041,38078,82715,107177,53842,98599,6,8,4417,4695,10457,17064,11451,26019,13928,38701,17660,31842,11347,11389,21727,31545,21109,47096,612684,308199,52041,12302,267163,27,17,115,62
2021-03-17T23:59:59+01:00,23,23,17945,20850,36205,51530,38022,66226,42816,92162,53581,83630,35366,35287,78703,102358,52902,97128,5,8,4394,4667,10395,16969,11377,25886,13815,38513,17464,31649,11111,11163,20475,30125,19518,44688,596020,300674,47637,11591,261310,24,17,112,60
2021-03-16T23:59:59+01:00,23,23,17585,20430,35456,50460,37209,65031,41719,90491,51742,81643,33162,33271,74670,97402,52021,95814,5,6,4344,4616,10322,16839,11286,25733,13715,38275,17331,31405,10936,10982,19194,28598,18036,42360,582754,292874,42949,11156,252656,24,13,111,59
2021-03-15T23:59:59+01:00,23,23,17305,20065,34745,49479,36417,63842,40813,89012,50480,80040,31438,31435,71379,93309,51325,94682,5,6,4322,4581,10255,16716,11220,25533,13598,37987,17183,31134,10771,10824,18463,27633,16774,40497,571625,287049,39619,10509,244783,24,2,106,59
2021-03-14T23:59:59+01:00,23,22,17036,19638,33890,48269,35517,62525,39754,87184,49224,78312,30272,30196,69384,90746,50883,94006,5,6,4298,4562,10210,16639,11164,25391,13538,37765,17093,30972,10699,10738,18283,27353,16511,39935,564510,285851,37738,9378,234850,15,0,101,59
2021-03-13T23:59:59+01:00,23,22,16220,18577,32389,46229,33943,60389,37716,84106,47087,75754,28921,28841,67365,88119,50615,93615,5,6,4298,4561,10208,16633,11160,25382,13529,37758,17085,30963,10664,10707,17535,26467,15464,38484,548158,281598,37455,9377,224515,15,0,101,58
2021-03-12T23:59:59+01:00,22,21,15121,17201,29946,43575,31277,57248,34851,79251,43874,71289,26080,25649,63060,82819,49631,92214,5,5,4285,4528,10189,16571,11142,25330,13485,37639,16995,30833,10387,10479,16644,25220,14394,36958,520114,275790,36142,9366,207059,12,0,99,57
2021-03-11T23:59:59+01:00,21,21,14078,15739,27689,40878,28954,54064,32258,74860,40119,66398,22673,22171,57052,75510,47707,89389,5,5,4244,4487,10109,16452,11029,25105,13367,37329,16829,30528,10085,10267,16012,24376,13725,35681,488070,271783,34550,7926,187131,9,0,93,53
2021-03-10T23:59:59+01:00,21,21,13484,15039,26280,39264,27300,52242,30694,72540,37602,63275,19922,19618,51135,68377,46155,87060,5,5,4209,4443,10010,16285,10909,24854,13219,36910,16630,30155,9843,10083,15269,23603,13065,34656,461648,267046,32506,7182,176043,7,0,91,51
2021-03-09T23:59:59+01:00,20,20,13202,14573,25154,38225,25883,51056,29629,70887,36221,61440,18739,18494,47626,63933,45035,85271,5,5,4184,4417,9925,16118,10805,24595,13066,36593,16453,29918,9718,9980,14604,22763,12565,33882,448047,263325,29972,6348,167544,7,0,91,48
2021-03-08T23:59:59+01:00,19,20,12871,13964,24074,37113,24614,49919,28694,69405,34983,59821,17666,17613,43507,58948,43807,83284,5,5,4169,4381,9863,15919,10702,24331,12933,36235,16323,29653,9634,9896,14108,22158,12250,33439,432584,260129,27973,5956,159917,2,0,89,47
2021-03-07T23:59:59+01:00,19,20,12638,13669,23480,36260,23916,49043,28092,68536,34372,59059,17401,17361,42439,57497,43442,82721,5,5,4157,4368,9841,15877,10675,24257,12903,36065,16266,29539,9612,9867,13910,21904,12115,33236,427812,259071,26158,5613,156146,0,0,85,47
2021-03-06T23:59:59+01:00,19,20,12525,13377,23078,35525,23381,48252,27043,67003,33271,57294,17013,17031,41793,56606,43142,82252,5,5,4154,4354,9830,15850,10657,24223,12893,36024,16248,29508,9594,9827,13864,21866,12012,33025,423741,258694,26094,5329,148940,0,0,83,45
2021-03-05T23:59:59+01:00,19,20,12112,12773,22394,34321,22696,47023,26287,65374,32036,54874,16364,16197,38337,52305,40991,78817,5,5,4127,4307,9760,15750,10607,24075,12825,35829,16161,29303,9499,9757,13679,21655,11640,32414,408567,257001,24641,4482,139875,0,0,83,43
2021-03-04T23:59:59+01:00,17,20,11353,11762,21205,32593,21484,44974,24930,62724,30341,52519,15634,15478,34338,47141,37917,74136,5,5,4078,4216,9646,15458,10504,23716,12692,35296,16018,28902,9321,9602,13521,21445,11555,32268,390141,253944,22565,4389,126000,0,0,83,40
2021-03-03T23:59:59+01:00,15,20,11043,11266,20518,31373,20709,43611,24021,60972,29295,50878,15155,14977,31724,43817,34832,69369,5,5,4037,4153,9565,15287,10424,23464,12586,34874,15838,28555,9136,9476,13395,21227,11410,31998,374695,251298,21769,4223,117271,0,0,79,37
2021-03-02T23:59:59+01:00,15,20,10782,10838,19873,30401,19996,42593,23234,59585,28321,49600,14529,14329,29048,40450,30940,63154,5,5,3989,4081,9503,15121,10355,23198,12481,34441,15737,28246,9010,9373,13255,21037,11333,31852,356502,248885,20259,4221,111081,0,0,78,37
2021-03-01T23:59:59+01:00,13,19,10610,10578,19360,29597,19433,41709,22644,58514,27606,48476,14111,13875,26976,37868,26673,56259,5,5,3973,4031,9448,14966,10291,22899,12400,34066,15630,27924,8926,9311,13073,20767,11217,31669,339265,246462,19144,4221,106043,0,0,76,37
2021-02-28T23:59:59+01:00,12,19,10441,10376,18892,28947,18896,40969,22162,57659,27114,47680,13903,13631,26370,37210,26268,55656,5,5,3957,4017,9422,14933,10272,22848,12383,33996,15603,27877,8899,9287,12942,20588,11154,31520,336800,245607,18283,4184,101250,0,0,76,36
2021-02-27T23:59:59+01:00,12,18,10262,9861,18564,28082,18638,40182,21879,56676,26788,46891,13631,13330,25704,36413,25348,54239,5,5,3944,4005,9400,14912,10240,22801,12344,33914,15557,27803,8878,9271,12922,20565,11132,31500,332906,245246,17561,4035,96175,0,0,76,36
2021-02-26T23:59:59+01:00,11,17,9467,9079,17666,26645,17856,37977,20948,53830,25329,44072,13165,12929,24114,34425,23820,51935,5,5,3863,3936,9322,14751,10166,22545,12264,33548,15442,27510,8799,9191,12856,20498,11093,31430,323782,243347,17306,3961,82314,0,0,76,34
2021-02-25T23:59:59+01:00,11,17,8310,8226,16349,25037,16591,35721,19714,50945,23623,41293,12689,12529,22838,32838,22324,49658,5,5,3739,3791,9156,14434,9946,21940,12008,32694,15116,26856,8604,9040,12593,20173,10953,31161,316182,239197,16533,3102,66109,0,0,73,32
2021-02-24T23:59:59+01:00,10,16,7945,7701,15696,24005,15966,34487,19000,49435,22834,40094,12296,12193,21533,31345,20646,47030,4,5,3667,3723,9015,14145,9768,21485,11804,32065,14854,26321,8462,8902,12451,20000,10888,30949,307956,236423,15566,2169,58818,0,0,73,31
2021-02-23T23:59:59+01:00,10,16,7461,7222,14881,22829,15280,33268,18280,48027,22117,39024,11985,11870,20194,29772,19033,44476,4,5,3626,3647,8895,13942,9627,21087,11616,31485,14555,25819,8293,8758,12323,19789,10816,30711,299841,233578,14767,1504,51241,0,0,72,30
2021-02-22T23:59:59+01:00,9,14,7354,7016,14499,22213,14929,32543,17813,47019,21621,38291,11783,11620,19445,28763,17716,42522,4,5,3596,3545,8758,13651,9465,20585,11361,30740,14186,25220,8045,8564,12124,19536,10710,30403,293964,230263,14160,317,47146,0,0,70,30
2021-02-21T23:59:59+01:00,9,14,7264,6890,14176,21767,14510,31961,17397,46368,21183,37797,11677,11518,19283,28549,17468,42188,4,5,3557,3505,8674,13527,9386,20369,11289,30448,14065,24951,7986,8502,12067,19427,10639,30239,292817,228419,13790,301,43510,0,0,68,30
2021-02-20T23:59:59+01:00,9,14,7147,6840,14050,21687,14393,31825,17278,46217,21023,37613,11578,11434,18500,27631,16410,40719,4,5,3554,3499,8664,13519,9376,20348,11275,30423,14051,24940,7981,8493,12003,19363,10585,30170,288555,228035,13593,300,42316,0,0,67,28
2021-02-19T23:59:59+01:00,7,13,6845,6588,13696,21249,14022,31156,16805,45421,20317,36743,10975,11032,17453,26302,15254,39113,4,5,3474,3475,8589,13491,9332,20290,11237,30330,13992,24846,7939,8433,11783,19091,10393,29841,282176,226330,13216,298,37692,0,0,65,27
2021-02-18T23:59:59+01:00,7,13,6448,6115,13069,20105,13381,29785,15990,43553,19445,35166,10747,10831,16867,25560,14677,38230,4,5,3289,3338,8255,12952,9037,19540,10886,29287,13622,24017,7734,8125,11196,18139,9896,28686,278587,217793,12682,298,28810,0,0,64,26
2021-02-17T23:59:59+01:00,7,12,6282,5772,12624,19227,12891,28596,15287,41832,18798,33842,10517,10579,16111,24745,13900,37045,3,5,3039,3178,7915,12435,8737,18749,10519,28240,13235,23165,7500,7888,10640,17287,9460,27871,273924,209651,11952,294,22279,0,0,60,26
2021-02-16T23:59:59+01:00,7,12,5956,5470,12088,18395,12390,27526,14743,40456,18204,32808,10362,10476,15443,23917,13391,36261,3,5,2857,3058,7612,11982,8431,18025,10121,27149,12774,22265,7229,7595,9926,16114,8732,26319,270399,200137,11455,138,16140,0,0,57,26
2021-02-15T23:59:59+01:00,7,12,5851,5288,11791,17749,12123,26743,14396,39462,17858,32039,10234,10365,14885,23265,13031,35724,3,5,2768,2978,7419,11660,8213,17518,9818,26302,12423,21583,6960,7309,9229,15056,8221,25039,267302,192490,10853,92,12760,0,0,54,25
2021-02-14T23:59:59+01:00,7,12,5582,5173,11542,17479,11900,26310,14164,39015,17667,31761,10188,10314,14651,22925,12867,35331,3,5,2717,2940,7305,11493,8085,17311,9641,25970,12244,21280,6863,7184,9005,14673,8034,24503,266300,189245,9918,90,10762,0,0,53,23
2021-02-13T23:59:59+01:00,7,12,5522,5135,11492,17442,11869,26278,14136,38983,17647,31742,10174,10286,14624,22892,12853,35313,3,5,2713,2937,7300,11486,8073,17289,9624,25935,12217,21236,6832,7149,8849,14461,7681,23872,266055,187734,9914,8,10531,0,0,52,21
2021-02-12T23:59:59+01:00,7,11,5005,4818,10924,17080,11552,25728,13818,38343,17316,31102,10064,10179,14443,22680,12772,35204,3,5,2662,2904,7204,11328,7973,17058,9477,25543,12003,20789,6649,6914,8486,13900,7088,22530,264369,182591,9903,6,6866,0,0,51,20
2021-02-11T23:59:59+01:00,7,11,4543,4517,10339,16399,11139,24920,13340,37082,16827,30243,9749,9916,14161,22232,12491,34517,3,5,2493,2630,6605,10135,7283,15322,8613,22923,10946,18705,5995,6202,7439,12284,6271,20214,261135,164143,8260,3,3130,0,0,49,14
2021-02-10T23:59:59+01:00,7,11,4295,4349,10005,15951,10830,24382,13029,36199,16412,29494,9531,9779,13979,22027,12399,34310,3,5,2130,2338,5667,8669,6475,13279,7628,20012,9817,16662,5451,5615,6451,10621,5496,18162,258481,144557,7760,2,839,0,0,46,2
2021-02-09T23:59:59+01:00,7,10,4231,4251,9880,15684,10721,23980,12855,35581,16200,29022,9352,9638,13783,21814,12256,34086,3,5,1734,1984,4884,7400,5700,11484,6710,17494,8733,14665,4878,4987,5401,9063,4761,16046,256027,125999,6981,1,434,0,0,45,2
2021-02-08T23:59:59+01:00,7,10,4196,4197,9786,15474,10612,23619,12735,35123,16055,28663,9258,9571,13580,21531,12149,33889,3,5,1569,1788,4323,6405,5035,9910,5893,14965,7717,12807,4325,4457,4427,7470,3998,13958,253650,109116,6466,1,428,0,0,43,2
2021-02-07T23:59:59+01:00,7,10,4031,4130,9629,15339,10510,23454,12655,34861,15942,28470,9217,9525,13436,21350,12075,33745,3,5,1354,1542,3904,5731,4620,9031,5466,13805,7230,11845,4071,4198,4195,7074,3837,13358,252556,101328,5921,1,0,0,0,39,1
2021-02-06T23:59:59+01:00,7,10,4022,4121,9618,15323,10497,23419,12633,34811,15924,28414,9198,9512,13418,21315,11969,33549,3,5,1202,1347,3672,5426,4435,8606,5249,13222,6950,11288,3937,4066,4069,6925,3559,12902,252214,96920,5637,1,0,0,0,39,0
2021-02-05T23:59:59+01:00,7,9,3949,4052,9546,15180,10431,23169,12548,34443,15810,28131,9114,9439,13346,21243,11620,32954,3,4,1061,1117,3391,4980,4176,8022,4934,12444,6568,10560,3682,3822,3910,6693,3050,12011,250335,90482,4745,0,0,0,0,39,0
2021-02-04T23:59:59+01:00,7,9,3891,3927,9425,14864,10254,22620,12360,33647,15595,27569,8993,9329,13122,20948,11506,32747,3,2,798,784,2566,3729,3242,6279,3983,9898,5246,8343,3008,3108,3294,5708,2661,10519,246382,73213,4520,0,0,0,0,38,0
2021-02-03T23:59:59+01:00,7,9,3822,3855,9323,14642,10150,22282,12227,33136,15447,27152,8883,9214,12982,20773,11429,32581,3,2,663,616,1936,2813,2507,4850,3012,7604,4018,6291,2194,2236,2400,4220,1930,7873,243654,55199,4350,0,0,0,0,37,0
2021-02-02T23:59:59+01:00,7,9,3755,3759,9224,14447,10051,21904,12086,32572,15245,26701,8757,9098,12859,20565,11347,32315,2,2,526,486,1467,2080,1915,3648,2267,5785,3000,4706,1555,1538,1639,2780,1344,5233,240443,39994,4348,0,0,0,0,35,0
2021-02-01T23:59:59+01:00,6,9,3715,3668,9146,14216,9944,21519,11949,31936,15061,26198,8638,8951,12750,20421,11298,32137,1,0,391,352,1023,1435,1263,2432,1477,3791,1868,2980,987,980,971,1695,771,3026,237304,25455,4348,0,0,0,0,33,0
2021-01-31T23:59:59+01:00,6,9,3696,3632,9092,14107,9874,21314,11881,31639,14958,26002,8582,8892,12698,20309,11253,32008,1,0,361,331,899,1245,1073,2059,1275,3237,1634,2610,889,889,869,1511,700,2719,235809,22312,4232,0,0,0,0,32,0
2021-01-30T23:59:59+01:00,6,9,3695,3629,9082,14094,9861,21291,11868,31619,14946,25988,8578,8887,12629,20240,11187,31930,1,0,345,307,838,1161,1016,1935,1211,3047,1559,2472,861,863,850,1471,685,2666,235489,21297,4139,0,0,0,0,32,0
2021-01-29T23:59:59+01:00,6,9,3635,3614,9022,14065,9832,21239,11835,31543,14897,25921,8554,8864,12443,20017,11006,31687,1,0,278,224,717,987,872,1574,1056,2658,1348,2149,771,772,802,1417,667,2613,234268,18913,4010,0,0,0,0,31,0
2021-01-28T23:59:59+01:00,6,8,3517,3527,8818,13678,9613,20726,11603,30961,14571,25425,8417,8762,12011,19400,10650,31109,1,0,131,57,299,363,380,615,464,1155,615,963,405,425,469,816,382,1582,229485,9125,3408,0,0,0,0,29,0
2021-01-27T23:59:59+01:00,6,8,3285,3391,8526,13260,9313,20102,11219,30127,14184,24687,8200,8549,11460,18596,10227,30345,1,0,80,33,206,225,247,418,308,806,436,661,308,309,347,607,287,1160,222773,6441,2797,0,0,0,0,29,0
2021-01-26T23:59:59+01:00,5,8,3121,3293,8244,12921,9050,19533,10915,29371,13788,24053,7962,8329,10884,17681,9581,29195,1,0,75,29,191,215,231,384,292,753,405,601,293,283,320,543,260,1030,216063,5908,1955,0,0,0,0,29,0
2021-01-25T23:59:59+01:00,5,8,3032,3199,7961,12440,8760,18829,10529,28370,13309,23288,7681,8128,10269,16863,9125,28294,1,0,67,21,170,193,197,325,253,632,354,497,256,238,266,465,211,843,209763,4991,412,0,0,0,0,26,0
2021-01-24T23:59:59+01:00,5,8,2988,3178,7876,12360,8687,18703,10420,28210,13179,23105,7638,8091,10202,16750,9077,28198,1,0,66,20,166,189,195,312,250,610,345,483,247,234,264,458,207,828,208452,4877,308,0,0,0,0,25,0
2021-01-23T23:59:59+01:00,5,8,2987,3177,7875,12357,8682,18693,10418,28196,13173,23100,7631,8088,10078,16584,8748,27612,1,0,65,20,166,188,195,311,248,609,343,483,247,234,264,458,207,826,207194,4867,305,0,0,0,0,23,0
2021-01-22T23:59:59+01:00,5,8,2924,3131,7751,12243,8599,18551,10308,28023,13091,22987,7600,8053,9879,16281,8230,26589,1,0,65,20,165,188,195,311,248,609,342,483,247,234,264,458,207,826,204040,4865,304,0,0,0,0,19,0
2021-01-21T23:59:59+01:00,5,8,2841,2961,7252,11330,8116,17405,9771,26397,12485,21774,7316,7727,9246,15341,7715,25542,1,0,59,18,148,174,178,279,222,534,305,443,222,208,233,380,176,693,193016,4275,304,0,0,0,0,16,0
2021-01-20T23:59:59+01:00,5,8,2480,2615,6369,9919,7367,15450,8820,23568,11377,19703,6714,7079,8152,13574,6903,23319,1,0,57,18,147,169,175,277,213,520,292,421,210,201,227,355,162,655,173199,4102,300,0,0,0,0,15,0
2021-01-19T23:59:59+01:00,5,8,2042,2260,5468,8531,6504,13560,7800,20786,10109,17468,5963,6197,6775,11396,5882,20285,0,0,41,12,98,124,119,170,150,357,192,293,133,114,141,238,114,489,150886,2786,218,0,0,0,0,15,0
2021-01-18T23:59:59+01:00,4,8,1770,1972,4710,7147,5550,11329,6603,17190,8686,14752,5081,5319,5396,9149,4815,16817,0,0,22,7,39,46,54,78,66,163,76,147,59,53,66,131,62,221,126264,1291,94,0,0,0,0,15,0
2021-01-17T23:59:59+01:00,3,8,1496,1684,4197,6354,5042,10198,6065,15627,8045,13492,4744,4974,5021,8475,4488,15817,0,0,8,2,9,15,16,28,20,50,29,57,24,23,20,31,13,47,115694,392,89,0,0,0,0,14,0
2021-01-16T23:59:59+01:00,3,7,1331,1481,3980,6033,4862,9761,5806,14963,7716,12796,4554,4746,4807,8199,4137,15213,0,0,0,0,0,1,1,2,1,1,1,2,0,1,1,0,0,1,110437,12,9,0,0,0,0,13,0
2021-01-15T23:59:59+01:00,3,7,1181,1255,3725,5611,4607,9193,5516,14124,7310,11996,4263,4450,4618,7891,3600,14168,0,0,0,0,0,0,0,0,0,0,0,0,0,0,0,0,0,0,103561,0,4,0,0,0,0,13,0
2021-01-14T23:59:59+01:00,3,4,907,944,2980,4425,3741,7377,4572,11382,5916,9652,3465,3580,3878,6660,3119,12368,0,0,0,0,0,0,0,0,0,0,0,0,0,0,0,0,0,0,85008,0,0,0,0,0,0,13,0
2021-01-13T23:59:59+01:00,3,3,772,791,2506,3692,3157,6152,3801,9438,4822,7776,2596,2665,2921,5075,2388,9452,0,0,0,0,0,0,0,0,0,0,0,0,0,0,0,0,0,0,68039,0,0,0,0,0,0,12,0
2021-01-12T23:59:59+01:00,2,3,639,659,2097,3028,2601,5002,3045,7597,3801,6109,1864,1844,1998,3438,1691,6451,0,0,0,0,0,0,0,0,0,0,0,0,0,0,0,0,0,0,51904,0,0,0,0,0,0,0,0
2021-01-11T23:59:59+01:00,1,1,495,524,1747,2451,2086,4000,2359,5774,2826,4432,1201,1139,1199,2027,934,3669,0,0,0,0,0,0,0,0,0,0,0,0,0,0,0,0,0,0,36890,0,0,0,0,0,0,0,0
2021-01-10T23:59:59+01:00,1,1,438,455,1485,2025,1746,3276,1949,4789,2348,3713,1060,1013,1056,1779,833,3216,0,0,0,0,0,0,0,0,0,0,0,0,0,0,0,0,0,0,31199,0,0,0,0,0,0,0,0
2021-01-09T23:59:59+01:00,1,1,407,410,1360,1848,1600,2985,1796,4341,2163,3382,988,944,1001,1726,815,3173,0,0,0,0,0,0,0,0,0,0,0,0,0,0,0,0,0,0,28955,0,0,0,0,0,0,0,0
2021-01-08T23:59:59+01:00,1,1,310,281,1110,1502,1321,2313,1476,3560,1793,2765,853,836,913,1602,767,3017,0,0,0,0,0,0,0,0,0,0,0,0,0,0,0,0,0,0,24432,0,0,0,0,0,0,0,0
2021-01-07T23:59:59+01:00,1,0,145,76,401,506,484,796,594,1373,783,1202,467,481,561,964,464,1897,0,0,0,0,0,0,0,0,0,0,0,0,0,0,0,0,0,0,11198,0,0,0,0,0,0,0,0
2021-01-06T23:59:59+01:00,1,0,111,44,272,287,311,519,399,932,535,825,360,361,425,749,359,1446,0,0,0,0,0,0,0,0,0,0,0,0,0,0,0,0,0,0,7939,0,0,0,0,0,0,0,0
2021-01-05T23:59:59+01:00,1,0,87,31,193,232,245,431,320,822,451,703,344,347,408,717,352,1392,0,0,0,0,0,0,0,0,0,0,0,0,0,0,0,0,0,0,7079,0,0,0,0,0,0,0,0
2021-01-04T23:59:59+01:00,1,0,69,25,176,194,203,337,257,639,357,513,269,254,289,519,235,935,0,0,0,0,0,0,0,0,0,0,0,0,0,0,0,0,0,0,5274,0,0,0,0,0,0,0,0
2021-01-03T23:59:59+01:00,1,0,67,21,169,189,198,322,255,622,348,496,261,252,285,506,233,918,0,0,0,0,0,0,0,0,0,0,0,0,0,0,0,0,0,0,5145,0,0,0,0,0,0,0,0
2021-01-02T23:59:59+01:00,1,0,67,21,169,189,198,322,252,622,345,496,261,252,285,506,233,917,0,0,0,0,0,0,0,0,0,0,0,0,0,0,0,0,0,0,5138,0,0,0,0,0,0,0,0
2021-01-01T23:59:59+01:00,1,0,66,21,168,189,198,320,251,622,342,494,261,252,285,504,233,917,0,0,0,0,0,0,0,0,0,0,0,0,0,0,0,0,0,0,5126,0,0,0,0,0,0,0,0
2020-12-31T23:59:59+01:00,1,0,66,21,167,187,198,319,250,621,341,493,261,252,285,504,233,917,0,0,0,0,0,0,0,0,0,0,0,0,0,0,0,0,0,0,5118,0,0,0,0,0,0,0,0
2020-12-30T23:59:59+01:00,1,0,65,21,167,186,196,316,249,619,340,491,261,252,285,504,232,917,0,0,0,0,0,0,0,0,0,0,0,0,0,0,0,0,0,0,5104,0,0,0,0,0,0,0,0
2020-12-29T23:59:59+01:00,1,0,46,13,119,140,147,212,182,445,239,377,179,164,197,375,171,715,0,0,0,0,0,0,0,0,0,0,0,0,0,0,0,0,0,0,3723,0,0,0,0,0,0,0,0
2020-12-28T23:59:59+01:00,1,0,25,9,66,77,82,122,101,253,118,234,98,93,104,200,102,388,0,0,0,0,0,0,0,0,0,0,0,0,0,0,0,0,0,0,2074,0,0,0,0,0,0,0,0
2020-12-27T23:59:59+01:00,0,0,12,3,18,26,37,47,36,89,37,96,33,29,41,73,31,145,0,0,0,0,0,0,0,0,0,0,0,0,0,0,0,0,0,0,753,0,0,0,0,0,0,0,0
