Datum,<15_m,<15_w,15-24_1_m,15-24_1_w,25-34_1_m,25-34_1_w,35-44_1_m,35-44_1_w,45-54_1_m,45-54_1_w,55-64_1_m,55-64_1_w,65-74_1_m,65-74_1_w,75-84_1_m,75-84_1_w,>84_1_m,>84_1_w,<24_2_m,<24_2_w,25-34_2_m,25-34_2_w,35-44_2_m,35-44_2_w,45-54_2_m,45-54_2_w,55-64_2_m,55-64_2_w,65-74_2_m,65-74_2_w,75-84_2_m,75-84_2_w,>84_2_m,>84_2_w,bp_1,bp_2,mo_1,mo_2,az_1,az_2,ja,unb_1,unb_2
2021-10-01T23:59:59+02:00,42726,40167,292150,280831,396575,366141,409578,402503,471646,480298,521338,521638,353831,394856,247060,316802,72758,133468,263307,252606,370995,337972,387123,376011,449060,454349,500745,500582,342997,382444,239807,306745,69844,127420,4100500,3848998,525776,503274,808126,763948,311071,529,469
2021-09-30T23:59:59+02:00,42340,39788,291065,279782,395611,365216,408812,401741,471014,479652,520849,521250,353678,394654,246977,316684,72735,133419,262167,251509,370190,337115,386456,375230,448497,453732,500308,500208,342844,382246,239736,306599,69818,127381,4093122,3842439,525451,502283,808105,763872,309694,528,468
2021-09-29T23:59:59+02:00,42014,39490,290345,279064,394904,364521,408280,401166,470522,479174,520496,520941,353499,394452,246891,316539,72703,133348,261441,250765,369568,336476,386005,374665,448086,453292,499963,499870,342676,382065,239648,306440,69795,127329,4087364,3837113,525298,502138,808099,763807,308692,528,468
2021-09-28T23:59:59+02:00,41689,39186,289484,278239,394123,363820,407683,400609,470005,478676,520116,520584,353288,394229,246789,316370,72654,133226,260590,249985,368873,335846,385502,374147,447651,452843,499612,499527,342496,381862,239554,306295,69770,127273,4081096,3831657,525175,501992,808090,763755,307511,528,468
2021-09-27T23:59:59+02:00,41277,38804,288636,277419,393364,363125,407145,400037,469541,478164,519724,520259,353134,394033,246705,316245,72624,133132,259606,249081,368059,335059,384861,373494,447126,452317,499220,499176,342315,381634,239468,306163,69746,127211,4075494,3825593,525027,501850,808083,763648,305861,528,467
2021-09-26T23:59:59+02:00,40906,38499,288074,276895,392875,362694,406805,399691,469252,477874,519515,520071,353024,393932,246661,316169,72602,133083,259111,248627,367628,334668,384527,373132,446838,452025,499017,498995,342226,381544,239411,306089,69730,127174,4071822,3822680,524887,501703,808059,763534,304951,528,467
2021-09-25T23:59:59+02:00,40852,38439,287906,276728,392723,362575,406690,399605,469163,477792,519454,520029,353013,393911,246652,316160,72600,133080,258954,248478,367485,334547,384413,373038,446772,451930,498956,498963,342206,381522,239401,306076,69730,127172,4071067,3821994,524814,501644,808057,763503,304531,528,467
2021-09-24T23:59:59+02:00,40655,38229,287277,276084,392080,362010,406167,399125,468716,477387,519155,519787,352909,393826,246611,316107,72594,133056,258300,247801,366882,334015,383970,372598,446361,451574,498636,498718,342091,381417,239357,306022,69718,127148,4067327,3818321,524668,501544,808047,763433,302827,528,466
2021-09-23T23:59:59+02:00,40031,37565,285598,274445,390634,360679,404998,397939,467683,476431,518422,519108,352613,393550,246474,315887,72550,132943,257020,246729,365754,333049,383057,371783,445571,450858,498054,498216,341863,381183,239246,305869,69690,127068,4057556,3812335,524262,501272,808036,763333,298783,527,466
2021-09-22T23:59:59+02:00,39698,37252,284601,273474,389784,359834,404245,397171,467017,475826,517890,518664,352386,393282,246362,315686,72501,132859,256246,245983,365013,332368,382425,371189,445056,450335,497592,497872,341661,380976,239143,305731,69657,127005,4050714,3807252,524047,501104,808013,763218,296843,527,466
2021-09-21T23:59:59+02:00,39287,36770,283528,272402,388831,358932,403492,396424,466400,475243,517442,518236,352159,393018,246259,315505,72446,132746,255397,245137,364258,331657,381793,370591,444562,449851,497180,497473,341465,380771,239033,305568,69623,126920,4043173,3801668,523893,500909,808003,763139,295134,527,466
2021-09-20T23:59:59+02:00,38936,36496,282395,271339,387795,358008,402671,395623,465704,474635,516951,517780,351912,392793,246146,315319,72400,132642,254279,244157,363275,330822,381010,369831,443839,449277,496721,497032,341242,380556,238928,305380,69587,126844,4036172,3795222,523754,500735,807989,762935,292710,527,465
2021-09-19T23:59:59+02:00,38777,36364,281808,270939,387225,357521,402271,395228,465362,474323,516687,517551,351824,392669,246107,315239,72387,132604,253769,243729,362780,330403,380590,369497,443475,448937,496440,496814,341136,380428,238869,305294,69576,126813,4032860,3792426,523622,500557,807967,762639,291516,527,465
2021-09-18T23:59:59+02:00,38725,36293,281650,270782,387029,357359,402093,395088,465253,474209,516621,517492,351808,392656,246099,315230,72385,132600,253456,243384,362531,330151,380353,369308,443314,448805,496348,496726,341106,380402,238850,305274,69573,126804,4031920,3790557,523509,500476,807964,762626,291056,527,465
2021-09-17T23:59:59+02:00,38395,35929,280754,269955,386238,356601,401365,394430,464641,473683,516241,517130,351658,392511,246036,315161,72361,132569,252715,242710,361848,329557,379765,368817,442854,448400,496012,496438,340986,380267,238800,305195,69560,126783,4026581,3786817,523178,500078,807954,762595,289018,526,465
2021-09-16T23:59:59+02:00,37830,35345,279184,268415,384896,355155,400177,393122,463633,472708,515473,516439,351342,392185,245910,314975,72315,132477,251575,241706,360897,328635,378949,367966,442189,447715,495500,495998,340759,380045,238701,305067,69530,126720,4015796,3780263,522447,499681,807901,762449,286508,526,465
2021-09-15T23:59:59+02:00,37455,35037,278071,267329,384002,354179,399330,392270,462959,472028,514942,515923,351117,391899,245735,314796,72277,132360,250724,240899,360119,327844,378268,367294,441629,447198,494996,495559,340548,379809,238564,304918,69505,126647,4008300,3774630,522163,499451,807888,762376,284426,526,465
2021-09-14T23:59:59+02:00,37144,34734,277107,266382,383068,353326,398602,391507,462357,471379,514422,515474,350879,391661,245604,314622,72231,132286,249945,240107,359392,327178,377662,366696,441087,446687,494577,495180,340354,379596,238455,304771,69482,126592,4001536,3769535,521836,499228,807859,762228,282621,525,465
2021-09-13T23:59:59+02:00,36762,34342,275877,265126,382124,352293,397830,390629,461659,470665,513904,514976,350656,391411,245482,314471,72193,132214,248824,239058,358576,326397,377064,366044,440528,446162,494119,494802,340160,379372,238355,304623,69451,126539,3993386,3762628,521124,498942,807826,762131,281344,524,465
2021-09-12T23:59:59+02:00,36623,34213,275315,264691,381658,351852,397448,390208,461337,470364,513693,514761,350552,391303,245435,314395,72182,132180,248300,238651,358076,325954,376699,365696,440228,445873,493870,494581,340037,379242,238296,304535,69435,126495,3990243,3759623,520961,498753,807790,762007,280280,524,464
2021-09-11T23:59:59+02:00,36546,34165,275124,264484,381434,351664,397290,390053,461205,470241,513623,514702,350522,391273,245426,314379,72180,132177,248020,238469,357854,325796,376550,365556,440081,445757,493805,494527,340014,379215,238288,304522,69435,126491,3989214,3758540,520873,498623,807783,761986,279681,524,464
2021-09-10T23:59:59+02:00,36224,33841,274058,263499,380491,350774,396420,389253,460411,469571,513070,514255,350321,391075,245338,314267,72162,132148,247117,237769,357031,325062,375767,364932,439391,445238,493317,494149,339853,379059,238207,304419,69413,126460,3983984,3755108,520734,498410,807773,761963,275746,524,464
2021-09-09T23:59:59+02:00,35802,33411,272785,262380,379462,349626,395503,388238,459626,468715,512493,513750,350085,390796,245209,314111,72126,132088,246058,236812,356121,324199,374961,364126,438703,444634,492730,493705,339638,378831,238085,304277,69382,126405,3976035,3749042,520431,498012,807733,761816,273068,517,463
2021-09-08T23:59:59+02:00,35402,33015,271834,261403,378679,348787,394815,387461,459009,468120,512055,513289,349879,390552,245103,313938,72097,132030,245135,235960,355318,323470,374282,363406,438107,444074,492282,493247,339439,378584,237964,304110,69348,126313,3969639,3743357,520210,497696,807682,761683,270993,517,463
2021-09-07T23:59:59+02:00,35033,32685,270815,260484,377855,348010,394172,386794,458483,467601,511610,512894,349688,390340,245004,313771,72064,131959,244260,235179,354516,322791,373638,362850,437604,443569,491837,492858,339231,378372,237875,303972,69321,126261,3963588,3738386,519970,497357,807669,761506,269088,517,463
2021-09-06T23:59:59+02:00,34635,32277,269703,259389,376923,347067,393497,386024,457892,466975,511174,512463,349470,390096,244917,313651,72035,131890,243494,234426,353783,322138,373024,362265,437146,443068,491425,492476,339021,378166,237791,303838,69292,126205,3956433,3733576,519833,497116,807620,761381,267243,517,463
2021-09-05T23:59:59+02:00,34484,32131,269304,258980,376622,346730,393209,385715,457657,466735,510999,512284,349397,390002,244875,313589,72019,131862,243065,234035,353390,321758,372675,361956,436888,442821,491227,492270,338919,378047,237747,303774,69275,126172,3953872,3730954,519734,496841,807592,761247,266447,517,463
2021-09-04T23:59:59+02:00,34427,32094,269145,258854,376505,346604,393085,385613,457583,466653,510948,512238,349385,389984,244869,313577,72019,131861,242900,233893,353231,321595,372530,361839,436797,442720,491162,492222,338897,378027,237739,303762,69275,126171,3953191,3730175,519678,496706,807587,761224,266038,517,463
2021-09-03T23:59:59+02:00,34109,31781,268257,258050,375769,345948,392502,385030,457012,466174,510487,511901,349216,389806,244803,313471,71996,131829,241887,233038,352440,320880,371858,361190,436148,442132,490672,491806,338700,377830,237652,303653,69255,126144,3948862,3725896,518982,495170,807557,761151,263789,517,463
2021-09-02T23:59:59+02:00,33753,31450,267213,257176,374913,345120,391777,384289,456330,465548,509957,511477,348952,389557,244681,313295,71970,131751,240871,232242,351556,320107,371125,360486,435434,441506,490110,491346,338452,377567,237544,303500,69228,126068,3942972,3720724,518700,494690,807521,760830,261060,517,463
2021-09-01T23:59:59+02:00,33428,31085,266366,256339,374159,344451,391238,383742,455861,465064,509576,511135,348774,389364,244593,313178,71946,131691,239787,231190,350700,319261,370444,359793,434822,440902,489590,490863,338221,377301,237412,303343,69200,126014,3937519,3713952,518519,494153,807489,760613,259505,517,459
2021-08-31T23:59:59+02:00,33030,30744,265503,255438,373429,343740,390670,383161,455355,464582,509129,510769,348584,389173,244497,313030,71915,131648,238837,230307,349897,318518,369784,359160,434268,440395,489069,490465,338016,377089,237321,303193,69166,125958,3932021,3708656,518329,493766,807463,760198,257624,516,459
2021-08-30T23:59:59+02:00,32483,30258,264201,254256,372435,342832,389855,382350,454601,463873,508566,510274,348356,388958,244404,312876,71879,131579,237681,229327,348900,317625,368999,358419,433572,439817,488510,489955,337759,376847,237195,303011,69125,125881,3924554,3702631,518213,493325,807418,759946,254886,516,459
2021-08-29T23:59:59+02:00,32295,30069,263636,253750,371962,342419,389476,382014,454306,463583,508337,510053,348259,388849,244355,312811,71869,131555,236965,228694,348295,317084,368504,357950,433147,439441,488201,489695,337615,376693,237135,302936,69107,125856,3921481,3698764,518095,492927,807390,759688,253664,516,459
2021-08-28T23:59:59+02:00,32206,29976,263411,253572,371790,342264,389319,381892,454181,463464,508263,510002,348235,388826,244344,312800,71868,131552,236647,228437,348046,316889,368282,357786,432965,439276,488073,489602,337573,376651,237115,302911,69105,125852,3920453,3697188,518055,492811,807384,759662,253105,516,459
2021-08-27T23:59:59+02:00,31976,29727,262763,253007,371276,341749,388848,381442,453729,463068,507892,509719,348105,388693,244286,312713,71849,131530,236044,227939,347437,316388,367806,357360,432516,438924,487769,489354,337440,376533,237061,302846,69094,125845,3916654,3693981,517987,492597,807328,759601,251433,516,459
2021-08-26T23:59:59+02:00,31596,29343,261754,252030,370428,340935,388097,380701,453045,462390,507343,509236,347872,388433,244165,312595,71821,131470,234571,226581,346211,315203,366692,356367,431647,438124,487102,488779,337158,376213,236898,302678,69064,125799,3910477,3685663,517743,491952,807287,759243,248769,516,458
2021-08-25T23:59:59+02:00,31235,29011,260831,251173,369683,340161,387441,380007,452409,461800,506788,508780,347635,388176,244039,312433,71786,131403,232527,224720,344734,313801,365510,355171,430649,437159,486298,488053,336773,375821,236742,302441,69019,125710,3904776,3673691,517614,491545,807259,759092,246164,514,454
2021-08-24T23:59:59+02:00,30918,28745,260099,250394,369076,339529,386902,379433,451927,461288,506376,508406,347425,387950,243922,312268,71760,131330,231316,223660,343772,312881,364727,354421,429976,436507,485737,487502,336494,375509,236607,302280,68994,125645,3899837,3666509,517328,491099,807238,758788,244365,514,450
2021-08-23T23:59:59+02:00,30397,28219,258712,249078,368050,338616,386070,378643,451146,460606,505727,507839,347143,387670,243783,312081,71733,131271,229837,222346,342461,311817,363776,353570,429114,435752,485033,486933,336188,375177,236470,302091,68968,125585,3892415,3659117,517183,490619,807204,758506,240998,514,449
2021-08-22T23:59:59+02:00,30255,28105,258307,248710,367698,338287,385796,378377,450910,460362,505541,507689,347046,387574,243742,312022,71716,131245,229118,221668,341778,311161,363240,353066,428674,435347,484714,486667,336025,374995,236402,301984,68944,125537,3890203,3654720,517035,490158,807165,758206,239993,514,447
2021-08-21T23:59:59+02:00,30004,27900,257808,248249,367381,337966,385540,378120,450705,460184,505393,507550,346991,387518,243720,311984,71713,131236,228376,221017,341293,310763,362838,352655,428309,435041,484485,486471,335941,374927,236375,301941,68938,125525,3887656,3651751,516891,488952,807157,758150,239271,514,447
2021-08-20T23:59:59+02:00,29811,27702,257149,247590,366641,337344,384864,377592,450112,459688,504919,507230,346848,387360,243665,311887,71697,131201,226571,219403,339885,309572,361721,351700,427352,434243,483767,485922,335697,374677,236273,301821,68913,125495,3884194,3643507,516566,487797,807144,757784,236407,514,447
2021-08-19T23:59:59+02:00,29479,27389,256167,246746,365643,336557,384076,376902,449397,459052,504360,506747,346607,387099,243557,311740,71663,131128,223812,216970,337579,307738,360021,350228,425950,432975,482611,484965,335277,374251,236081,301574,68879,125425,3878689,3629160,516200,486031,807104,757313,233321,514,446
2021-08-18T23:59:59+02:00,29193,27129,255371,246040,364943,335943,383501,376335,448799,458555,503888,506337,346334,386858,243438,311591,71631,131062,221339,214450,335525,305978,358379,348576,424427,431647,481464,483925,334753,373694,235847,301274,68827,125330,3873592,3615891,516023,482085,807074,756934,231263,513,446
2021-08-17T23:59:59+02:00,28874,26853,254583,245323,364324,335261,382940,375783,448311,458071,503458,505916,346131,386647,243321,311461,71604,131010,218589,211700,333453,304151,356691,347114,422993,430372,480340,482934,334259,373153,235611,300980,68773,125253,3868552,3600831,515722,479310,807048,756504,229551,513,445
2021-08-16T23:59:59+02:00,28586,26590,253886,244675,363751,334704,382477,375321,447872,457629,503036,505551,345945,386439,243222,311296,71573,130970,215419,208629,331161,302040,355172,345669,421787,429239,479388,482093,333867,372706,235423,300705,68733,125165,3864134,3583454,515566,478583,807022,756155,227802,513,443
2021-08-15T23:59:59+02:00,28390,26427,253393,244234,363325,334315,382117,374984,447576,457370,502794,505358,345830,386321,243173,311216,71562,130949,211411,204573,329267,300423,353911,344450,420765,428304,478606,481434,333534,372370,235300,300528,68709,125115,3861296,3565850,515423,477672,806983,755831,226633,513,442
2021-08-14T23:59:59+02:00,28324,26370,253147,244037,363093,334139,381944,374835,447419,457241,502676,505251,345781,386289,243155,311193,71559,130944,210340,203469,328446,299661,353195,343772,420270,427845,478217,481112,333394,372241,235262,300471,68700,125098,3860129,3559158,515352,477303,806979,755755,225938,513,442
2021-08-13T23:59:59+02:00,28068,26128,252442,243448,362592,333712,381508,374402,446984,456879,502338,504994,345652,386138,243090,311118,71547,130915,208452,201685,327021,298346,351929,342582,419219,426908,477467,480472,333150,371950,235149,300329,68682,125044,3856314,3547222,515281,476702,806969,755564,224395,509,442
2021-08-12T23:59:59+02:00,27869,25901,251719,242813,361972,333126,380978,373917,446449,456433,501917,504638,345469,385939,242988,311013,71533,130867,205857,199416,324140,295811,349917,340784,417709,425656,476231,479403,332695,371412,234899,300052,68642,124960,3852360,3529811,515094,475496,806932,754538,222155,509,440
2021-08-11T23:59:59+02:00,27635,25655,250986,242125,361348,332547,380453,373440,445987,456008,501509,504208,345243,385698,242872,310878,71505,130812,202816,196435,320959,292870,347743,338715,416208,424249,474946,478112,332152,370769,234650,299644,68591,124831,3847525,3507953,514875,474423,806892,753600,220620,506,439
2021-08-10T23:59:59+02:00,27389,25397,250154,241390,360634,331999,379913,372892,445487,455533,501054,503810,345047,385501,242786,310739,71482,130768,198615,192305,316290,288659,344756,335937,414091,422303,473348,476653,331465,370097,234351,299234,68534,124712,3842429,3477813,514592,473311,806857,752451,219098,506,439
2021-08-09T23:59:59+02:00,27193,25196,249528,240819,360054,331515,379469,372511,445075,455188,500708,503527,344887,385352,242720,310628,71462,130732,194071,187705,310577,283908,341996,333441,412174,420530,471728,475185,330817,369407,234071,298863,68475,124576,3838721,3447423,514414,470529,806826,751354,217603,506,435
2021-08-08T23:59:59+02:00,27023,25038,249047,240409,359660,331163,379121,372224,444772,454932,500467,503334,344781,385244,242657,310548,71445,130699,192723,186337,308950,282571,340684,332277,411299,419773,471163,474669,330556,369139,233942,298693,68450,124526,3836158,3438302,514259,469169,806774,750876,216370,506,435
2021-08-07T23:59:59+02:00,26873,24862,248517,239960,359262,330824,378785,371940,444479,454696,500241,503160,344709,385150,242623,310499,71437,130688,189046,182746,306906,280719,338966,330753,409965,418506,470237,473873,330200,368766,233811,298504,68416,124489,3833299,3418675,514152,467833,806764,750662,215487,506,432
2021-08-06T23:59:59+02:00,26647,24628,247646,239297,358475,330213,378110,371362,443822,454168,499703,502770,344476,384944,242524,310382,71426,130666,185310,179191,303437,277912,336845,328915,408361,417165,468936,472909,329819,368380,233651,298348,68392,124441,3830717,3399366,512786,466104,806752,749563,212001,506,430
2021-08-05T23:59:59+02:00,26325,24304,246469,238360,357576,329335,377286,370630,443082,453486,499035,502229,344192,384642,242408,310207,71385,130603,180831,175243,298046,273504,332727,325349,405553,414672,466679,471122,329149,367674,233386,297976,68331,124330,3824346,3371423,512522,461392,806688,745851,208989,506,429
2021-08-04T23:59:59+02:00,25951,23962,245318,237369,356577,328423,376509,369915,442451,452883,498462,501700,343917,384374,242287,310034,71357,130532,177347,171937,294276,270371,328316,321440,403298,412579,464970,469568,328452,366973,233111,297621,68272,124228,3817830,3344240,512179,459624,806653,744099,206346,502,428
2021-08-03T23:59:59+02:00,25487,23540,243954,236182,355664,327583,375797,369219,441792,452220,497864,501164,343623,384073,242158,309856,71313,130464,173863,168490,290173,266730,323204,316831,400550,410018,462628,467463,327605,366104,232760,297149,68203,124089,3809854,3312114,512018,457747,806611,742027,204456,502,428
2021-08-02T23:59:59+02:00,25170,23234,242902,235218,354817,326824,375095,368619,441222,451674,497339,500716,343360,383799,242040,309701,71287,130405,170225,164895,285473,262763,317328,311874,397797,407461,460390,465468,326832,365269,232463,296749,68139,123971,3803494,3278626,511769,455769,806554,739494,202590,501,426
2021-08-01T23:59:59+02:00,25015,23043,242273,234611,354220,326312,374653,368226,440788,451353,496995,500438,343222,383634,241964,309585,71273,130379,168672,163443,282986,260762,312694,308157,395938,405884,458910,464220,326398,364783,232292,296531,68110,123912,3799816,3260710,511466,453624,806461,737048,201222,500,422
2021-07-31T23:59:59+02:00,24905,22938,241931,234292,353937,326084,374413,368057,440599,451200,496887,500339,343189,383595,241944,309572,71272,130373,164896,159598,280158,258214,310602,306158,394540,404601,457763,463231,326079,364407,232158,296357,68084,123866,3798202,3237773,511276,452686,806455,736255,200574,500,422
2021-07-30T23:59:59+02:00,24615,22678,241131,233574,353360,325553,373923,367592,440136,450798,496526,500048,343051,383454,241899,309493,71259,130357,161147,155830,276758,255098,307574,303336,392308,402484,455913,461644,325569,363874,231948,296064,68051,123808,3794115,3212673,510908,451481,806438,733054,198964,499,421
2021-07-29T23:59:59+02:00,24268,22337,239592,232300,352193,324473,372951,366681,439280,450006,495711,499423,342717,383141,241762,309310,71222,130290,156289,151343,271372,250917,301661,298552,387950,398987,452856,459233,324736,363027,231635,295654,67989,123709,3786523,3178727,510228,446620,806354,727945,195525,498,421
2021-07-28T23:59:59+02:00,23968,22049,238438,231260,351305,323630,372195,365986,438641,449337,495144,498931,342464,382841,241627,309125,71187,130217,152526,147692,266870,247251,297223,294596,384682,396128,450764,457381,324075,362266,231365,295269,67925,123584,3779759,3147972,509687,444696,806275,725302,193598,497,418
2021-07-27T23:59:59+02:00,23696,21822,237428,230282,350461,322888,371490,365393,438054,448721,494617,498472,342220,382536,241493,308930,71151,130118,147497,142561,260939,242110,291917,289828,380662,392425,447578,454563,323086,361160,230998,294762,67834,123425,3773454,3106340,509129,442369,806217,721556,191947,496,416
2021-07-26T23:59:59+02:00,23464,21583,236453,229300,349666,322184,370882,364839,437497,448231,494166,498100,341988,382295,241364,308772,71127,130060,143147,138164,255385,237318,286743,285351,376188,388465,444057,451537,322133,360195,230667,294283,67759,123288,3767759,3066892,508496,440113,806137,717203,190550,494,416
2021-07-25T23:59:59+02:00,23105,21282,235112,228145,348719,321416,370202,364177,436917,447691,493706,497694,341788,382081,241274,308643,71106,129996,141301,136405,252700,235099,284235,283249,374050,386685,441970,449744,321618,359681,230464,294053,67734,123211,3760682,3051871,508119,437924,806069,712845,189150,494,416
2021-07-24T23:59:59+02:00,22856,21084,234181,227285,347994,320763,369625,363654,436389,447252,493345,497416,341671,381982,241230,308581,71103,129985,138403,133603,249965,232773,281668,281031,371789,384825,440730,448756,321268,359343,230319,293874,67715,123177,3756656,3033507,507351,434908,806053,712504,187299,494,416
2021-07-23T23:59:59+02:00,22438,20697,232675,225940,346669,319822,368576,362786,435508,446463,492646,496883,341436,381710,241141,308468,71082,129949,132917,128754,244590,228464,277188,277240,368097,381623,438074,446554,320568,358622,230065,293562,67661,123096,3749177,2997942,506879,433135,805997,710367,183790,494,416
2021-07-22T23:59:59+02:00,21933,20221,230569,223963,344916,318280,367067,361494,434187,445314,491663,495981,341002,381259,240963,308219,71038,129867,128568,124693,238585,223948,270798,272167,361198,376118,432611,442039,319384,357362,229626,293033,67567,122942,3736719,2955832,505291,427147,805867,704044,181004,493,414
2021-07-21T23:59:59+02:00,21425,19703,228681,222138,343216,316748,365444,359918,432609,443924,490436,494809,340448,380737,240714,307933,70984,129772,124801,121122,233122,219705,265263,267640,353057,369178,427999,438295,318264,356212,229163,292466,67486,122762,3725698,2920289,501528,416253,805641,699259,177711,493,413
2021-07-20T23:59:59+02:00,21123,19424,227210,220660,341977,315577,364476,359042,431743,443129,489714,494158,340105,380365,240566,307710,70956,129683,120464,116881,226771,214530,259430,262458,345939,363070,423299,433984,317170,354956,228749,291880,67389,122579,3716351,2876491,501120,409030,805510,694869,175572,493,412
2021-07-19T23:59:59+02:00,20809,19127,225472,218964,340660,314320,363440,358065,430929,442349,489041,493539,339809,380003,240415,307477,70911,129586,117707,114279,222386,210937,254810,258504,342221,359897,420677,431803,316443,354227,228449,291488,67314,122455,3705752,2851432,500696,403648,805416,690541,173983,493,412
2021-07-18T23:59:59+02:00,20655,18994,224177,217691,339042,312883,362368,357134,430108,441627,488502,492996,339573,379717,240286,307297,70889,129524,116206,112889,219725,208754,252453,256403,339969,358047,418640,430110,315951,353739,228288,291270,67293,122388,3696291,2839135,500157,399371,805339,686838,172604,493,409
2021-07-17T23:59:59+02:00,20258,18572,223021,216631,338462,312342,361778,356619,429590,441176,488089,492706,339468,379600,240244,307242,70886,129513,114132,110786,217263,206449,249985,254206,337544,355906,417192,428847,315616,353348,228153,291102,67269,122348,3690715,2821614,499953,396647,805322,686052,171134,490,409
2021-07-16T23:59:59+02:00,19715,18058,220472,214479,336720,311041,360270,355325,428120,439967,486989,491841,339062,379229,240072,307083,70861,129476,111015,107984,212492,202517,245445,250568,333240,352206,413843,426122,314695,352418,227803,290685,67215,122266,3680492,2793910,499193,394289,805160,682238,164857,489,408
2021-07-15T23:59:59+02:00,19073,17431,217690,212050,334809,309336,358679,353883,426779,438778,486044,490987,338662,378801,239869,306826,70819,129371,107105,104760,204114,196265,237947,244960,326628,346961,406764,419667,312953,350601,227253,290014,67143,122067,3665421,2747282,498594,385842,805042,674812,161722,488,408
2021-07-14T23:59:59+02:00,18227,16705,215241,209721,333099,307795,357267,352535,425553,437574,485009,490026,338204,378340,239628,306514,70765,129282,103491,101420,197634,191095,232228,240285,322330,343481,402588,416037,311640,349287,226843,289455,67060,121913,3650450,2713627,498005,380304,804911,668003,159007,487,405
2021-07-13T23:59:59+02:00,17573,16047,213051,207693,331489,306419,355927,351305,424375,436480,484046,489165,337763,377865,239425,306267,70730,129189,99729,97876,191143,185687,225084,234217,315645,337415,394187,408175,309841,347359,226237,288663,66947,121712,3636584,2670784,497446,367625,804749,658525,156914,485,401
2021-07-12T23:59:59+02:00,16553,15112,209765,204508,329425,304683,354346,349834,423130,435274,483061,488260,337346,377391,239245,306037,70691,129112,96630,95152,185857,181382,218101,228537,308805,331377,389084,403895,308110,345490,225643,287929,66848,121542,3618081,2632455,496888,360480,804568,650103,155114,484,400
2021-07-11T23:59:59+02:00,16044,14638,208405,203232,328680,303965,353685,349204,422565,434767,482612,487916,337155,377187,239185,305931,70669,129072,95209,93863,183077,179074,215103,226244,306115,329219,386255,401506,305637,342864,225262,287458,66793,121444,3611827,2617458,496248,358490,804439,639605,153280,479,396
2021-07-10T23:59:59+02:00,15569,14178,206558,201449,327213,302700,352544,348225,421835,434168,482135,487517,336985,377022,239119,305845,70659,129052,93906,92589,180543,176955,212067,223759,303590,327056,385088,400469,304990,342195,225082,287269,66777,121417,3603226,2600639,495606,358259,804202,637855,150615,478,396
2021-07-09T23:59:59+02:00,15245,13898,204653,199605,325604,301242,351473,347260,420930,433455,481563,487039,336778,376798,239022,305723,70644,129018,91114,89861,177011,173725,207718,219603,298566,322450,381643,397485,303893,340963,224776,286902,66740,121353,3594063,2571623,494741,356194,804007,630254,148009,477,396
2021-07-08T23:59:59+02:00,14778,13470,201154,196615,322286,298566,349095,345269,419218,431999,480125,485969,336339,376355,238842,305472,70599,128941,86807,86091,169758,168060,199576,213199,291189,316331,374687,391268,301168,338036,223994,285964,66623,121093,3578687,2525380,490692,347525,803484,619891,143073,475,396
2021-07-07T23:59:59+02:00,14277,13016,197410,192752,319115,295709,346776,343223,417659,430526,478923,484867,335861,375790,238652,305200,70561,128835,83124,82640,162454,162339,190523,206016,283200,309765,367638,384442,297853,334418,223084,284863,66483,120846,3557392,2477363,489324,334087,803098,609888,140135,472,393
2021-07-06T23:59:59+02:00,13818,12644,193973,189373,315858,292971,344300,340936,415944,428963,477652,483729,335359,375234,238454,304908,70508,128750,79550,79061,155776,156825,183107,199806,274254,301812,361146,378352,294654,331169,222198,283771,66374,120617,3537524,2424825,486255,327105,802679,600367,137707,469,393
2021-07-05T23:59:59+02:00,13421,12307,189582,185123,311805,289633,341788,338599,414265,427416,476507,482657,334886,374716,238276,304663,70475,128664,76484,76231,150656,152734,178340,195678,267334,295543,355038,372812,291378,327723,221310,282651,66265,120448,3514666,2385742,485096,322608,802182,590009,133622,466,390
2021-07-04T23:59:59+02:00,13243,12149,185736,181249,309163,287604,340472,337527,413381,426638,475927,482166,334661,374461,238187,304536,70449,128610,74294,74360,147553,150164,176008,193633,264883,293480,351923,370602,288069,324327,220725,281981,66209,120328,3502413,2371950,483803,320303,801615,578467,129107,466,389
2021-07-03T23:59:59+02:00,12048,11093,179300,175248,304897,284141,338137,335356,411563,424830,474711,481109,334262,374015,238013,304288,70425,128567,72512,72781,145128,148282,173570,191550,261817,290752,349642,368745,286314,322344,220458,281619,66177,120279,3476026,2356214,482396,320103,801432,573975,122914,466,389
2021-07-02T23:59:59+02:00,10950,10001,175588,171789,302478,281941,336390,333650,410310,423639,473935,480418,334001,373701,237899,304106,70397,128519,69816,70097,141203,144993,169132,187503,255760,285304,344416,364038,283063,318615,219817,280847,66128,120195,3457928,2322999,480917,317313,801247,561395,120380,464,370
2021-07-01T23:59:59+02:00,9855,9072,171919,168345,298438,278649,333894,331377,408512,422059,472837,479457,333581,373238,237698,303835,70351,128440,64932,65378,134882,139658,161843,180989,245500,276442,333615,354248,278276,313341,217964,278591,65949,119883,3435372,2266639,478818,304962,800900,543665,117224,464,366
2021-06-30T23:59:59+02:00,9366,8678,168648,165265,292809,274021,330222,328039,406740,420514,471811,478489,333158,372755,237507,303535,70317,128351,61802,62531,129237,134980,155199,174993,235451,267295,320211,340970,273062,307795,216073,276270,65781,119561,3410254,2211619,476651,292146,800607,524826,113462,463,365
2021-06-29T23:59:59+02:00,8830,8155,164849,161487,288268,269757,326654,324746,404640,418435,470265,477078,332568,372116,237254,303180,70262,128242,59011,59533,124292,130568,149178,169465,223602,256601,311654,332604,266598,300604,214101,273811,65578,119215,3382736,2152366,474654,287483,800282,507417,109852,462,361
2021-06-28T23:59:59+02:00,8425,7775,161522,158028,283235,265436,323348,321899,402496,416509,468777,475767,332047,371505,237021,302870,70218,128148,56739,57185,120389,127055,144830,165383,214375,248187,305866,327199,261652,295308,212337,271576,65431,118949,3358809,2116645,470680,278866,799622,490896,106640,462,358
2021-06-27T23:59:59+02:00,8277,7652,160016,156502,281129,263626,321541,320362,400796,415149,467878,475050,331755,371212,236918,302707,70199,128099,55543,56077,118264,125342,142264,163256,210265,244800,302501,324340,257842,291303,209877,268665,65320,118754,3348787,2101186,468601,275374,798572,474756,103633,461,358
2021-06-26T23:59:59+02:00,7123,6554,156747,153165,279024,261745,319126,318123,399606,413993,467179,474349,331486,370931,236811,302549,70175,128069,54997,55488,116925,124188,140838,162019,208019,242796,299969,321929,256304,289642,209543,268256,65293,118684,3329652,2084380,465779,275286,798566,472257,103499,435,337
2021-06-25T23:59:59+02:00,5901,5438,152436,148882,275632,258787,317069,316162,398297,412746,466178,473524,331197,370596,236683,302393,70147,128019,53709,53865,114449,121490,136752,157448,199254,234344,294278,316055,254582,287523,208952,267454,65222,118567,3304690,2041870,464351,273594,798510,465676,103274,435,337
2021-06-24T23:59:59+02:00,5047,4650,147995,144748,270803,254840,312793,312382,396104,410872,464801,472388,330773,370131,236514,302155,70113,127932,51065,51270,109328,116770,129423,150800,187215,223892,282863,305825,249203,281681,207117,265110,65019,118167,3273494,1979812,462340,261822,798342,451922,101596,434,336
2021-06-23T23:59:59+02:00,4826,4444,144828,141632,267105,251685,307548,307581,393610,408524,463395,471069,330245,369510,236283,301844,70065,127825,49123,49187,105533,112858,123750,145124,177321,215226,270884,293832,244589,276865,205784,263412,64858,117808,3245932,1923484,458815,251958,798181,441225,99819,432,335
2021-06-22T23:59:59+02:00,4576,4215,141753,138502,263388,248305,301419,302147,390976,405963,461855,469589,329695,368901,236062,301490,70018,127718,47434,47448,101923,109555,118955,140544,164727,204080,259974,283530,240525,272395,203861,261003,64606,117335,3213873,1865117,456882,244243,797987,430268,98544,430,326
2021-06-21T23:59:59+02:00,4317,3970,138491,135558,258682,244406,296170,297278,387935,403093,460381,468236,329178,368340,235839,301175,69977,127606,46201,46219,99540,107338,116217,137838,158507,198307,253088,276889,235173,266558,199925,256481,64419,116958,3182137,1834121,454841,238726,797776,410486,96579,427,326
2021-06-20T23:59:59+02:00,4173,3853,136982,134047,254435,240915,293587,295037,386545,401779,459590,467490,328952,368054,235727,301043,69957,127544,45078,45296,97280,105544,113941,135851,155472,195768,248778,272814,232170,263028,198938,255228,64338,116832,3164664,1813765,453077,235173,797619,402619,95045,425,319
2021-06-19T23:59:59+02:00,3756,3503,134834,131946,251679,238590,291804,293388,384702,400210,458748,466760,328730,367802,235623,300904,69936,127512,44538,44647,96009,104280,112465,134386,153968,194330,245556,269793,231451,262181,198767,254965,64316,116779,3148309,1797795,450255,233592,797609,402339,94941,425,319
2021-06-18T23:59:59+02:00,2806,2590,131553,128804,248157,235542,287796,289978,382305,398085,457409,465599,328354,367401,235468,300668,69909,127463,43751,43733,94431,102501,110173,131716,150416,190297,238698,262509,229726,260176,198282,254327,64241,116645,3122504,1768482,445819,233063,797583,395636,94665,425,318
2021-06-17T23:59:59+02:00,2573,2367,127837,125521,242136,231102,282571,285589,377519,394091,455077,463758,327758,366678,235224,300313,69844,127349,41509,41908,90381,99026,105276,126968,142551,182624,227299,251119,224524,254240,196630,252170,63982,116226,3087693,1712796,442834,228920,797321,384735,90200,362,310
2021-06-16T23:59:59+02:00,2302,2133,124606,122117,237237,226757,277883,281326,372348,389596,452478,461614,327010,365876,234933,299900,69778,127235,39678,40310,86844,95997,100926,123144,134315,175279,215196,239208,218296,247132,194708,249843,63730,115738,3054152,1653009,437302,223314,796818,376640,87591,360,309
2021-06-15T23:59:59+02:00,1915,1801,119689,117246,231253,221609,272530,276339,367283,384967,449628,459198,326140,364896,234580,299387,69696,127050,38061,38698,83521,92952,96961,119092,127264,168907,202846,227180,212267,240347,192746,247411,63420,115168,3009422,1595734,435374,217471,796253,368965,84874,360,306
2021-06-14T23:59:59+02:00,1652,1526,115638,113090,226029,216698,267169,271368,361991,380219,446508,456603,325355,364037,234270,298998,69634,126930,37081,37809,81243,90858,94255,116574,123149,165157,196246,220680,209159,236840,191611,245941,63201,114779,2967283,1566144,433022,215197,795994,361313,82123,358,303
2021-06-13T23:59:59+02:00,1579,1441,114145,111714,223582,214594,264629,269109,359734,378262,445336,455577,325079,363732,234134,298827,69602,126856,36214,37072,79385,89184,92243,114752,120320,162547,192372,216974,206067,233403,190579,244573,62969,114367,2952298,1552138,430584,207920,795690,353089,80061,358,301
2021-06-12T23:59:59+02:00,1430,1304,111492,108966,221687,212865,263243,267833,358296,376859,444439,454808,324792,363423,234042,298724,69584,126828,35845,36667,78397,88089,90991,113454,118741,160985,188806,213673,205032,232275,189180,242918,62959,114335,2936117,1538978,429605,207911,795666,345711,79926,357,300
2021-06-11T23:59:59+02:00,1282,1168,108949,106449,218790,210245,259576,264641,355160,374125,442722,453335,324356,362972,233905,298516,69557,126773,35168,35553,76388,84714,88757,109921,114635,155842,182102,206219,202934,229904,188576,242148,62897,114236,2911691,1511457,426806,207214,795485,332266,79231,356,299
2021-06-10T23:59:59+02:00,1120,1011,104193,102041,212714,205481,252517,258817,349065,368826,438222,449559,323494,362000,233583,298068,69473,126620,33588,34067,72385,80535,83835,104416,107966,147626,169752,192570,196851,223004,186846,240005,62643,113832,2868037,1464281,419705,205470,794646,305250,75086,353,294
2021-06-09T23:59:59+02:00,972,882,100277,98329,206752,200745,245702,253106,342404,362874,434542,446531,322813,361252,233311,297685,69408,126488,32055,32808,69148,77888,80134,101248,103243,143341,158600,181806,186221,210998,184983,237760,62370,113337,2829003,1410207,411185,201489,794127,293972,70433,332,289
2021-06-08T23:59:59+02:00,790,701,95749,93789,200113,195182,238741,247095,334155,355596,429432,441854,321972,360244,232937,297196,69328,126352,30981,31950,66558,75589,76851,98522,98665,139423,150992,174307,177501,201274,183177,235509,62138,112970,2777012,1370966,405420,196571,793533,283111,65916,332,281
2021-06-07T23:59:59+02:00,631,560,92528,90692,194048,190478,232186,241853,326322,349424,426383,439402,321424,359611,232720,296868,69274,126256,30110,31102,64091,73628,73896,96361,94899,136483,142901,166504,173449,196646,181745,233694,61916,112588,2738000,1343821,399256,193268,792962,271985,61085,331,281
2021-06-06T23:59:59+02:00,593,524,90951,89375,190761,187924,228831,239077,322037,346020,424944,438318,321152,359314,232612,296709,69250,126209,29507,30546,62319,71943,71816,94347,91703,133417,137207,160704,170910,194012,180634,232292,61687,112208,2722565,1331956,391860,183568,792478,261539,58333,329,276
2021-06-05T23:59:59+02:00,512,444,89006,87356,185885,183705,226362,236944,320220,344398,423947,437404,320866,358995,232464,296541,69236,126177,29048,29788,61117,69986,70416,92197,90025,131142,132440,155365,167905,190338,180149,231634,61653,112142,2699065,1308311,391729,183100,792354,256125,57944,328,275
2021-06-04T23:59:59+02:00,412,359,86652,84825,182219,180091,222356,232996,316625,340758,421585,435209,320409,358457,232267,296312,69197,126115,28580,29114,59997,68332,69130,90112,88233,128521,129066,151704,163669,185566,179158,230368,61605,112054,2669802,1289448,387903,182326,792238,246048,57519,328,273
2021-06-03T23:59:59+02:00,319,284,83364,81755,176491,175425,215092,226896,308907,334056,413822,428350,319371,357268,231896,295858,69141,125981,27689,28102,58103,66137,66731,87362,84595,124402,122295,145027,157320,177951,177584,228339,61491,111818,2620838,1260209,377654,176996,791816,233299,54569,325,266
2021-06-02T23:59:59+02:00,269,225,81279,79588,172403,171696,211443,223736,305323,330703,411777,426515,318961,356811,231742,295650,69113,125930,27219,27623,56972,65019,65128,86084,82535,122456,117315,140141,149431,168976,176861,227383,61406,111648,2592041,1227959,376267,175024,791789,229680,53658,322,258
2021-06-01T23:59:59+02:00,170,158,77012,75759,164119,165123,202081,216001,296223,322818,403566,418677,317447,355195,231201,294909,68999,125700,25667,26207,52656,62059,60287,82792,77105,117947,109878,132923,138321,155554,174754,224647,61198,111224,2533315,1177758,364621,170912,791030,217899,46762,318,253
2021-05-31T23:59:59+02:00,148,141,74264,73274,158457,160796,194768,210024,288829,316431,397822,413704,316450,354080,230813,294383,68909,125530,24752,25145,50026,59836,57108,80258,73492,114665,105374,128476,134161,150629,173382,222928,61028,110892,2492862,1155306,355227,168545,790387,207504,40902,317,251
2021-05-30T23:59:59+02:00,137,133,73213,72207,155974,158760,192143,207670,286041,313916,395934,411959,316087,353668,230652,294144,68871,125449,24148,24357,48433,58104,55367,78401,71258,112099,102720,125608,132005,148099,172589,221993,60936,110681,2477034,1145518,352704,167234,789753,196133,38016,316,246
2021-05-29T23:59:59+02:00,134,131,72604,71614,154461,157359,189842,205640,284202,312330,395097,411189,315865,353424,230571,294065,68860,125430,23825,23830,47512,56607,54022,76524,69332,109255,100399,122809,129195,144672,171935,221086,60909,110629,2463144,1131882,352543,167167,789687,185602,37991,316,245
2021-05-28T23:59:59+02:00,130,128,71516,70499,152061,155099,186180,202096,280930,309195,393236,409421,315453,352919,230424,293851,68841,125373,23293,22827,45903,54482,52194,73961,67290,105306,96068,116917,124814,139612,170957,219774,60862,110515,2439312,1109222,351489,166953,789477,171087,37613,314,240
2021-05-27T23:59:59+02:00,119,119,68202,67482,145571,150161,177990,195838,274530,304034,386920,403735,314185,351464,229961,293319,68769,125190,21970,21143,42648,51432,48311,70150,62732,99294,89711,109403,120879,134988,168152,216070,60689,110200,2394699,1080762,343864,164217,787665,151002,31884,313,234
2021-05-26T23:59:59+02:00,115,116,66046,65305,140618,146079,171888,190772,267777,298363,380175,397037,312661,349851,229467,292617,68665,124977,21225,20224,40824,49294,45955,67417,59692,95500,85121,104286,115891,129264,164348,210728,60479,109772,2357385,1048795,330661,162637,785842,139532,29148,312,231
2021-05-25T23:59:59+02:00,114,109,64014,63312,136415,142590,166835,186478,260712,292084,374747,391646,311370,348433,229054,291968,68582,124799,20648,19559,39425,47776,44121,65400,57217,92496,81036,99906,110941,123561,158794,203458,60309,109465,2319795,1017178,323149,159214,783302,130299,27515,308,226
2021-05-24T23:59:59+02:00,112,107,62772,62100,133656,140483,163556,184065,253762,286093,369808,386963,310541,347513,228767,291580,68510,124668,20307,19151,38406,46704,42777,63914,55537,90486,78803,97394,109515,121905,158186,202666,60197,109262,2296053,1007815,312031,157910,781495,123615,25967,308,222
2021-05-23T23:59:59+02:00,107,106,62274,61584,132554,139586,162360,183033,252520,285072,368218,385535,309921,346855,228594,291352,68490,124632,20074,18963,37855,46147,42021,63214,54373,89489,77311,96029,108338,120505,157207,201444,60126,109120,2284547,999627,311443,154832,781451,122015,25839,308,219
2021-05-22T23:59:59+02:00,104,104,61579,60961,131057,138504,159981,181405,249545,282779,365737,383307,309389,346259,228417,291085,68464,124581,19754,18541,37237,45539,41379,62682,53716,88761,76539,94878,106787,118699,156434,200473,60099,109066,2266561,992925,311428,154828,781411,118585,24339,308,219
2021-05-21T23:59:59+02:00,100,100,60247,59519,128148,135908,156690,178081,244307,278011,359639,377621,308453,345164,228121,290687,68403,124473,19394,18175,36623,44773,40727,61629,52763,87369,74815,92576,103545,114747,155294,199022,60007,108891,2230466,979901,309787,154500,779836,111989,24054,304,217
2021-05-20T23:59:59+02:00,91,98,57199,56729,122407,131031,149754,171761,233995,269254,350604,369334,305912,342417,227353,289675,68271,124254,18098,17240,34450,42529,38273,58731,49940,83593,70886,88076,99418,110098,152828,196003,59826,108536,2172444,960582,303121,152548,773878,94329,21152,296,217
2021-05-19T23:59:59+02:00,90,96,54988,54538,117400,126352,142585,165140,223459,259905,340051,358427,303265,339544,226601,288622,68120,123978,17516,16453,33224,40944,36865,56672,47934,80811,67646,84496,95534,105625,149195,191265,59564,108045,2106515,937167,296862,150569,770894,84819,19326,294,204
2021-05-18T23:59:59+02:00,86,91,52891,52576,112619,122093,136208,159567,211894,249545,330168,348625,300592,336577,225718,287417,67969,123725,16998,15846,32011,39479,35511,54874,46123,78400,64759,81269,91530,101087,145997,187198,59351,107611,2046642,916909,287494,147707,767303,76168,17346,290,204
2021-05-17T23:59:59+02:00,83,88,51858,51582,110283,120037,133391,156913,205372,243527,322595,341538,298799,334603,225127,286592,67862,123512,16540,15398,30961,38437,34338,53583,44642,76600,62497,78873,86687,95223,144534,185312,59203,107298,2019834,905206,275187,140235,763877,69484,15283,288,201
2021-05-16T23:59:59+02:00,82,85,51071,50927,108838,118714,131649,155250,202400,240846,315158,334582,297778,333469,224817,286108,67810,123414,16257,15026,30212,37655,33464,52666,43581,75287,61166,77403,83271,91146,143743,184233,59116,107158,2004486,899120,264758,133465,760637,65349,13531,285,197
2021-05-15T23:59:59+02:00,82,85,50532,50294,107837,117724,130634,154136,200462,238911,311588,331373,297157,332783,224621,285837,67790,123350,16117,14862,29958,37349,33178,52234,43096,74640,60318,76418,82674,90330,143227,183565,59080,107111,1988281,893880,264737,133318,759769,64221,12820,283,196
2021-05-14T23:59:59+02:00,81,84,49273,48870,105587,115633,127043,150684,192252,231844,305277,325489,296175,331646,224336,285388,67743,123255,15619,14432,29171,36527,32408,51042,42019,72857,58752,74465,80766,87842,142615,182574,59040,107025,1951021,884223,263039,132443,755226,58796,11773,280,194
2021-05-13T23:59:59+02:00,77,83,47360,46919,101747,112403,122337,146573,182235,223262,294675,315675,293208,328225,223525,284251,67643,123048,14759,13986,28314,35830,31647,50140,41076,71763,57240,72900,76989,83491,139848,178963,58930,106808,1899445,871670,254428,125392,749000,54945,10757,276,189
2021-05-12T23:59:59+02:00,75,81,46449,46211,99832,110975,120273,144912,179685,221152,289941,310349,292046,326958,223285,283931,67605,122963,14594,13835,27993,35611,31244,49852,40630,71389,56697,72333,75641,81860,139069,177829,58844,106648,1876373,865921,252265,123596,748509,54675,9957,272,187
2021-05-11T23:59:59+02:00,71,75,44205,44736,95805,107899,114469,140184,166325,209883,278298,299589,288645,323047,222329,282533,67455,122664,14165,13269,26982,34183,30114,48047,39325,69114,54988,70070,72555,78273,137712,175993,58685,106290,1817535,853641,242556,120907,740007,46813,8479,268,185
2021-05-10T23:59:59+02:00,70,71,42953,43758,93206,105892,111212,137552,157940,202857,270420,292482,286469,320594,221757,281673,67331,122423,13821,12825,26224,33198,29320,46788,38328,67260,53757,68341,70465,75719,136566,174483,58566,106003,1781973,844776,236508,119853,733036,39615,7501,264,177
2021-05-09T23:59:59+02:00,69,71,41830,42986,90523,104138,108549,135784,152928,199438,264899,287535,285228,319208,221381,281146,67265,122277,13506,12605,25531,32529,28592,45985,37535,66300,52827,67398,69236,74318,135969,173646,58511,105872,1762646,840205,229408,118875,727040,34842,6516,259,175
2021-05-08T23:59:59+02:00,68,71,41539,42683,89677,103405,107452,134927,151478,198221,262336,285470,284727,318667,221262,280968,67249,122245,13404,12543,25402,32437,28447,45856,37345,66105,52487,67079,68272,73397,134898,172280,58464,105779,1750590,835589,228898,118129,726814,34065,6502,249,161
2021-05-07T23:59:59+02:00,66,70,40614,41966,87740,102067,104624,132713,146857,194417,256082,279959,283387,317068,220914,280512,67196,122122,12659,12062,24577,31701,27683,44796,36481,64843,51303,65567,66022,70709,132670,169456,58374,105601,1724803,825905,225687,115859,722690,27281,5549,244,158
2021-05-06T23:59:59+02:00,62,69,37972,40242,82993,98613,98634,127959,136672,185907,239639,265547,278264,311274,219630,278824,67022,121809,11974,11544,23639,30596,26686,43446,35126,62845,49568,63590,63535,67581,130560,166694,58260,105383,1659256,814812,215782,112751,711800,18917,4636,232,157
2021-05-05T23:59:59+02:00,60,66,36085,39043,79336,96033,94034,124313,128852,179376,224890,251508,272083,304140,218059,276833,66776,121286,11741,11269,23097,29871,26083,42525,34201,61443,48415,62175,60922,64469,127616,162990,58162,105132,1593077,802511,210704,109183,705763,14945,3563,232,153
2021-05-04T23:59:59+02:00,60,64,34981,37936,76615,93710,90526,121276,123284,174645,214262,241245,266599,297695,216617,274989,66567,120818,11578,11065,22689,29330,25623,41752,33480,60353,47308,60903,58205,61291,125251,160054,58012,104896,1544041,790625,205583,106546,699685,11801,2910,230,151
2021-05-03T23:59:59+02:00,59,62,34110,36883,74323,91889,87652,118926,118848,171002,207608,235247,263322,293836,215817,273900,66446,120523,11331,10792,22294,28753,25141,41052,32792,59389,46285,59763,55414,57950,121475,155159,57755,104458,1512297,774767,202472,104832,694754,9047,1251,229,147
2021-05-02T23:59:59+02:00,59,62,33756,36568,73148,90983,86180,117834,116420,169135,204513,232730,262361,292747,215530,273491,66379,120415,11259,10720,22106,28539,24911,40766,32450,58983,45832,59288,54224,56489,118406,151477,57671,104327,1501686,769744,199675,99268,690883,8147,384,227,142
2021-05-01T23:59:59+02:00,58,62,33437,36191,72387,90189,85107,116791,114950,167771,201426,229702,261669,291922,215320,273211,66368,120376,11245,10704,22053,28509,24850,40728,32388,58926,45750,59211,53982,56197,118248,151281,57662,104310,1486587,768435,199667,99228,690617,8099,377,226,142
2021-04-30T23:59:59+02:00,55,60,32893,35590,71180,88965,83644,115061,111167,164204,194029,222587,259678,289553,214872,272601,66308,120268,10924,10508,21694,28231,24576,40307,32062,58363,45288,58580,53086,55033,117296,150095,57607,104191,1453684,764759,199340,97237,689821,5765,177,223,140
2021-04-29T23:59:59+02:00,53,59,31392,34639,68257,86938,80010,112456,106053,160093,181216,211042,251744,280454,213676,270969,66173,119925,10617,10294,21220,27783,24149,39810,31479,57623,44485,57650,51254,52838,115450,147857,57507,103996,1398794,755933,192057,94569,684450,3451,155,213,138
2021-04-28T23:59:59+02:00,52,57,30158,34030,66388,85628,77533,110634,102626,157236,171530,201875,240888,267857,212395,269284,65977,119599,10431,10134,20921,27428,23785,39340,31056,56964,43760,56825,49130,50216,112869,144621,57383,103784,1346153,746378,188691,90018,679084,2227,125,207,130
2021-04-27T23:59:59+02:00,49,56,29400,33345,64813,84164,75522,108824,99864,154839,166810,197154,232383,258052,211247,267671,65857,119376,10306,10023,20640,27139,23548,39010,30696,56467,43075,56137,47123,47672,110231,141186,57264,103584,1312121,736566,186386,86010,671097,1508,124,202,123
2021-04-26T23:59:59+02:00,48,56,28970,32960,63712,83278,74021,107658,97577,153125,158190,189151,228191,253210,210538,266674,65764,119177,10212,9933,20422,26951,23311,38796,30400,56126,42460,55566,45317,45525,108334,138706,57168,103430,1283169,728607,184941,82911,664371,1128,119,197,121
2021-04-25T23:59:59+02:00,48,55,28719,32720,62936,82754,72959,106921,95846,151898,152806,184284,223860,248330,209949,265893,65698,119054,10156,9899,20344,26873,23223,38714,30290,55999,42300,55407,44905,45029,107653,137801,57140,103359,1270405,726941,178805,81148,655700,997,116,196,119
2021-04-24T23:59:59+02:00,48,54,28376,32294,61995,81530,71773,105473,94298,150238,147899,179136,221072,244995,209479,265219,65664,119004,10142,9880,20303,26831,23170,38647,30209,55913,42151,55271,44661,44721,107401,137504,57119,103331,1245529,725848,178775,80448,654417,954,115,196,117
2021-04-23T23:59:59+02:00,46,54,27630,31672,60427,80021,69983,103454,91708,147596,143114,174739,216522,239448,208823,264231,65601,118889,10089,9816,20193,26744,23039,38497,29976,55704,41788,54941,44045,43961,106340,136215,56963,103056,1220646,722494,177590,77969,645891,902,114,193,115
2021-04-22T23:59:59+02:00,44,53,27016,31071,58893,78586,67518,101242,87583,144105,135079,167252,207495,228455,206782,261604,65402,118493,9964,9720,19943,26447,22685,38065,29466,55192,41041,54307,42887,42648,104348,133763,56734,102659,1179140,715017,170142,74072,637557,781,114,188,111
2021-04-21T23:59:59+02:00,44,51,26522,30549,57561,77483,65637,99613,84541,141464,127896,160438,194416,213121,204633,258717,65176,118067,9833,9634,19710,26196,22397,37740,29110,54741,40489,53775,42041,41631,102153,130975,56479,102246,1127646,708462,167258,69981,631188,709,114,184,109
2021-04-20T23:59:59+02:00,43,50,26096,30079,56398,76338,63961,98032,81992,138891,122812,155377,182944,199668,202206,255580,64939,117638,9729,9544,19490,26008,22104,37471,28698,54327,39950,53243,41226,40700,99933,127990,56141,101709,1085022,700913,163772,66732,624412,629,112,181,102
2021-04-19T23:59:59+02:00,43,49,25730,29720,55427,75517,62675,96853,79865,136966,119290,151997,177194,192830,200496,253344,64754,117306,9621,9451,19259,25788,21860,37197,28384,53937,39437,52712,40431,39793,96831,124013,55736,100997,1060468,690552,161941,64314,617814,592,111,173,102
2021-04-18T23:59:59+02:00,42,44,25422,29458,54660,74971,61552,95906,78007,135539,115925,149604,172087,187275,199483,252114,64642,117113,9547,9376,19070,25613,21683,37032,28168,53662,39178,52463,40103,39410,95621,122467,55553,100697,1046477,686691,160272,62386,607256,577,111,170,101
2021-04-17T23:59:59+02:00,41,43,25314,29366,54289,74774,61036,95553,77354,134940,115076,148865,167832,182390,198948,251388,64608,117048,9502,9317,18932,25426,21496,36802,27940,53388,38914,52196,39804,39086,94856,121543,55488,100613,1035589,682677,160244,62072,603192,565,111,170,101
2021-04-16T23:59:59+02:00,41,43,24940,29116,53301,74165,59749,94675,75727,133611,110925,144722,160187,173621,197289,249184,64500,116839,9296,9142,18538,24993,20911,36228,26832,52483,36891,50598,36493,36146,91671,118020,55086,99958,1009674,667601,159451,55160,593670,536,110,167,100
2021-04-15T23:59:59+02:00,37,39,24465,28667,52052,72998,57786,92952,72451,130772,105465,139448,152328,164650,192634,243314,64203,116223,9122,8979,18169,24570,20419,35566,26154,51686,35500,49368,34384,34098,88556,114281,54578,99101,977490,654489,157398,49571,575753,486,109,165,96
2021-04-14T23:59:59+02:00,35,36,24126,28341,51115,72060,56444,91563,70066,128611,101470,135681,143130,154273,184897,233433,63861,115556,8714,8707,17695,24064,19884,34919,25245,50809,34211,48252,32342,31948,85576,110631,54086,98239,939623,639593,154728,45354,560505,391,108,160,95
2021-04-13T23:59:59+02:00,35,36,23888,28123,50418,71525,55499,90734,68432,127199,97746,132246,131312,141155,178507,225107,63523,114968,8479,8534,17349,23656,19460,34382,24579,50016,33144,47233,30959,30587,83421,108243,53728,97694,906396,630248,150211,40963,544003,269,108,158,94
2021-04-12T23:59:59+02:00,35,35,23679,27934,49864,71014,54633,90003,66961,125910,95117,129924,124201,133124,175283,221158,63251,114477,8242,8347,16984,23359,19088,33946,24107,49483,32478,46606,29434,29049,81758,106304,53402,97173,889987,621810,148666,37711,528109,255,106,154,92
2021-04-11T23:59:59+02:00,34,35,23504,27773,49338,70592,53902,89550,65818,125105,93260,128445,118715,127107,171365,216554,63081,114180,8108,8214,16688,23080,18770,33635,23749,49102,32033,46220,28799,28384,80741,105058,53193,96855,882517,616522,144257,35889,511750,240,101,149,89
2021-04-10T23:59:59+02:00,34,35,23443,27716,49171,70455,53702,89390,65489,124835,92737,128010,116632,124576,169926,214704,63039,114080,7520,7608,15799,22294,17812,32794,22629,48070,30921,45225,28139,27673,78653,102449,52926,96419,875521,601206,143401,35510,509221,236,95,149,89
2021-04-09T23:59:59+02:00,33,35,23194,27466,48669,69964,53064,88702,64491,123709,90914,126104,107804,113634,166544,210295,62840,113723,6560,6707,14269,20973,16092,31238,20487,46105,28713,43215,26363,25850,75151,98269,52381,95579,856090,573756,136347,33995,498922,223,85,145,86
2021-04-08T23:59:59+02:00,33,35,22898,27221,48093,69475,52309,88004,63181,122626,88494,123941,97495,101634,160992,203432,62504,113143,5916,6119,13082,19954,14833,29900,18848,44391,26221,40882,23342,22879,70503,92495,51236,93827,837364,542204,127455,32059,480874,193,76,143,84
2021-04-07T23:59:59+02:00,31,34,22586,26995,47289,69015,51380,87389,61794,121642,85350,121496,88309,91342,153988,194649,62210,112586,5536,5795,12422,19278,14016,29073,17809,43341,24320,38992,20812,20357,66543,87725,50242,92210,816965,518749,121856,29589,459453,165,69,136,81
2021-04-06T23:59:59+02:00,30,34,22376,26835,46759,68633,50790,86865,60763,120867,83243,119755,80554,82535,147623,186692,61865,111958,5341,5636,12070,18920,13663,28641,17275,42779,23463,38185,19686,19328,63387,83628,49321,90825,797695,505392,118645,26642,442030,155,63,132,78
2021-04-05T23:59:59+02:00,30,33,22277,26710,46447,68286,50403,86466,60216,120175,82063,118604,76074,77441,142619,180590,61664,111642,5201,5498,11809,18668,13369,28328,16952,42405,23018,37725,19224,18859,60502,80073,48621,89758,788251,496052,116891,23850,426792,151,59,129,78
2021-04-04T23:59:59+02:00,30,33,22228,26650,46326,68015,50232,86153,59936,119674,81553,117972,74631,75734,141915,179617,61627,111560,5196,5490,11791,18655,13357,28311,16933,42388,22921,37654,18818,18538,59064,78226,48415,89447,785710,491260,116783,23847,421593,145,55,127,76
2021-04-03T23:59:59+02:00,30,33,22166,26569,46203,67906,50068,85978,59620,119362,80985,117392,73285,74099,140797,178080,61544,111411,5187,5481,11778,18636,13334,28291,16900,42341,22815,37580,18683,18387,58715,77661,48326,89301,779343,489473,116741,23847,419644,145,54,126,76
2021-04-02T23:59:59+02:00,30,33,22088,26484,46042,67740,49850,85730,59150,118911,80106,116581,71729,72211,138518,175094,61347,111051,5168,5444,11730,18594,13279,28209,16811,42192,22543,37106,18327,18024,56378,74783,47514,88201,770216,481006,114966,23205,417715,145,50,125,74
2021-04-01T23:59:59+02:00,27,31,21893,26280,45625,67220,49203,84990,58275,117971,78226,114912,68463,68778,134424,169902,61021,110470,5021,5300,11458,18330,13056,27973,16490,41883,22038,36666,17505,17280,51531,68751,45839,85743,758523,462956,108866,21832,410528,133,45,121,73
2021-03-31T23:59:59+02:00,27,31,21565,26061,45223,66693,48706,84339,57546,117034,77068,113670,66415,66459,129660,163782,60619,109746,4943,5248,11360,18210,12896,27822,16251,41615,21451,36154,16378,16379,46315,62328,44455,83752,748754,444587,101697,20906,404404,130,40,119,68
2021-03-30T23:59:59+02:00,27,30,21388,25839,44822,66075,48200,83544,56836,115983,75931,112291,64572,64438,125278,158032,60151,108847,4876,5163,11256,18084,12703,27633,15923,41293,20877,35606,15546,15577,43557,58924,43343,81958,738568,432743,97471,19543,396466,103,34,113,67
2021-03-29T23:59:59+02:00,26,30,21190,25601,44360,65526,47724,82855,56102,114906,74698,110858,62084,61691,118540,149405,59381,107454,4778,5090,11151,17969,12550,27468,15679,40973,20419,35140,14898,15036,40969,55940,42236,80134,718043,421549,94049,18865,390561,88,32,112,66
2021-03-28T23:59:59+02:00,26,30,20984,25310,43860,64837,47208,82112,55423,113899,73754,109752,60826,60259,113834,143439,58938,106695,4723,5031,11006,17819,12293,27168,15487,40728,20252,34905,14658,14792,39893,54524,41887,79594,711511,417227,86742,17543,383155,68,32,109,60
2021-03-27T23:59:59+01:00,26,30,20864,25153,43568,64474,46844,81585,54922,113213,73080,109015,59671,59175,112348,141730,58871,106613,4710,5019,10979,17800,12275,27138,15126,40299,19852,34469,14367,14581,39408,53836,41414,78776,706238,413174,86038,16889,379125,64,32,109,60
2021-03-26T23:59:59+01:00,26,29,20613,24641,42762,62772,45875,79559,53588,110191,71064,105399,57658,57287,109594,138489,58543,106095,4691,4986,10956,17748,12205,27047,15048,40189,19511,33872,13897,13928,36337,49992,39358,75522,694826,398642,82720,16671,366855,52,29,109,60
2021-03-25T23:59:59+01:00,26,26,20181,23969,41887,61011,44780,77011,52077,106665,68676,101638,55060,54650,106284,134523,57973,105102,4645,4931,10865,17645,12084,26902,14867,39970,19236,33567,13427,13440,32491,44938,36363,70984,683404,380298,78525,16087,349829,47,26,106,60
2021-03-24T23:59:59+01:00,26,26,19777,23521,41104,59738,43760,75472,50697,104740,66574,99310,52278,51736,102032,129427,57332,104025,4590,4865,10772,17502,11917,26699,14637,39684,18869,33151,12973,12990,29925,41727,33247,66140,670600,364734,73649,14997,337548,40,21,104,59
2021-03-23T23:59:59+01:00,26,26,19530,23219,40545,58824,43035,74378,49659,103225,64912,97450,49985,49395,99281,126218,56775,103185,4531,4794,10673,17377,11771,26515,14393,39372,18460,32766,12480,12486,27493,38621,29562,60228,662466,347145,70306,14420,327119,39,20,102,59
2021-03-22T23:59:59+01:00,26,26,19307,22802,39902,57940,42369,73339,48714,101839,63438,95817,48158,47511,96887,123480,56303,102414,4474,4748,10585,17261,11641,26337,14234,39131,18219,32466,12170,12113,25656,36266,25573,53788,656159,330838,67502,13865,316834,36,20,99,57
2021-03-21T23:59:59+01:00,26,26,19168,22543,39410,57186,41819,72495,48061,100684,62494,94584,47112,46488,95244,121629,55931,101835,4458,4739,10549,17213,11594,26251,14174,39044,18137,32365,12050,11979,25227,35816,25220,53229,653579,328640,65475,13451,307902,35,18,97,54
2021-03-20T23:59:59+01:00,25,26,19110,22399,39198,56691,41579,71936,47751,100048,62054,93983,46459,45722,92646,118396,55642,101349,4449,4731,10540,17201,11566,26234,14132,39008,18058,32290,11896,11819,24586,35044,24456,52144,647108,324937,65027,13263,303097,35,18,97,54
2021-03-19T23:59:59+01:00,24,25,18754,21833,38066,54566,40298,69943,46015,97961,59174,91225,42021,41851,87427,112632,54939,100268,4427,4717,10507,17150,11501,26122,14040,38836,17823,31992,11547,11536,22916,32986,22773,49585,629351,315608,57815,12901,290074,30,17,93,54
2021-03-18T23:59:59+01:00,24,24,18360,21184,36890,52412,38760,67153,43860,93490,55331,85431,37994,38052,82698,107157,53851,98615,4407,4688,10441,17047,11423,25967,13895,38649,17611,31792,11313,11353,21672,31469,21059,46987,612432,307538,52071,12288,266996,28,16,92,52
2021-03-17T23:59:59+01:00,24,23,17936,20832,36166,51494,37995,66196,42780,92132,53542,83606,35322,35267,78679,102331,52907,97142,4384,4660,10379,16954,11349,25834,13783,38461,17416,31600,11075,11127,20425,30052,19467,44582,595760,300023,47670,11579,261150,24,16,90,52
2021-03-16T23:59:59+01:00,24,23,17577,20413,35420,50425,37182,65001,41682,90459,51701,81619,33120,33252,74646,97378,52026,95827,4334,4609,10305,16826,11258,25681,13683,38224,17284,31357,10903,10948,19147,28531,17985,42257,582494,292243,42982,11144,252502,24,12,89,52
2021-03-15T23:59:59+01:00,24,23,17297,20049,34710,49447,36390,63812,40778,88979,50439,80018,31396,31415,71357,93286,51331,94695,4312,4574,10239,16703,11192,25481,13567,37936,17136,31087,10738,10790,18416,27568,16728,40397,571360,286429,39658,10498,244636,24,2,87,52
2021-03-14T23:59:59+01:00,24,22,17028,19623,33855,48238,35490,62493,39720,87153,49184,78291,30230,30177,69364,90726,50887,94020,4288,4555,10194,16626,11136,25339,13507,37714,17046,30925,10666,10704,18236,27288,16466,39835,564246,285232,37780,9367,234708,15,0,83,52
2021-03-13T23:59:59+01:00,24,22,16211,18562,32356,46203,33915,60355,37678,84076,47049,75734,28879,28824,67348,88096,50618,93629,4288,4555,10192,16620,11133,25332,13498,37707,17039,30916,10631,10673,17488,26405,15421,38382,547884,280986,37496,9366,224391,15,0,83,52
2021-03-12T23:59:59+01:00,23,21,15112,17187,29916,43554,31248,57216,34814,79222,43835,71269,26040,25632,63041,82795,49634,92227,4275,4522,10173,16558,11115,25282,13454,37589,16948,30786,10356,10445,16600,25161,14350,36861,519847,275192,36185,9355,206935,12,0,81,51
2021-03-11T23:59:59+01:00,22,21,14069,15728,27663,40862,28926,54032,32223,74832,40080,66378,22639,22157,57047,75506,47718,89420,4234,4481,10093,16439,11002,25057,13337,37279,16783,30482,10055,10234,15969,24320,13683,35587,487880,271198,34594,7916,187012,9,0,79,47
2021-03-10T23:59:59+01:00,22,21,13474,15027,26255,39251,27271,52213,30659,72513,37561,63254,19886,19603,51136,68375,46165,87084,4200,4437,9994,16272,10883,24807,13189,36861,16584,30110,9816,10052,15225,23548,13023,34561,461459,266468,32548,7172,175925,7,0,76,47
2021-03-09T23:59:59+01:00,21,20,13193,14561,25131,38211,25856,51028,29595,70861,36184,61420,18703,18479,47627,63934,45042,85295,4176,4411,9909,16106,10779,24548,13036,36544,16408,29873,9692,9949,14560,22711,12525,33787,447858,262754,30017,6339,167435,7,0,76,45
2021-03-08T23:59:59+01:00,20,20,12861,13953,24051,37101,24588,49891,28661,69380,34952,59801,17623,17599,43503,58948,43816,83309,4161,4375,9847,15908,10676,24285,12903,36186,16280,29609,9608,9865,14065,22106,12211,33347,432396,259568,28011,5947,159816,2,0,75,44
2021-03-07T23:59:59+01:00,20,20,12627,13660,23459,36248,23890,49014,28060,68511,34342,59040,17359,17347,42433,57496,43451,82746,4149,4362,9825,15866,10649,24210,12873,36016,16223,29495,9586,9836,13867,21852,12077,33145,427626,258512,26195,5604,156048,0,0,71,43
2021-03-06T23:59:59+01:00,20,20,12514,13368,23057,35515,23356,48225,27011,66979,33242,57276,16971,17017,41787,56605,43150,82277,4146,4348,9814,15839,10631,24176,12863,35975,16205,29464,9569,9796,13821,21814,11974,32934,423553,258136,26131,5320,148849,0,0,71,41
2021-03-05T23:59:59+01:00,20,20,12101,12765,22374,34313,22674,46997,26255,65352,32008,54858,16323,16183,38324,52298,40995,78833,4119,4301,9744,15739,10581,24028,12795,35780,16119,29259,9475,9726,13636,21601,11602,32323,408354,256446,24678,4470,139797,0,0,71,39
2021-03-04T23:59:59+01:00,18,20,11342,11754,21187,32587,21460,44946,24900,62701,30313,52505,15595,15464,34322,47134,37918,74151,4070,4210,9631,15447,10478,23669,12662,35247,15977,28858,9296,9573,13478,21391,11517,32177,389922,253392,22602,4377,125926,0,0,71,36
2021-03-03T23:59:59+01:00,16,20,11032,11260,20499,31368,20686,43585,23992,60952,29268,50863,15115,14962,31709,43818,34834,69382,4030,4147,9550,15277,10399,23417,12556,34825,15798,28512,9111,9447,13352,21175,11371,31907,374481,250752,21806,4211,117207,0,0,67,33
2021-03-02T23:59:59+01:00,16,20,10771,10832,19855,30398,19974,42567,23208,59565,28296,49587,14489,14314,29032,40452,30942,63163,3982,4075,9488,15111,10330,23151,12452,34392,15697,28203,8986,9344,13214,20986,11294,31762,356288,248344,20298,4210,111022,0,0,66,33
2021-03-01T23:59:59+01:00,14,19,10599,10573,19342,29595,19411,41683,22619,58494,27580,48465,14073,13860,26963,37866,26677,56256,3966,4025,9433,14956,10266,22854,12371,34016,15592,27881,8903,9283,13033,20716,11179,31579,339041,245929,19184,4210,105987,0,0,65,33
2021-02-28T23:59:59+01:00,13,19,10431,10371,18875,28946,18874,40944,22138,57641,27090,47671,13865,13617,26356,37205,26272,55654,3950,4011,9408,14923,10247,22803,12355,33946,15565,27835,8876,9259,12902,20537,11116,31430,336572,245076,18326,4174,101204,0,0,65,32
2021-02-27T23:59:59+01:00,13,18,10252,9858,18547,28081,18616,40159,21855,56658,26765,46882,13594,13316,25688,36403,25350,54238,3938,3999,9386,14902,10215,22755,12316,33864,15519,27761,8855,9244,12882,20514,11094,31410,332675,244716,17604,4025,96131,0,0,65,32
2021-02-26T23:59:59+01:00,12,17,9457,9076,17649,26642,17835,37955,20927,53810,25306,44064,13129,12915,24102,34414,23823,51932,3857,3931,9308,14741,10141,22503,12236,33498,15404,27469,8777,9164,12816,20447,11055,31341,323552,242824,17351,3952,82273,0,0,65,30
2021-02-25T23:59:59+01:00,12,17,8302,8224,16332,25035,16570,35701,19693,50923,23600,41282,12654,12515,22823,32824,22325,49648,3733,3786,9142,14425,9921,21899,11983,32646,15079,26816,8581,9013,12553,20122,10915,31072,315932,238681,16579,3094,66075,0,0,63,29
2021-02-24T23:59:59+01:00,11,16,7938,7699,15679,24003,15943,34466,18980,49411,22812,40084,12261,12180,21520,31331,20646,47023,3661,3719,9001,14134,9745,21444,11779,32020,14817,26283,8440,8875,12411,19949,10850,30861,307710,235913,15612,2163,58784,0,0,63,28
2021-02-23T23:59:59+01:00,11,16,7455,7220,14864,22828,15258,33246,18260,48003,22095,39015,11951,11856,20182,29760,19032,44467,3620,3642,8881,13932,9607,21046,11590,31440,14519,25781,8272,8732,12284,19738,10778,30626,299598,233077,14812,1499,51208,0,0,63,26
2021-02-22T23:59:59+01:00,10,14,7348,7014,14482,22212,14907,32520,17796,46994,21599,38282,11753,11607,19434,28749,17716,42513,3591,3540,8744,13641,9444,20544,11335,30696,14150,25183,8026,8539,12085,19486,10672,30321,293723,229770,14203,313,47121,0,0,61,26
2021-02-21T23:59:59+01:00,10,14,7258,6888,14160,21766,14489,31937,17380,46343,21160,37788,11647,11505,19271,28535,17469,42181,3552,3500,8660,13517,9367,20328,11263,30404,14029,24914,7967,8477,12029,19378,10601,30157,292579,227929,13832,298,43486,0,0,59,26
2021-02-20T23:59:59+01:00,10,14,7141,6838,14035,21686,14373,31802,17261,46192,21001,37605,11548,11421,18489,27617,16411,40710,3550,3494,8650,13509,9357,20307,11249,30379,14015,24903,7962,8468,11965,19314,10547,30090,288317,227547,13635,297,42295,0,0,59,25
2021-02-19T23:59:59+01:00,8,13,6839,6586,13683,21248,14002,31135,16788,45396,20296,36736,10946,11019,17442,26287,15252,39102,3470,3471,8574,13481,9314,20250,11211,30286,13957,24809,7920,8408,11745,19042,10354,29760,281933,225843,13259,296,37677,0,0,56,23
2021-02-18T23:59:59+01:00,8,13,6442,6112,13057,20105,13363,29764,15971,43528,19423,35158,10718,10802,16850,25536,14677,38218,3285,3334,8240,12942,9021,19500,10861,29245,13589,23981,7716,8100,11159,18090,9857,28608,278359,217319,12678,296,28797,0,0,55,22
2021-02-17T23:59:59+01:00,8,12,6276,5770,12612,19225,12873,28575,15271,41809,18777,33834,10489,10551,16093,24723,13900,37030,3035,3174,7900,12426,8721,18710,10493,28198,13202,23129,7483,7865,10603,17239,9422,27793,273693,209183,11946,292,22272,0,0,55,22
2021-02-16T23:59:59+01:00,8,12,5951,5468,12076,18393,12371,27504,14727,40436,18184,32801,10335,10448,15423,23899,13395,36246,2854,3054,7597,11973,8414,17986,10098,27107,12744,22232,7214,7572,9893,16069,8697,26243,270174,199692,11450,136,16136,0,0,53,22
2021-02-15T23:59:59+01:00,8,12,5845,5287,11780,17749,12104,26721,14380,39443,17838,32034,10208,10337,14865,23247,13036,35710,2765,2973,7404,11651,8196,17479,9796,26261,12394,21550,6946,7288,9201,15013,8185,24963,267083,192057,10848,90,12759,0,0,50,21
2021-02-14T23:59:59+01:00,8,12,5577,5172,11531,17479,11880,26286,14148,38996,17647,31757,10163,10287,14631,22907,12871,35317,2715,2935,7290,11484,8068,17273,9620,25929,12215,21248,6851,7164,8979,14631,7998,24426,266080,188819,9914,88,10762,0,0,48,21
2021-02-13T23:59:59+01:00,8,12,5517,5134,11481,17442,11849,26254,14120,38964,17627,31738,10149,10259,14604,22874,12857,35299,2711,2932,7285,11477,8056,17251,9604,25894,12188,21205,6820,7130,8824,14419,7646,23798,265835,187313,9910,8,10531,0,0,47,20
2021-02-12T23:59:59+01:00,8,11,5000,4816,10912,17079,11532,25703,13802,38321,17296,31099,10039,10152,14423,22660,12776,35190,2660,2899,7190,11320,7956,17020,9457,25503,11975,20758,6637,6895,8461,13860,7053,22459,264145,182178,9899,6,6862,0,0,46,20
2021-02-11T23:59:59+01:00,8,11,4538,4515,10328,16398,11120,24896,13324,37063,16808,30240,9724,9891,14141,22212,12496,34505,2491,2625,6590,10128,7269,15285,8596,22885,10923,18673,5984,6185,7415,12248,6241,20146,260921,163759,8256,3,3128,0,0,44,15
2021-02-10T23:59:59+01:00,8,11,4292,4347,9993,15950,10812,24359,13013,36181,16393,29491,9506,9754,13959,22007,12404,34299,2129,2333,5653,8662,6463,13245,7610,19978,9797,16633,5440,5600,6428,10589,5469,18098,258270,144204,7756,2,839,0,0,41,3
2021-02-09T23:59:59+01:00,8,10,4228,4248,9869,15682,10703,23956,12840,35561,16181,29018,9328,9613,13764,21794,12262,34074,1734,1980,4871,7392,5689,11455,6692,17463,8716,14637,4865,4970,5380,9031,4740,15996,255814,125681,6977,1,434,0,0,40,3
2021-02-08T23:59:59+01:00,8,10,4194,4193,9775,15471,10594,23595,12721,35099,16036,28658,9234,9547,13562,21510,12153,33877,1569,1785,4312,6395,5025,9884,5875,14934,7702,12784,4312,4442,4405,7443,3979,13913,253432,108823,6462,1,428,0,0,38,3
2021-02-07T23:59:59+01:00,8,10,4029,4126,9618,15336,10492,23430,12641,34837,15924,28465,9193,9501,13415,21327,12079,33733,1355,1541,3893,5721,4611,9005,5450,13773,7217,11827,4059,4184,4177,7049,3819,13318,252334,101061,5917,1,0,0,0,34,2
2021-02-06T23:59:59+01:00,8,10,4020,4117,9607,15320,10479,23395,12619,34787,15906,28408,9174,9488,13397,21292,11973,33535,1203,1346,3661,5417,4426,8580,5234,13191,6938,11273,3925,4052,4051,6900,3541,12860,251991,96658,5631,1,0,0,0,34,1
2021-02-05T23:59:59+01:00,8,9,3947,4049,9535,15177,10413,23145,12534,34419,15792,28125,9090,9415,13326,21221,11623,32939,1062,1116,3380,4972,4167,7998,4919,12414,6555,10545,3671,3809,3893,6669,3034,11969,250113,90229,4739,0,0,0,0,34,1
2021-02-04T23:59:59+01:00,8,9,3889,3924,9414,14860,10236,22598,12347,33622,15574,27563,8968,9304,13101,20929,11508,32734,797,783,2556,3721,3233,6260,3967,9874,5235,8331,2999,3099,3281,5693,2646,10485,246160,73003,4514,0,0,0,0,32,1
2021-02-03T23:59:59+01:00,8,9,3820,3852,9311,14638,10132,22260,12214,33111,15424,27144,8859,9189,12961,20753,11431,32565,662,615,1929,2806,2500,4835,2997,7583,4010,6282,2188,2227,2391,4210,1917,7846,243427,55031,4341,0,0,0,0,31,1
2021-02-02T23:59:59+01:00,8,9,3752,3756,9212,14444,10034,21881,12072,32547,15222,26691,8733,9073,12839,20540,11347,32299,526,487,1461,2075,1911,3636,2256,5768,2992,4699,1548,1530,1630,2774,1334,5214,240207,39863,4339,0,0,0,0,29,1
2021-02-01T23:59:59+01:00,7,9,3712,3666,9134,14213,9927,21496,11934,31910,15039,26188,8614,8926,12730,20396,11297,32120,391,353,1018,1431,1260,2424,1470,3781,1861,2975,980,976,963,1691,764,3016,237066,25365,4339,0,0,0,0,28,1
2021-01-31T23:59:59+01:00,7,9,3694,3630,9080,14104,9858,21291,11866,31613,14936,25992,8559,8867,12678,20285,11252,31991,361,332,896,1241,1070,2051,1269,3227,1628,2606,882,885,862,1507,693,2709,235574,22228,4224,0,0,0,0,27,1
2021-01-30T23:59:59+01:00,7,9,3693,3627,9070,14091,9845,21268,11853,31593,14924,25978,8555,8862,12609,20216,11187,31914,345,308,836,1157,1013,1927,1205,3037,1553,2469,854,859,843,1467,678,2656,235256,21215,4131,0,0,0,0,27,1
2021-01-29T23:59:59+01:00,7,9,3633,3612,9010,14062,9816,21216,11820,31518,14876,25911,8531,8839,12425,19992,11007,31672,278,225,715,984,869,1567,1051,2648,1342,2144,765,768,795,1413,660,2603,234040,18833,4002,0,0,0,0,26,1
2021-01-28T23:59:59+01:00,7,8,3515,3525,8806,13674,9597,20703,11588,30936,14550,25416,8395,8737,11992,19372,10652,31093,131,58,296,361,376,609,460,1147,611,959,401,423,464,813,376,1571,229256,9060,3398,0,0,0,0,24,0
2021-01-27T23:59:59+01:00,7,8,3283,3390,8513,13256,9297,20080,11204,30102,14163,24679,8178,8525,11440,18569,10229,30330,80,34,204,223,243,413,305,799,432,657,303,307,343,605,281,1148,222547,6380,2788,0,0,0,0,24,0
2021-01-26T23:59:59+01:00,6,8,3119,3292,8231,12918,9034,19511,10900,29347,13767,24044,7941,8303,10864,17656,9582,29182,75,30,189,213,227,380,289,746,401,597,289,281,316,542,254,1018,215839,5850,1947,0,0,0,0,24,0
2021-01-25T23:59:59+01:00,6,8,3031,3198,7948,12437,8744,18808,10514,28346,13288,23282,7662,8102,10247,16838,9125,28281,67,22,168,191,193,321,250,625,350,494,252,236,262,464,205,831,209538,4934,408,0,0,0,0,22,0
2021-01-24T23:59:59+01:00,6,8,2987,3177,7863,12357,8670,18683,10405,28186,13159,23099,7618,8066,10181,16725,9077,28185,66,21,164,187,191,308,247,604,341,480,243,232,260,457,201,816,208228,4821,304,0,0,0,0,22,0
2021-01-23T23:59:59+01:00,6,8,2986,3176,7862,12354,8666,18673,10403,28172,13153,23094,7611,8063,10058,16559,8749,27599,65,21,164,187,190,307,245,604,339,480,243,232,260,457,201,814,206971,4812,302,0,0,0,0,21,0
2021-01-22T23:59:59+01:00,6,8,2923,3130,7738,12241,8583,18531,10293,27999,13072,22980,7580,8028,9860,16257,8231,26576,65,21,163,187,190,307,245,604,338,480,243,232,260,457,201,814,203820,4810,301,0,0,0,0,17,0
2021-01-21T23:59:59+01:00,6,8,2841,2960,7239,11328,8100,17385,9756,26374,12468,21767,7299,7704,9228,15317,7718,25529,59,19,147,173,173,276,219,529,301,440,219,207,233,380,176,692,192808,4246,301,0,0,0,0,15,0
2021-01-20T23:59:59+01:00,6,8,2481,2614,6357,9916,7353,15430,8805,23547,11359,19696,6699,7057,8137,13553,6903,23305,57,19,146,168,170,274,211,515,289,418,207,200,227,355,162,654,173000,4075,297,0,0,0,0,15,0
2021-01-19T23:59:59+01:00,6,8,2042,2259,5456,8527,6492,13540,7788,20767,10091,17460,5948,6180,6758,11374,5884,20273,41,12,97,124,116,168,148,352,190,290,132,114,141,238,114,489,150698,2767,216,0,0,0,0,15,0
2021-01-18T23:59:59+01:00,5,8,1770,1972,4700,7145,5542,11310,6591,17175,8668,14748,5070,5303,5386,9128,4814,16808,22,7,39,46,52,78,65,162,75,146,58,53,66,131,62,221,126107,1284,92,0,0,0,0,15,0
2021-01-17T23:59:59+01:00,4,8,1496,1682,4187,6350,5035,10180,6055,15609,8029,13488,4733,4956,5011,8455,4487,15805,8,2,9,15,16,28,20,50,28,57,23,23,20,31,13,47,115533,390,87,0,0,0,0,14,0
2021-01-16T23:59:59+01:00,4,7,1330,1479,3970,6029,4855,9742,5798,14946,7701,12795,4543,4729,4798,8179,4135,15203,0,0,0,1,1,2,1,1,1,2,0,1,1,0,0,1,110283,12,8,0,0,0,0,13,0
2021-01-15T23:59:59+01:00,4,7,1180,1253,3716,5608,4601,9176,5509,14109,7295,11996,4252,4435,4610,7872,3598,14156,0,0,0,0,0,0,0,0,0,0,0,0,0,0,0,0,103417,0,4,0,0,0,0,13,0
2021-01-14T23:59:59+01:00,3,4,906,942,2971,4423,3738,7361,4567,11365,5904,9650,3455,3569,3875,6653,3115,12361,0,0,0,0,0,0,0,0,0,0,0,0,0,0,0,0,84895,0,0,0,0,0,0,13,0
2021-01-13T23:59:59+01:00,3,3,771,789,2498,3691,3154,6139,3796,9424,4813,7773,2585,2654,2922,5069,2385,9449,0,0,0,0,0,0,0,0,0,0,0,0,0,0,0,0,67945,0,0,0,0,0,0,12,0
2021-01-12T23:59:59+01:00,2,3,639,659,2090,3027,2597,4989,3039,7584,3795,6106,1854,1836,1997,3434,1689,6449,0,0,0,0,0,0,0,0,0,0,0,0,0,0,0,0,51822,0,0,0,0,0,0,0,0
2021-01-11T23:59:59+01:00,1,1,495,524,1741,2450,2082,3991,2353,5765,2820,4429,1192,1135,1196,2020,933,3671,0,0,0,0,0,0,0,0,0,0,0,0,0,0,0,0,36823,0,0,0,0,0,0,0,0
2021-01-10T23:59:59+01:00,1,1,438,455,1480,2024,1743,3268,1945,4780,2343,3711,1051,1009,1052,1772,832,3218,0,0,0,0,0,0,0,0,0,0,0,0,0,0,0,0,31138,0,0,0,0,0,0,0,0
2021-01-09T23:59:59+01:00,1,1,407,410,1356,1847,1597,2978,1792,4332,2158,3380,979,940,997,1719,814,3175,0,0,0,0,0,0,0,0,0,0,0,0,0,0,0,0,28896,0,0,0,0,0,0,0,0
2021-01-08T23:59:59+01:00,1,1,310,281,1106,1502,1318,2308,1472,3552,1787,2763,845,832,909,1596,766,3020,0,0,0,0,0,0,0,0,0,0,0,0,0,0,0,0,24379,0,0,0,0,0,0,0,0
2021-01-07T23:59:59+01:00,1,0,145,76,399,507,482,791,592,1364,780,1202,465,480,560,961,465,1906,0,0,0,0,0,0,0,0,0,0,0,0,0,0,0,0,11179,0,0,0,0,0,0,0,0
2021-01-06T23:59:59+01:00,1,0,111,44,269,286,309,514,396,922,530,824,357,358,423,745,358,1439,0,0,0,0,0,0,0,0,0,0,0,0,0,0,0,0,7889,0,0,0,0,0,0,0,0
2021-01-05T23:59:59+01:00,1,0,87,31,191,231,243,428,318,813,447,702,341,344,407,713,351,1385,0,0,0,0,0,0,0,0,0,0,0,0,0,0,0,0,7036,0,0,0,0,0,0,0,0
2021-01-04T23:59:59+01:00,1,0,69,25,174,193,201,334,255,631,353,511,266,251,288,515,234,928,0,0,0,0,0,0,0,0,0,0,0,0,0,0,0,0,5231,0,0,0,0,0,0,0,0
2021-01-03T23:59:59+01:00,1,0,67,21,167,188,196,319,253,615,344,494,258,249,284,502,232,911,0,0,0,0,0,0,0,0,0,0,0,0,0,0,0,0,5103,0,0,0,0,0,0,0,0
2021-01-02T23:59:59+01:00,1,0,67,21,167,188,196,319,250,615,341,494,258,249,284,502,232,910,0,0,0,0,0,0,0,0,0,0,0,0,0,0,0,0,5096,0,0,0,0,0,0,0,0
2021-01-01T23:59:59+01:00,1,0,66,21,166,188,196,318,249,615,338,492,258,249,284,501,232,910,0,0,0,0,0,0,0,0,0,0,0,0,0,0,0,0,5086,0,0,0,0,0,0,0,0
2020-12-31T23:59:59+01:00,1,0,66,21,165,186,196,317,248,614,337,491,258,249,284,501,232,910,0,0,0,0,0,0,0,0,0,0,0,0,0,0,0,0,5078,0,0,0,0,0,0,0,0
2020-12-30T23:59:59+01:00,1,0,65,21,165,185,194,314,248,612,337,489,258,249,284,501,231,910,0,0,0,0,0,0,0,0,0,0,0,0,0,0,0,0,5066,0,0,0,0,0,0,0,0
2020-12-29T23:59:59+01:00,1,0,46,13,117,140,145,211,180,438,237,375,177,161,196,372,170,709,0,0,0,0,0,0,0,0,0,0,0,0,0,0,0,0,3689,0,0,0,0,0,0,0,0
2020-12-28T23:59:59+01:00,1,0,25,9,65,77,80,122,101,252,118,232,97,93,104,200,102,388,0,0,0,0,0,0,0,0,0,0,0,0,0,0,0,0,2067,0,0,0,0,0,0,0,0
2020-12-27T23:59:59+01:00,0,0,12,3,18,26,36,47,36,89,37,95,32,29,41,73,31,145,0,0,0,0,0,0,0,0,0,0,0,0,0,0,0,0,750,0,0,0,0,0,0,0,0
