Datum,<15_1_m,<15_1_w,15-24_1_m,15-24_1_w,25-34_1_m,25-34_1_w,35-44_1_m,35-44_1_w,45-54_1_m,45-54_1_w,55-64_1_m,55-64_1_w,65-74_1_m,65-74_1_w,75-84_1_m,75-84_1_w,>84_1_m,>84_1_w,<15_2_m,<15_2_w,15-24_2_m,15-24_2_w,25-34_2_m,25-34_2_w,35-44_2_m,35-44_2_w,45-54_2_m,45-54_2_w,55-64_2_m,55-64_2_w,65-74_2_m,65-74_2_w,75-84_2_m,75-84_2_w,>84_2_m,>84_2_w,bp_1,bp_2,mo_1,mo_2,az_1,az_2,ja,unb_1,unb_2
2021-10-29T23:59:59+02:00,49427,46624,309669,295855,413947,380955,423145,414104,482542,489750,528723,527757,356417,397813,248340,318678,73237,134526,41285,38888,282051,271265,386777,353991,399632,389309,459539,464982,508805,508014,346928,386820,242040,309923,70600,128975,4227483,3989192,530608,509813,808673,765359,326197,604,557
2021-10-28T23:59:59+02:00,48997,46222,308020,294661,412069,379647,421649,413044,481340,488848,528044,527257,356263,397654,248272,318588,73224,134491,41003,38620,281170,270493,385910,353232,398930,388715,458980,464503,508369,507715,346790,386645,241975,309831,70579,128926,4216104,3983475,530189,509530,808663,765334,324784,604,557
2021-10-27T23:59:59+02:00,48675,45906,307159,293891,411005,378798,420799,412355,480632,488328,527636,526955,356163,397486,248211,318494,73205,134451,40732,38344,280452,269826,385279,352636,398460,388245,458569,464088,508080,507433,346635,386468,241894,309707,70552,128866,4208825,3978131,529895,509346,808657,765304,324222,604,557
2021-10-26T23:59:59+02:00,48277,45498,306102,292950,409879,377885,419914,411685,479949,487740,527221,526638,356041,397352,248138,318400,73181,134410,40380,37987,279597,268920,384552,351934,397910,387697,458142,463643,507722,507139,346490,386311,241795,309551,70530,128800,4200795,3971781,529684,509186,808649,765288,323582,604,557
2021-10-25T23:59:59+02:00,48141,45373,305636,292542,409353,377517,419458,411387,479560,487483,527041,526495,356005,397298,248125,318377,73175,134404,40316,37931,279379,268743,384313,351767,397741,387570,457999,463527,507621,507064,346469,386281,241786,309532,70528,128789,4197495,3970611,529622,509143,808647,765284,323055,604,557
2021-10-24T23:59:59+02:00,47931,45196,305090,292075,408680,377010,418953,410976,479150,487173,526822,526306,355942,397215,248093,318350,73167,134392,40129,37771,278929,268288,383856,351371,397399,387256,457734,463273,507455,506890,346380,386188,241749,309470,70517,128776,4193394,3967422,529466,509010,808643,765270,322466,604,557
2021-10-23T23:59:59+02:00,47897,45163,304929,291943,408468,376866,418798,410839,479038,487085,526747,526258,355923,397191,248089,318344,73167,134389,40091,37729,278839,268185,383738,351299,397320,387182,457663,463210,507419,506857,346361,386174,241748,309464,70516,128775,4192222,3966779,529405,508947,808641,765267,322314,604,557
2021-10-22T23:59:59+02:00,47643,44931,304155,291381,407590,376179,418066,410295,478468,486612,526392,526009,355866,397122,248069,318309,73161,134377,39842,37489,278286,267666,383248,350868,396909,386824,457363,462941,507196,506686,346294,386110,241726,309422,70510,128765,4186633,3963185,529132,508781,808639,765249,321667,604,557
2021-10-21T23:59:59+02:00,47173,44482,303054,290512,406384,375224,417090,409507,477642,485971,525852,525633,355740,396980,247996,318199,73139,134324,39268,36935,277229,266625,382347,350000,396189,386059,456734,462376,506781,506328,346140,385912,241635,309266,70486,128718,4178145,3955415,528861,508406,808633,765237,320707,604,557
2021-10-20T23:59:59+02:00,46954,44232,302452,289971,405714,374614,416548,409062,477213,485603,525567,525398,355645,396856,247927,318107,73113,134271,38853,36562,276491,265879,381736,349344,395673,385460,456313,461929,506429,506011,345965,385711,241538,309126,70448,128645,4172987,3949039,528720,508233,808629,765226,320352,603,557
2021-10-19T23:59:59+02:00,46671,43958,301912,289498,405214,374159,416181,408732,476937,485331,525336,525188,355526,396725,247863,318009,73080,134216,38403,36110,275605,265053,381031,348641,395199,384922,455909,461469,506093,505687,345778,385480,241432,308973,70411,128563,4168746,3942218,528601,508062,808626,765211,320004,603,556
2021-10-18T23:59:59+02:00,46479,43768,301388,289036,404725,373729,415831,408392,476672,485093,525115,524988,355431,396606,247799,317901,73055,134166,38124,35857,274968,264371,380484,348002,394781,384434,455573,461084,505804,505415,345627,385333,241347,308847,70380,128514,4164937,3936959,528408,507881,808623,765193,319645,603,556
2021-10-17T23:59:59+02:00,46370,43651,301072,288781,404472,373481,415624,408229,476524,484940,525014,524868,355368,396550,247777,317853,73040,134130,37878,35601,274461,263868,380119,347626,394502,384103,455332,460856,505643,505248,345538,385224,241310,308779,70357,128463,4162792,3933321,528332,507726,808622,765158,319435,603,556
2021-10-16T23:59:59+02:00,46341,43619,300996,288719,404399,373424,415582,408183,476480,484905,524990,524853,355362,396542,247773,317847,73038,134128,37838,35557,274355,263759,380039,347556,394444,384032,455292,460812,505617,505224,345530,385215,241307,308774,70356,128458,4162313,3932710,528319,507667,808622,765156,319364,603,556
2021-10-15T23:59:59+02:00,46192,43457,300564,288379,404032,373105,415292,407924,476239,484682,524835,524719,355310,396502,247755,317815,73029,134113,37608,35312,273798,263179,379633,347167,394108,383690,455015,460536,505421,505054,345468,385141,241266,308728,70351,128437,4159502,3928981,528197,507454,808618,765146,319062,603,556
2021-10-14T23:59:59+02:00,45862,43131,299783,287681,403404,372452,414787,407468,475820,484276,524518,524443,355192,396369,247692,317716,72996,134046,37054,34747,272559,261919,378831,346212,393425,382859,454371,459894,504998,504638,345236,384917,241155,308569,70320,128387,4154032,3920305,527951,506953,808613,765091,318472,603,556
2021-10-13T23:59:59+02:00,45555,42855,299217,287138,402928,371949,414394,407073,475491,483949,524257,524198,355069,396226,247619,317610,72965,133984,36723,34465,271792,261119,378237,345467,392907,382226,453952,459433,504634,504278,345062,384717,241056,308379,70284,128308,4149478,3913996,527775,506680,808609,765045,318048,602,556
2021-10-12T23:59:59+02:00,45233,42584,298568,286595,402412,371413,413992,406689,475185,483641,524005,523963,354960,396086,247570,317524,72938,133933,36429,34176,270961,260265,377548,344751,392372,381663,453538,459006,504275,503935,344843,384499,240949,308227,70243,128199,4144822,3907435,527602,506458,808601,765020,317699,601,553
2021-10-11T23:59:59+02:00,44989,42361,297989,286119,401933,370958,413590,406338,474885,483345,523769,523766,354850,395969,247497,317429,72902,133866,36143,33921,270209,259534,376879,344074,391889,381114,453160,458563,503943,503634,344651,384304,240852,308078,70200,128112,4140722,3901575,527428,506176,808590,764995,317247,601,553
2021-10-10T23:59:59+02:00,44832,42231,297635,285839,401597,370654,413360,406090,474708,483159,523631,523639,354800,395915,247473,317390,72885,133835,35976,33794,269733,259117,376423,343611,391558,380775,452871,458280,503720,503458,344557,384203,240796,308009,70183,128078,4138344,3897972,527291,506054,808583,764962,316886,601,553
2021-10-09T23:59:59+02:00,44802,42206,297536,285764,401513,370596,413299,406038,474660,483111,523606,523622,354792,395901,247471,317386,72884,133834,35926,33740,269616,259012,376325,343513,391475,380700,452813,458226,503686,503428,344547,384189,240790,308001,70182,128076,4137840,3897268,527256,505981,808580,764951,316776,601,553
2021-10-08T23:59:59+02:00,44565,41999,297041,285366,401069,370223,413002,405745,474382,482892,523398,523456,354730,395840,247435,317335,72866,133820,35718,33463,269054,258453,375903,343083,391100,380326,452537,457905,503508,503270,344481,384106,240756,307956,70171,128064,4134509,3893459,527132,505817,808576,764932,316376,601,553
2021-10-07T23:59:59+02:00,44185,41578,296071,284514,400302,369466,412368,405135,473874,482406,522996,523139,354601,395666,247341,317223,72833,133757,35066,32804,267678,257062,374917,341902,390295,379329,451831,457159,502959,502768,344226,383826,240617,307777,70112,127974,4127702,3883803,526901,504627,808567,764890,315712,601,552
2021-10-06T23:59:59+02:00,43927,41319,295378,283936,399793,368970,411979,404716,473525,482102,522723,522890,354462,395514,247261,317103,72808,133680,34740,32491,266937,256254,374378,341242,389820,378791,451411,456713,502610,502414,344054,383614,240506,307632,70082,127895,4122928,3877722,526770,504516,808563,764859,315217,601,552
2021-10-05T23:59:59+02:00,43612,41024,294674,283264,399170,368353,411468,404235,473143,481705,522440,522586,354316,395357,247178,316947,72775,133569,34440,32177,266127,255418,373694,340506,389283,378180,450909,456247,502260,502057,343865,383397,240395,307459,70035,127821,4117531,3871301,526632,504374,808556,764837,314487,601,552
2021-10-04T23:59:59+02:00,43337,40785,293859,282574,398471,367780,410994,403779,472747,481320,522146,522320,354186,395186,247104,316822,72743,133477,34137,31861,265232,254484,372983,339735,388695,377588,450438,455715,501878,501691,343674,383168,240239,307292,69995,127734,4112413,3864631,526485,504265,808549,764798,313573,600,552
2021-10-03T23:59:59+02:00,43175,40638,293464,282166,398063,367427,410689,403533,472536,481090,521973,522158,354104,395092,247055,316737,72735,133441,33956,31727,264744,254062,372529,339329,388340,377194,450168,455407,501630,501459,343549,383024,240177,307199,69977,127703,4109617,3861067,526386,504153,808524,764744,312938,600,552
2021-10-02T23:59:59+02:00,43142,40601,293340,282040,397946,367341,410608,403455,472475,481032,521941,522127,354090,395069,247054,316734,72733,133439,33909,31689,264606,253932,372429,339239,388262,377116,450111,455356,501600,501420,343537,383002,240175,307192,69975,127703,4108935,3860373,526308,504096,808522,764721,312791,600,552
2021-10-01T23:59:59+02:00,42933,40346,292727,281488,397394,366852,410163,403075,472142,480770,521678,521948,354007,394993,247024,316685,72721,133421,33610,31399,263948,253286,371937,338807,387882,376740,449786,455038,501375,501225,343461,382936,240150,307148,69966,127686,4105081,3856505,526164,503940,808514,764667,311996,600,552
2021-09-30T23:59:59+02:00,42535,39951,291603,280411,396394,365888,409371,402291,471485,480103,521176,521551,353844,394785,246931,316558,72696,133353,33072,30854,262753,252116,371072,337886,387179,375917,449186,454394,500905,500829,343292,382712,240072,306990,69937,127633,4097454,3849469,525821,502933,808493,764583,310540,599,552
2021-09-29T23:59:59+02:00,42197,39648,290841,279668,395668,365184,408828,401712,470990,479617,520813,521243,353662,394583,246854,316424,72666,133286,32775,30546,262007,251358,370439,337237,386720,375340,448764,453940,500553,500487,343121,382531,239979,306827,69915,127575,4091598,3844020,525661,502783,808485,764515,309519,599,552
2021-09-28T23:59:59+02:00,41863,39336,289971,278837,394876,364473,408224,401146,470471,479111,520434,520885,353455,394363,246758,316269,72626,133184,32464,30275,261143,250571,369734,336597,386210,374812,448321,453485,500200,500141,342941,382328,239884,306682,69888,127519,4085332,3838507,525535,502635,808477,764461,308313,599,552
2021-09-27T23:59:59+02:00,41447,38953,289091,277999,394083,363758,407667,400557,469996,478587,520034,520555,353295,394166,246672,316149,72594,133091,32143,29916,260126,249645,368878,335795,385550,374138,447781,452944,499797,499780,342758,382096,239793,306548,69863,127455,4079671,3832342,525373,502483,808470,764354,306548,599,552
2021-09-26T23:59:59+02:00,41071,38648,288519,277466,393585,363312,407323,400207,469698,478299,519823,520367,353186,394068,246629,316079,72575,133050,31985,29782,259624,249185,368438,335398,385211,373770,447493,452650,499591,499593,342667,382005,239735,306475,69847,127418,4075977,3829396,525231,502334,808446,764238,305619,599,552
2021-09-25T23:59:59+02:00,41017,38587,288350,277299,393430,363190,407206,400118,469604,478215,519762,520324,353174,394048,246620,316070,72573,133047,31942,29727,259460,249032,368292,335272,385091,373670,447423,452549,499529,499559,342647,381982,239725,306462,69847,127416,4075221,3828684,525157,502274,808443,764207,305180,599,552
2021-09-24T23:59:59+02:00,40819,38374,287714,276643,392782,362622,406684,399634,469155,477810,519463,520082,353069,393963,246579,316017,72567,133022,31682,29470,258799,248347,367682,334733,384642,373228,447005,452192,499207,499313,342531,381876,239681,306408,69835,127392,4071459,3824972,525008,502172,808433,764137,303462,599,551
2021-09-23T23:59:59+02:00,40183,37707,286006,274980,391300,361264,405492,398422,468106,476842,518711,519397,352770,393686,246444,315799,72523,132906,31289,29055,257501,247262,366528,333748,383705,372399,446196,451460,498612,498803,342297,381633,239568,306255,69807,127313,4061564,3818904,524599,501900,808422,764037,299307,599,551
2021-09-22T23:59:59+02:00,39847,37389,285006,273996,390450,360412,404739,397650,467440,476238,518172,518957,352541,393417,246334,315600,72474,132819,31001,28791,256722,246512,365779,333061,383077,371803,445684,450939,498147,498455,342094,381424,239463,306118,69773,127250,4054700,3813805,524383,501730,808399,763921,297350,599,551
2021-09-21T23:59:59+02:00,39430,36906,283925,272914,389483,359504,403980,396892,466812,475647,517722,518526,352316,393153,246232,315422,72420,132709,30683,28514,255865,245658,365019,332345,382440,371199,445187,450454,497732,498055,341898,381218,239356,305954,69739,127164,4047095,3808186,524223,501531,808389,763842,295632,599,551
2021-09-20T23:59:59+02:00,39076,36628,282787,271837,388431,358565,403152,396084,466110,475031,517227,518072,352070,392926,246121,315239,72376,132612,30299,28143,254744,244675,364030,331504,381647,370429,444464,449876,497272,497612,341672,381002,239248,305767,69703,127088,4040043,3801702,524077,501356,808374,763638,293189,599,549
2021-09-19T23:59:59+02:00,38915,36493,282193,271425,387855,358076,402743,395687,465767,474717,516960,517840,351985,392800,246082,315159,72365,132573,30182,28023,254230,244237,363526,331079,381222,370092,444094,449531,496989,497391,341563,380873,239191,305681,69692,127057,4036702,3798869,523934,501173,808353,763339,291982,599,549
2021-09-18T23:59:59+02:00,38860,36422,282032,271266,387656,357914,402560,395544,465656,474603,516893,517781,351969,392787,246074,315150,72363,132569,30052,27894,253916,243891,363272,330827,380984,369901,443933,449397,496896,497302,341533,380847,239172,305661,69689,127049,4035752,3796992,523818,501092,808350,763326,291512,599,549
2021-09-17T23:59:59+02:00,38528,36056,281130,270435,386863,357155,401833,394889,465045,474077,516513,517418,351819,392642,246011,315081,72339,132537,29784,27627,253172,243211,362586,330230,380391,369399,443468,448986,496559,497014,341412,380711,239122,305582,69676,127027,4030410,3793212,523482,500689,808341,763295,289464,598,549
2021-09-16T23:59:59+02:00,37959,35459,279546,268868,385508,355698,400626,393568,464027,473094,515740,516721,351501,392314,245881,314894,72291,132446,29348,27206,252025,242196,361626,329293,379563,368538,442799,448294,496045,496567,341185,380489,239023,305454,69645,126965,4019512,3786601,522730,500289,808296,763148,286926,598,547
2021-09-15T23:59:59+02:00,37580,35148,278414,267768,384611,354718,399768,392706,463352,472407,515205,516207,351277,392025,245708,314711,72252,132326,29048,26917,251165,241384,360839,328496,378878,367865,442232,447777,495539,496129,340975,380252,238886,305306,69622,126892,4011950,3780948,522442,500056,808283,763075,284824,598,547
2021-09-14T23:59:59+02:00,37267,34842,277442,266806,383672,353859,399034,391938,462745,471756,514675,515753,351034,391783,245578,314540,72208,132257,28773,26678,250383,240591,360104,327828,378270,367266,441685,447265,495117,495745,340778,380037,238775,305159,69598,126837,4005127,3775820,522112,499833,808254,762926,283009,597,546
2021-09-13T23:59:59+02:00,36880,34448,276204,265538,382721,352814,398258,391060,462049,471035,514151,515249,350812,391533,245457,314386,72169,132184,28313,26257,249256,239537,359284,327044,377668,366610,441126,446741,494658,495365,340585,379813,238675,305013,69569,126783,3996920,3768891,521392,499548,808221,762829,281724,597,546
2021-09-12T23:59:59+02:00,36737,34319,275633,265099,382247,352368,397869,390633,461723,470732,513938,515033,350705,391421,245411,314311,72158,132149,28155,26139,248727,239125,358780,326600,377299,366255,440822,446451,494409,495142,340460,379682,238616,304926,69554,126738,3993731,3765864,521226,499356,808185,762703,280652,597,545
2021-09-11T23:59:59+02:00,36658,34270,275440,264889,382021,352179,397708,390477,461590,470609,513867,514972,350675,391391,245402,314295,72156,132146,28008,26040,248447,238942,358556,326442,377149,366114,440674,446333,494342,495087,340436,379655,238608,304913,69554,126734,3992693,3764782,521137,499223,808177,762682,280042,597,544
2021-09-10T23:59:59+02:00,36331,33935,274362,263898,381065,351280,396829,389669,460792,469927,513310,514525,350468,391191,245314,314183,72138,132116,27799,25840,247538,238236,357728,325706,376363,365488,439982,445811,493852,494706,340275,379499,238527,304809,69532,126704,3987365,3761321,520996,499006,808168,762660,276102,597,544
2021-09-09T23:59:59+02:00,35893,33486,273058,262740,380014,350101,395888,388634,459993,469052,512729,514014,350229,390909,245187,314028,72102,132056,27417,25449,246465,237273,356814,324838,375551,364680,439291,445203,493265,494263,340060,379270,238407,304667,69501,126652,3979175,3755223,520692,498607,808123,762509,273421,592,542
2021-09-08T23:59:59+02:00,35491,33086,272098,261750,379216,349252,395193,387855,459364,468452,512291,513553,350025,390666,245082,313853,72073,131998,27123,25160,245539,236415,356005,324103,374866,363959,438687,444641,492816,493809,339860,379024,238292,304504,69467,126564,3972715,3749536,520470,498287,808071,762374,271332,592,540
2021-09-07T23:59:59+02:00,35115,32749,271075,260820,378385,348472,394548,387181,458833,467929,511848,513157,349835,390456,244982,313687,72040,131928,26846,24949,244663,235630,355199,323418,374218,363400,438181,444133,492371,493419,339651,378807,238205,304366,69441,126511,3966618,3744540,520229,497946,808059,762197,269420,592,540
2021-09-06T23:59:59+02:00,34717,32341,269959,259716,377442,347524,393864,386405,458234,467295,511408,512723,349613,390209,244893,313567,72010,131858,26611,24738,243891,234872,354455,322763,373605,362811,437718,443628,491958,493035,339438,378600,238125,304231,69412,126456,3959406,3739717,520092,497705,808011,762068,267552,592,540
2021-09-05T23:59:59+02:00,34561,32192,269552,259305,377135,347178,393567,386088,458002,467058,511231,512543,349543,390116,244851,313505,71994,131831,26475,24583,243462,234478,354057,322376,373248,362500,437458,443379,491760,492828,339339,378481,238083,304167,69395,126424,3956816,3737083,519990,497430,807983,761931,266744,592,540
2021-09-04T23:59:59+02:00,34502,32154,269386,259174,377016,347051,393439,385983,457926,466973,511180,512498,349531,390098,244845,313493,71994,131830,26437,24530,243295,234334,353898,322212,373101,362384,437366,443277,491694,492779,339318,378461,238075,304155,69395,126423,3956109,3736298,519936,497292,807978,761908,266330,592,540
2021-09-03T23:59:59+02:00,34184,31838,268493,258368,376277,346390,392852,385393,457349,466490,510719,512159,349360,389919,244779,313387,71971,131797,26113,24189,242279,233475,353103,321494,372431,361730,436714,442688,491206,492363,339121,378262,237989,304049,69375,126396,3951744,3732004,519232,495755,807950,761835,264076,592,540
2021-09-02T23:59:59+02:00,33820,31500,267443,257486,375414,345550,392117,384644,456664,465863,510188,511731,349096,389668,244656,313209,71946,131718,25816,23925,241255,232676,352211,320716,371694,361023,436000,442064,490643,491907,338874,377997,237881,303898,69349,126318,3945792,3726825,518946,495272,807915,761512,261331,592,539
2021-09-01T23:59:59+02:00,33493,31134,266593,256644,374654,344879,391586,384097,456194,465383,509802,511386,348919,389476,244567,313092,71922,131658,25427,23523,240165,231614,351342,319861,371005,360328,435384,441456,490118,491422,338642,377731,237750,303744,69321,126263,3940349,3720013,518761,494728,807881,761297,259753,592,535
2021-08-31T23:59:59+02:00,33096,30792,265727,255736,373916,344161,391012,383513,455681,464899,509351,511019,348729,389284,244471,312944,71891,131615,25142,23228,239212,230725,350534,319112,370343,359692,434826,440946,489596,491021,338440,377517,237662,303595,69287,126208,3934810,3714697,518571,494341,807856,760880,257860,590,535
2021-08-30T23:59:59+02:00,32549,30305,264423,254554,372917,343246,390196,382697,454926,464186,508790,510519,348500,389066,244378,312790,71855,131546,24823,22911,238055,229739,349532,318215,369553,358949,434127,440363,489038,490505,338184,377274,237537,303415,69246,126131,3927314,3708647,518454,493898,807812,760627,255117,589,533
2021-08-29T23:59:59+02:00,32359,30114,263856,254042,372435,342829,389816,382360,454631,463897,508560,510297,348403,388957,244328,312726,71845,131522,24598,22696,237337,229103,348922,317672,369057,358478,433699,439987,488728,490244,338042,377120,237477,303341,69228,126106,3924219,3704766,518333,493499,807784,760368,253891,589,533
2021-08-28T23:59:59+02:00,32269,30017,263627,253863,372256,342676,389660,382237,454507,463777,508485,510245,348379,388934,244317,312714,71844,131519,24533,22592,237018,228844,348671,317476,368836,358313,433517,439822,488599,490152,338000,377078,237457,303315,69226,126102,3923177,3703188,518293,493382,807778,760342,253327,589,533
2021-08-27T23:59:59+02:00,32038,29767,262982,253298,371740,342155,389189,381784,454051,463379,508113,509961,348250,388800,244259,312628,71825,131499,24387,22441,236414,228345,348056,316972,368364,357884,433067,439468,488296,489904,337869,376960,237402,303251,69215,126095,3919371,3699974,518224,493168,807720,760283,251650,589,533
2021-08-26T23:59:59+02:00,31657,29380,261976,252319,370887,341339,388431,381039,453364,462701,507562,509480,348018,388541,244138,312511,71797,131438,24038,22077,234934,226982,346826,315783,367250,356890,432194,438662,487625,489328,337582,376639,237238,303082,69185,126050,3913179,3691621,517979,492522,807680,759924,248976,589,531
2021-08-25T23:59:59+02:00,31293,29046,261051,251458,370137,340564,387770,380344,452728,462112,507005,509021,347780,388285,244012,312348,71762,131371,23432,21503,232883,225117,345344,314378,366059,355693,431193,437700,486822,488601,337200,376247,237084,302847,69141,125961,3907452,3679623,517848,492114,807653,759776,246366,587,529
2021-08-24T23:59:59+02:00,30974,28778,260319,250676,369529,339931,387229,379769,452245,461599,506592,508648,347570,388060,243894,312183,71736,131299,23115,21187,231671,224052,344379,313454,365274,354944,430519,437051,486263,488054,336920,375933,236949,302686,69116,125897,3902499,3672431,517560,491667,807632,759471,244567,587,525
2021-08-23T23:59:59+02:00,30452,28250,258928,249359,368498,339017,386396,378976,451464,460913,505942,508080,347288,387778,243754,311995,71709,131240,22805,20888,230188,222734,343065,312383,364322,354091,429655,436290,485556,487485,336616,375598,236813,302495,69090,125837,3895052,3665009,517412,491186,807597,759185,241197,587,524
2021-08-22T23:59:59+02:00,30306,28136,258522,248989,368143,338686,386123,378710,451226,460668,505753,507930,347191,387684,243713,311937,71692,131214,22623,20706,229468,222054,342374,311723,363787,353585,429214,435885,485234,487219,336452,375414,236749,302390,69072,125801,3892824,3660617,517263,490721,807558,758885,240192,587,520
2021-08-21T23:59:59+02:00,30055,27931,258025,248527,367824,338365,385865,378452,451021,460490,505605,507791,347136,387628,243691,311899,71689,131205,22348,20452,228725,221401,341888,311324,363384,353174,428849,435579,485005,487022,336367,375346,236722,302347,69066,125789,3890272,3657639,517119,489515,807550,758829,239468,587,520
2021-08-20T23:59:59+02:00,29863,27732,257364,247865,367083,337736,385185,377923,450426,459994,505130,507468,346990,387468,243636,311802,71672,131170,21943,20112,226918,219781,340475,310126,362265,352217,427892,434779,484285,486470,336123,375097,236620,302227,69041,125759,3886787,3649375,516795,488354,807537,758462,236596,587,520
2021-08-19T23:59:59+02:00,29531,27418,256378,247011,366078,336947,384395,377230,449714,459354,504565,506983,346749,387204,243528,311655,71638,131097,21448,19619,224151,217342,338165,308286,360557,350740,426486,433506,483125,485512,335704,374671,236427,301980,69007,125690,3881252,3634989,516429,486587,807495,757990,233501,587,519
2021-08-18T23:59:59+02:00,29244,27157,255582,246304,365373,336328,383814,376661,449115,458855,504090,506567,346476,386964,243410,311507,71606,131031,21070,19246,221674,214818,336103,306523,358908,349086,424960,432173,481980,484473,335186,374119,236195,301684,68956,125596,3876132,3621704,516249,482649,807465,757608,231438,586,519
2021-08-17T23:59:59+02:00,28926,26881,254797,245584,364752,335644,383251,376103,448623,458370,503656,506146,346275,386754,243293,311376,71579,130979,20599,18811,218925,212061,334025,304692,357217,347620,423521,430896,480854,483481,334692,373577,235959,301391,68902,125520,3871077,3606616,515948,479867,807439,757178,229724,585,518
2021-08-16T23:59:59+02:00,28636,26618,254103,244932,364180,335087,382788,375641,448183,457930,503237,505782,346090,386547,243194,311212,71548,130939,20045,18327,215749,208984,331733,302572,355692,346166,422312,429757,479905,482636,334304,373130,235773,301120,68863,125431,3866663,3589177,515792,479160,807413,756828,227976,585,516
2021-08-15T23:59:59+02:00,28439,26455,253608,244485,363748,334696,382427,375302,447884,457672,502994,505586,345975,386428,243145,311132,71537,130918,19260,17598,211737,204920,329832,300951,354426,344939,421282,428817,479121,481975,333969,372796,235648,300943,68839,125381,3863801,3571522,515649,478245,807374,756501,226804,585,514
2021-08-14T23:59:59+02:00,28370,26396,253361,244287,363512,334519,382251,375152,447727,457542,502876,505479,345926,386396,243127,311109,71534,130913,18934,17300,210662,203815,329007,300187,353705,344260,420786,428356,478733,481653,333829,372667,235610,300886,68830,125364,3862624,3564819,515577,477874,807369,756424,226104,585,514
2021-08-13T23:59:59+02:00,28113,26153,252653,243698,363012,334090,381812,374719,447291,457176,502538,505220,345798,386244,243062,311032,71522,130884,18330,16743,208773,202025,327580,298868,352435,343067,419732,427415,477983,481011,333585,372377,235497,300743,68812,125310,3858790,3552856,515506,477271,807359,756232,224560,581,514
2021-08-12T23:59:59+02:00,27915,25928,251928,243060,362391,333498,381278,374233,446756,456730,502118,504864,345614,386043,242960,310925,71509,130836,17747,16245,206175,199750,324696,296323,350415,341262,418224,426160,476758,479943,333134,371842,235251,300466,68772,125227,3854826,3535400,515314,476094,807321,755204,222320,579,512
2021-08-11T23:59:59+02:00,27680,25681,251198,242368,361764,332915,380751,373751,446290,456302,501707,504434,345387,385801,242844,310790,71481,130781,16927,15557,203124,196762,321506,293377,348239,339192,416721,424750,475474,478652,332590,371198,235002,300059,68721,125098,3849966,3513503,515094,475023,807281,754265,220780,576,511
2021-08-10T23:59:59+02:00,27434,25423,250363,241631,361047,332361,380209,373201,445791,455824,501251,504032,345190,385604,242758,310651,71458,130737,16130,14772,198917,192620,316831,289148,345247,336408,414596,422800,473872,477189,331900,370525,234703,299649,68664,124979,3844871,3483309,514808,473908,807243,753113,219238,574,511
2021-08-09T23:59:59+02:00,27236,25222,249735,241055,360464,331877,379763,372820,445379,455476,500905,503747,345029,385456,242692,310539,71438,130701,15136,13828,194369,188018,311112,284392,342484,333907,412678,421024,472251,475722,331253,369833,234427,299278,68605,124844,3841145,3452883,514628,471130,807212,752019,217742,573,507
2021-08-08T23:59:59+02:00,27064,25063,249251,240641,360068,331522,379414,372527,445074,455216,500662,503554,344921,385348,242629,310460,71421,130668,14914,13633,193019,186645,309483,283051,341166,332741,411799,420265,471677,475201,330990,369562,234298,299110,68579,124793,3838553,3443735,514471,469761,807159,751530,216508,573,506
2021-08-07T23:59:59+02:00,26915,24887,248720,240191,359669,331182,379079,372244,444781,454979,500435,503379,344849,385253,242595,310410,71413,130657,13742,12589,189339,183051,307434,281196,339442,331215,410462,418995,470750,474405,330634,369188,234167,298921,68545,124756,3835689,3424074,514364,468425,807148,751316,215625,573,503
2021-08-06T23:59:59+02:00,26689,24652,247851,239521,358884,330570,378402,371668,444124,454452,499896,502988,344615,385049,242496,310294,71402,130635,12834,11762,185589,179493,303955,278379,337315,329375,408855,417650,469449,473438,330254,368801,234007,298766,68521,124709,3833104,3404712,512997,466695,807136,750215,212138,573,502
2021-08-05T23:59:59+02:00,26365,24328,246671,238581,357983,329694,377572,370935,443380,453766,499225,502443,344330,384747,242381,310119,71361,130572,11828,10829,181102,175540,298557,273957,333190,325800,406041,415157,467189,471651,329585,368096,233743,298393,68460,124598,3826712,3376719,512732,461978,807067,746497,209120,573,501
2021-08-04T23:59:59+02:00,25991,23985,245525,237590,356981,328780,376792,370221,442750,453165,498648,501910,344056,384478,242258,309946,71334,130501,11014,10117,177617,172231,294779,270822,328774,321885,403783,413060,465477,470095,328888,367396,233468,298041,68400,124496,3820190,3349506,512387,460207,807032,744746,206471,569,500
2021-08-03T23:59:59+02:00,25526,23563,244157,236406,356073,327945,376080,369526,442095,452503,498047,501374,343764,384178,242128,309769,71290,130433,10453,9616,174122,168775,290664,267168,323654,317264,401027,410497,463131,467990,328042,366526,233116,297567,68332,124357,3812241,3317318,512225,458324,806988,742670,204570,569,500
2021-08-02T23:59:59+02:00,25208,23256,243103,235443,355223,327184,375376,368925,441522,451954,497520,500925,343501,383902,242010,309612,71264,130374,9898,9075,170477,165175,285954,263189,317771,312302,398266,407933,460892,465992,327269,365689,232820,297167,68270,124239,3805869,3283781,511976,456341,806930,740136,202692,568,498
2021-08-01T23:59:59+02:00,25052,23066,242472,234835,354624,326669,374932,368530,441088,451632,497174,500647,343359,383735,241934,309496,71250,130348,9631,8866,168924,163716,283460,261184,313129,308583,396404,406353,459411,464742,326835,365202,232647,296949,68241,124180,3802176,3265829,511672,454192,806836,737685,201322,565,494
2021-07-31T23:59:59+02:00,24942,22961,242129,234514,354341,326441,374691,368359,440898,451479,497065,500546,343326,383695,241914,309483,71249,130342,8396,7769,165144,159862,280629,258631,311036,306579,395003,405070,458262,463751,326515,364825,232513,296775,68215,124134,3800554,3242856,511482,453252,806830,736891,200671,565,494
2021-07-30T23:59:59+02:00,24652,22701,241327,233795,353763,325910,374197,367892,440435,451075,496703,500254,343188,383554,241869,309403,71236,130326,7458,6899,161391,156091,277225,255511,308002,303753,392769,402952,456412,462163,326003,364291,232303,296483,68182,124076,3796456,3217726,511111,452046,806812,733690,199061,564,492
2021-07-29T23:59:59+02:00,24305,22360,239790,232520,352594,324830,373225,366977,439575,450279,495888,499628,342854,383240,241732,309218,71198,130259,6474,6026,156525,151594,271825,251313,302080,298961,388400,399450,453354,459747,325168,363441,231990,296072,68122,123976,3788851,3183704,510429,447170,806727,728575,195619,563,492
2021-07-28T23:59:59+02:00,24003,22072,238636,231479,351709,323986,372472,366282,438933,449609,495320,499136,342599,382940,241597,309031,71163,130187,5983,5583,152755,147934,267313,247639,297630,294997,385128,396587,451260,457889,324507,362679,231721,295686,68058,123850,3782078,3152884,509888,445241,806649,725926,193692,562,489
2021-07-27T23:59:59+02:00,23730,21845,237625,230503,350861,323243,371766,365688,438345,448991,494792,498677,342354,382635,241463,308835,71127,130088,5413,5056,147718,142796,261373,242494,292316,290220,381104,392880,448071,455070,323515,361573,231354,295179,67966,123691,3775761,3111201,509331,442908,806591,722176,192039,561,487
2021-07-26T23:59:59+02:00,23497,21605,236648,229518,350068,322536,371157,365131,437788,448499,494339,498305,342121,382394,241335,308676,71103,130030,4991,4698,143361,138389,255807,237694,287135,285732,376628,388911,444543,452040,322560,360607,231024,294699,67891,123553,3770058,3071687,508699,440648,806509,717814,190635,558,487
2021-07-25T23:59:59+02:00,23138,21304,235306,228361,349122,321764,370474,364466,437207,447957,493876,497899,341922,382180,241245,308546,71082,129966,4738,4465,141511,136625,253109,235467,284623,283628,374486,387125,442445,450239,322044,360091,230819,294469,67866,123476,3762965,3056610,508320,438458,806442,713442,189232,557,487
2021-07-24T23:59:59+02:00,22889,21107,234376,227499,348397,321111,369899,363944,436677,447518,493514,497621,341806,382081,241201,308485,71079,129955,4416,4180,138609,133819,250370,233141,282054,281405,372222,385266,441203,449251,321694,359753,230674,294291,67847,123442,3758936,3038226,507554,435439,806427,713099,187383,557,487
2021-07-23T23:59:59+02:00,22471,20720,232869,226152,347069,320165,368847,363077,435795,446729,492815,497088,341570,381809,241112,308372,71058,129919,3994,3789,133115,128968,244987,228823,277568,277610,368527,382056,438545,447045,320993,359029,230419,293978,67793,123361,3751442,3002608,507082,433662,806372,710958,183871,557,487
2021-07-22T23:59:59+02:00,21965,20244,230759,224167,345312,318618,367340,361784,434476,445580,491834,496185,341135,381357,240935,308123,71014,129838,3572,3445,128760,124899,238973,224302,271169,272532,361620,376545,433079,442525,319805,357766,229978,293449,67699,123207,3738968,2960435,505492,427669,806240,704629,181083,556,485
2021-07-21T23:59:59+02:00,21456,19720,228868,222343,343609,317082,365720,360206,432897,444190,490604,495014,340582,380832,240687,307839,70960,129743,3369,3248,124990,121317,233503,220055,265629,267999,353476,369599,428462,438776,318685,356617,229515,292883,67618,123027,3727930,2924849,501730,416765,806014,699840,177788,556,483
2021-07-20T23:59:59+02:00,21153,19440,227397,220861,342372,315907,364756,359328,432033,443398,489879,494365,340242,380458,240540,307617,70931,129653,3108,2958,120647,117069,227145,214872,259792,262812,346348,363484,423755,434456,317587,355360,229100,292294,67520,122845,3718582,2880992,501322,409531,805883,695442,175646,556,482
2021-07-19T23:59:59+02:00,20839,19144,225660,219164,341057,314651,363713,358349,431218,442619,489208,493747,339946,380094,240388,307384,70886,129556,2915,2750,117884,114460,222744,211276,255164,258854,342627,360303,421130,432268,316860,354631,228800,291902,67445,122721,3707979,2855876,500898,404141,805789,691110,174056,556,482
2021-07-18T23:59:59+02:00,20685,19011,224361,217887,339434,313211,362640,357419,430394,441894,488667,493203,339713,379808,240260,307207,70864,129494,2824,2657,116379,113066,220076,209088,252806,256745,340373,358448,419091,430572,316368,354142,228640,291683,67424,122653,3698496,2843546,500359,399858,805713,687402,172677,555,479
2021-07-17T23:59:59+02:00,20286,18588,223207,216826,338851,312668,362047,356905,429873,441444,488251,492914,339608,379691,240218,307151,70861,129483,2560,2400,114306,110962,217614,206781,250334,254545,337941,356306,417640,429308,316032,353750,228505,291515,67401,122613,3692915,2826005,500156,397132,805688,686614,171206,552,479
2021-07-16T23:59:59+02:00,19742,18074,220663,214679,337113,311364,360537,355611,428406,440236,487152,492053,339202,379322,240047,306992,70836,129447,2292,2159,111186,108154,212838,202845,245791,250900,333635,352599,414291,426581,315108,352819,228154,291097,67347,122532,3682709,2798263,499395,394766,805529,682797,164929,551,478
2021-07-15T23:59:59+02:00,19100,17446,217875,212254,335205,309658,358948,354174,427061,439048,486205,491198,338798,378894,239844,306736,70794,129342,2115,2018,107271,104921,204450,196585,238275,245281,327017,347351,407207,420118,313362,351000,227605,290425,67275,122333,3667640,2751555,498794,386310,805412,675360,161792,550,478
2021-07-14T23:59:59+02:00,18254,16720,215428,209928,333496,308124,357542,352826,425836,437847,485177,490238,338342,378432,239603,306424,70740,129255,1963,1873,103650,101573,197956,191397,232546,240598,322713,343864,403022,416484,312047,349686,227195,289865,67191,122179,3652694,2717827,498208,380759,805288,668542,159074,549,475
2021-07-13T23:59:59+02:00,17600,16062,213240,207901,331892,306746,356204,351593,424658,436752,484214,489375,337901,377959,239400,306177,70705,129162,1851,1765,99881,98025,191457,185977,225392,234523,316022,337793,394615,408609,310246,347757,226590,289071,67079,121978,3638829,2674926,497649,368064,805129,659051,156981,548,471
2021-07-12T23:59:59+02:00,16580,15127,209955,204712,329825,305008,354622,350120,423412,435544,483229,488470,337485,377486,239221,305948,70665,129084,1772,1694,96775,95300,186161,181662,218401,228834,309172,331748,389507,404328,308509,345884,225995,288338,66980,121807,3620315,2636536,497091,360910,804948,650623,155178,547,469
2021-07-11T23:59:59+02:00,16071,14650,208593,203433,329073,304285,353957,349490,422844,435037,482778,488125,337294,377282,239160,305842,70643,129044,1739,1668,95352,94009,183370,179348,215395,226534,306476,329587,386672,401936,306034,343254,225615,287867,66926,121709,3614033,2621501,496451,358913,804816,640113,153342,541,465
2021-07-10T23:59:59+02:00,15596,14190,206742,201642,327603,303016,352819,348511,422111,434438,482300,487727,337124,377117,239094,305756,70633,129024,1698,1621,94044,92732,180825,177226,212353,224047,303946,327420,385505,400898,305387,342584,225435,287678,66910,121682,3605425,2604662,495807,358681,804581,638357,150662,540,465
2021-07-09T23:59:59+02:00,15271,13909,204834,199799,325992,301555,351746,347544,421205,433721,481727,487249,336916,376893,238998,305635,70618,128990,1024,965,91249,90006,177288,173992,208002,219888,298920,322812,382056,397911,304290,341353,225129,287311,66872,121618,3596247,2575622,494938,356614,804386,630751,148057,538,465
2021-07-08T23:59:59+02:00,14803,13481,201338,196809,322673,298881,349368,345550,419493,432260,480292,486178,336477,376453,238820,305386,70573,128912,906,854,86942,86233,170033,168319,199853,213478,291536,316684,375096,391690,301559,338425,224349,286370,66755,121358,3580870,2529335,490887,347941,803865,620371,143127,537,464
2021-07-07T23:59:59+02:00,14302,13027,197591,192937,319494,296012,347051,343497,417934,430785,479087,485074,335999,375888,238629,305113,70534,128806,772,758,83256,82780,162720,162590,190787,206290,283537,310110,368046,384867,298245,334802,223438,285267,66613,121111,3559530,2481277,489519,334487,803479,610359,140187,534,461
2021-07-06T23:59:59+02:00,13842,12653,194155,189554,316231,293270,344573,341201,416214,429219,477816,483939,335496,375328,238432,304823,70481,128721,650,640,79684,79195,156033,157070,183365,200075,274587,302149,361550,378768,295043,331550,222552,284175,66505,120882,3539637,2428688,486442,327501,803061,600835,137756,531,461
2021-07-05T23:59:59+02:00,13444,12316,189755,185306,312164,289926,342056,338861,414536,427670,476672,482864,335023,374811,238252,304579,70448,128635,574,545,76613,76359,150903,152969,178591,195947,267665,295871,355435,373225,291764,328102,221663,283053,66395,120711,3516752,2389560,485278,322999,802566,590466,133657,528,458
2021-07-04T23:59:59+02:00,13266,12157,185906,181430,309519,287893,340740,337785,413651,426892,476089,482370,334799,374558,238165,304454,70422,128581,542,516,74423,74487,147794,150392,176253,193900,265213,293808,352319,371013,288456,324704,221082,282387,66339,120591,3504481,2375738,483982,320700,802002,578927,129143,528,457
2021-07-03T23:59:59+02:00,12070,11100,179474,175425,305245,284431,338403,335612,411831,425082,474873,481313,334399,374112,237991,304208,70398,128538,511,497,72641,72905,145363,148509,173810,191813,262143,291078,350035,369156,286702,322718,220813,282025,66307,120542,3478085,2359980,482573,320499,801819,574434,122942,528,457
2021-07-02T23:59:59+02:00,10970,10008,175759,171959,302824,282229,336652,333906,410581,423893,474098,480622,334140,373796,237877,304026,70370,128490,472,446,69941,70218,141431,145217,169365,187763,256084,285626,344806,364445,283445,318987,220172,281252,66258,120457,3459970,2326722,481092,317709,801637,561842,120409,526,441
2021-07-01T23:59:59+02:00,9873,9079,172082,168509,298778,278931,334155,331630,408785,422308,473001,479662,333720,373332,237676,303756,70324,128411,400,373,65047,65494,135098,139873,162072,181249,245818,276757,333996,354643,278656,313710,218318,278994,66079,120144,3437381,2270305,478994,305340,801290,544101,117250,526,437
2021-06-30T23:59:59+02:00,9383,8685,168807,165421,293148,274300,330479,328290,407014,420765,471978,478690,333297,372848,237484,303455,70290,128322,318,312,61914,62641,129451,135192,155420,175246,235755,267596,320581,341354,273439,308157,216427,276668,65911,119822,3412244,2215209,476821,292517,800996,525249,113486,525,435
2021-06-29T23:59:59+02:00,8846,8163,164998,161634,288604,270027,326911,324992,404907,418682,470430,477276,332708,372210,237230,303100,70235,128213,260,241,59119,59640,124497,130775,149391,169710,223896,256886,312015,332977,266974,300962,214453,274206,65708,119476,3384686,2155884,474821,287848,800670,507832,109867,523,432
2021-06-28T23:59:59+02:00,8441,7784,161666,158171,283560,265702,323604,322146,402762,416756,468943,475963,332189,371598,236997,302791,70191,128120,200,191,56840,57285,120586,127259,145038,165624,214668,248462,306219,327562,262025,295666,212689,271971,65561,119210,3360730,2120114,470850,279221,800011,491300,106656,523,429
2021-06-27T23:59:59+02:00,8293,7661,160159,156642,281455,263892,321801,320607,401060,415395,468045,475246,331898,371306,236894,302628,70172,128071,174,171,55639,56173,118460,125547,142467,163490,210553,245072,302847,324699,258213,291657,210230,269057,65450,119015,3350699,2104622,468773,275719,798963,475153,103652,522,427
2021-06-26T23:59:59+02:00,7139,6561,156888,153304,279350,262009,319386,318365,399869,414239,467346,474548,331629,371026,236787,302470,70148,128041,163,159,55091,55581,117115,124389,141039,162250,208308,243063,300314,322283,256673,289994,209896,268647,65423,118945,3331555,2087783,465949,275628,798957,472653,103517,500,407
2021-06-25T23:59:59+02:00,5917,5445,152578,149016,275951,259053,317334,316404,398559,412992,466344,473723,331340,370690,236660,302314,70121,127992,134,138,53801,53955,114630,121688,136950,157678,199539,234609,294618,316405,254948,287873,209303,267845,65352,118828,3306587,2045249,464518,273929,798905,466062,103290,500,406
2021-06-24T23:59:59+02:00,5053,4657,148126,144884,271115,255099,313057,312619,396363,411117,464968,472587,330915,370228,236492,302076,70087,127905,115,108,51149,51358,109494,116963,129608,151026,187484,224148,283198,306165,249564,282026,207467,265497,65149,118427,3275356,1983123,462509,262137,798738,452301,101600,499,405
2021-06-23T23:59:59+02:00,4831,4451,144958,141764,267410,251942,307813,307813,393869,408770,463560,471269,330386,369609,236261,301764,70039,127798,83,78,49205,49269,105694,113048,123933,145342,177577,215475,271211,294164,244950,277207,206133,263797,64988,118068,3247770,1926733,458985,252269,798577,441601,99823,497,403
2021-06-22T23:59:59+02:00,4580,4221,141879,138634,263690,248559,301681,302378,391235,406210,462016,469783,329836,369000,236040,301411,69992,127691,53,57,47512,47522,102079,109737,119127,140759,164971,204325,260291,283856,240882,272730,204212,261386,64736,117596,3215688,1868298,457048,244539,798383,430643,98549,495,393
2021-06-21T23:59:59+02:00,4321,3976,138613,135689,258981,244650,296433,297508,388185,403335,460544,468429,329318,368437,235819,301098,69952,127579,45,49,46277,46293,99691,107514,116390,138050,158747,198546,253400,277216,235525,266890,200272,256858,64551,117219,3183920,1837264,455001,239022,798176,410849,96588,492,392
2021-06-20T23:59:59+02:00,4177,3857,137105,134179,254726,241152,293851,295267,386793,402018,459754,467683,329092,368148,235707,300966,69932,127517,39,46,45151,45368,97427,105715,114110,136060,155712,196001,249085,273137,232521,263357,199284,255603,64470,117093,3166416,1816857,453236,235469,798018,402977,95063,490,385
2021-06-19T23:59:59+02:00,3761,3506,134953,132081,251974,238828,292066,293612,384948,400451,458915,466955,328871,367895,235604,300828,69912,127485,38,44,44606,44720,96152,104448,112633,134592,154201,194560,245858,270108,231796,262506,199113,255340,64448,117040,3150070,1800856,450412,233886,798009,402689,94953,490,384
2021-06-18T23:59:59+02:00,2809,2593,131670,128940,248449,235773,288053,290199,382548,398324,457576,465796,328495,367494,235449,300593,69885,127436,38,43,43819,43804,94574,102665,110330,131921,150650,190520,238994,262814,230067,260499,198627,254700,64373,116906,3124250,1771513,445974,233355,797983,395975,94670,490,383
2021-06-17T23:59:59+02:00,2575,2370,127958,125648,242415,231327,282822,285810,377756,394334,455249,463956,327899,366771,235204,300238,69820,127323,37,43,41578,41976,90520,99185,105421,127165,142782,182843,227586,251415,224860,254558,196975,252540,64114,116486,3089404,1715775,442986,229205,797720,385063,90202,435,376
2021-06-16T23:59:59+02:00,2304,2134,124720,122240,237512,226972,278123,281549,372584,389835,452653,461812,327156,365973,234914,299824,69754,127208,37,41,39741,40374,86979,96151,101065,123333,134540,175492,215476,239494,218621,247441,195048,250212,63862,115998,3055833,1655918,437445,223597,797226,376953,87590,433,374
2021-06-15T23:59:59+02:00,1915,1802,119802,117369,231528,221824,272771,276561,367515,385204,449804,459394,326287,364997,234562,299312,69672,127024,36,39,38124,38760,83651,93102,97092,119277,127478,169111,203111,227456,212584,240643,193084,247780,63552,115426,3011093,1598568,435516,217743,796666,369268,84876,433,371
2021-06-14T23:59:59+02:00,1652,1527,115749,113207,226296,216915,267408,271586,362222,380448,446684,456799,325501,364138,234253,298924,69610,126903,32,38,37145,37871,81372,91002,94380,116754,123357,165360,196504,220949,209471,237135,191949,246306,63333,115033,2968918,1568939,433160,215465,796410,361602,82128,431,367
2021-06-13T23:59:59+02:00,1579,1442,114255,111830,223844,214810,264864,269327,359968,378487,445513,455773,325225,363834,234117,298752,69578,126829,29,38,36276,37134,79511,89325,92365,114930,120531,162748,192625,217236,206377,233690,190915,244936,63101,114620,2953923,1554911,430720,208183,796107,353366,80064,431,366
2021-06-12T23:59:59+02:00,1430,1304,111602,109080,221947,213079,263478,268047,358529,377088,444619,455006,324937,363525,234025,298649,69560,126801,29,38,35906,36728,78521,88230,91111,113630,118949,161184,189058,213931,205342,232561,189516,243279,63091,114588,2937732,1541730,429742,208174,796085,345986,79930,430,365
2021-06-11T23:59:59+02:00,1283,1168,109051,106563,219050,210455,259808,264852,355394,374354,442905,453535,324501,363073,233888,298441,69533,126746,29,37,35230,35612,76512,84849,88876,110092,114835,156040,182345,206468,203244,230187,188911,242508,63028,114489,2913303,1514178,426940,207477,795902,332531,79229,429,364
2021-06-10T23:59:59+02:00,1121,1011,104297,102149,212974,205688,252746,259023,349299,369057,438409,449758,323640,362102,233568,297995,69449,126593,27,36,33648,34122,72506,80670,83951,104580,108155,147809,169979,192812,197157,223287,187182,240365,62774,114085,2869636,1466941,419836,205732,795067,305498,75088,425,358
2021-06-09T23:59:59+02:00,972,882,100375,98434,207001,200957,245932,253307,342636,363103,434724,446735,322959,361355,233295,297612,69384,126461,26,35,32111,32862,69263,78015,80254,101408,103424,143522,158821,182033,186518,211270,185316,238119,62502,113590,2830588,1412806,411305,201749,794551,294213,70425,407,355
2021-06-08T23:59:59+02:00,790,701,95840,93886,200359,195392,238973,247290,334372,355821,429616,442062,322123,360351,232920,297125,69304,126325,25,33,31036,32003,66671,75714,76969,98677,98835,139603,151196,174522,177789,201538,183507,235864,62270,113222,2778577,1373515,405532,196829,793965,283332,65899,407,347
2021-06-07T23:59:59+02:00,631,560,92616,90780,194287,190683,232412,242042,326539,349645,426567,439612,321575,359715,232703,296798,69250,126229,24,31,30163,31154,64202,73753,74013,96514,95067,136663,143101,166715,173732,196902,182074,234052,62046,112837,2739529,1346342,399358,193525,793397,272202,61066,407,347
2021-06-06T23:59:59+02:00,593,525,91035,89463,190991,188123,229056,239266,322254,346239,425130,438532,321302,359417,232595,296640,69227,126182,24,31,29560,30597,62426,72066,71932,94496,91868,133592,137401,160907,171192,194261,180962,232651,61818,112457,2724084,1334456,391955,183815,792911,261745,58315,406,341
2021-06-05T23:59:59+02:00,511,445,89089,87445,186111,183902,226587,237133,320437,344618,424134,437620,321015,359099,232446,296473,69213,126150,24,30,29100,29836,61222,70108,70530,92342,90185,131314,132629,155559,168183,190586,180477,231992,61784,112391,2700571,1310786,391824,183348,792798,256313,57924,405,340
2021-06-04T23:59:59+02:00,411,360,86731,84913,182441,180283,222575,233183,316842,340977,421772,435425,320558,358563,232251,296244,69174,126088,24,28,28630,29159,60098,68448,69240,90252,88394,128686,129249,151896,163941,185808,179484,230725,61736,112304,2671306,1291893,387998,182573,792678,246231,57482,404,338
2021-06-03T23:59:59+02:00,319,285,83440,81836,176701,175612,215302,227073,309121,334272,414010,428559,319521,357380,231880,295791,69118,125955,22,28,27737,28145,58199,66248,66841,87493,84746,124564,122468,145214,157589,178185,177909,228692,61622,112067,2622313,1262622,377744,177226,792255,233477,54515,402,330
2021-06-02T23:59:59+02:00,269,226,81355,79663,172598,171875,211647,223907,305531,330911,411960,426724,319110,356924,231726,295584,69090,125904,21,26,27266,27662,57066,65120,65231,86209,82678,122611,117484,140323,149697,169203,177186,227735,61537,111897,2593478,1230336,376357,175252,792229,229854,53582,399,321
2021-06-01T23:59:59+02:00,170,158,77085,75834,164315,165299,202276,216171,296426,323018,403747,418883,317601,355308,231185,294844,68978,125677,21,23,25713,26246,52748,62160,60382,82914,77245,118098,110043,133096,138577,155766,175075,224993,61329,111471,2534731,1180075,364703,171138,791472,218063,46688,393,311
2021-05-31T23:59:59+02:00,148,141,74339,73345,158652,160971,194963,210191,289035,316628,398004,413911,316604,354193,230798,294323,68888,125506,21,22,24802,25185,50118,59935,57208,80377,73627,114811,105535,128641,134408,150838,173700,223267,61160,111138,2494260,1157584,355301,168769,790832,207650,40845,392,309
2021-05-30T23:59:59+02:00,137,133,73286,72276,156165,158935,192335,207835,286248,314113,396117,412165,316240,353782,230637,294083,68850,125425,21,22,24196,24397,48523,58197,55465,78517,71388,112241,102880,125771,132251,148306,172907,222331,61067,110927,2478427,1147777,352777,167458,790199,196274,37951,391,303
2021-05-29T23:59:59+02:00,134,131,72678,71683,154650,157534,190033,205805,284410,312525,395280,411395,316017,353537,230556,294004,68839,125406,20,22,23871,23869,47602,56698,54119,76637,69460,109395,100556,122970,129439,144877,172253,221423,61040,110875,2464533,1134128,352616,167391,790134,185733,37926,389,302
2021-05-28T23:59:59+02:00,130,128,71591,70568,152248,155276,186364,202261,281133,309393,393419,409626,315608,353031,230409,293790,68820,125349,20,21,23337,22865,45994,54569,52288,74071,67413,105443,96222,117077,125045,139814,171274,220111,60993,110761,2440691,1111430,351563,167177,789926,171215,37548,387,295
2021-05-27T23:59:59+02:00,119,119,68273,67550,145755,150330,178167,196000,274728,304227,387110,403940,314338,351580,229948,293259,68748,125166,18,20,22012,21181,42738,51515,48402,70253,62849,99428,89862,109557,121109,135185,168466,216404,60820,110446,2396063,1082940,343932,164438,788114,151116,31815,385,289
2021-05-26T23:59:59+02:00,115,116,66118,65366,140803,146243,172061,190934,267974,298555,380366,397245,312814,349965,229453,292559,68644,124953,18,19,21268,20261,40909,49374,46045,67517,59808,95631,85270,104432,116118,129455,164651,211053,60610,110018,2358730,1050924,330723,162855,786290,139632,29089,383,285
2021-05-25T23:59:59+02:00,114,109,64089,63370,136598,142755,167009,186634,260908,292266,374937,391850,311526,348549,229039,291910,68561,124774,18,19,20692,19596,39509,47853,44209,65497,57332,92623,81184,100045,111160,123743,159087,203774,60440,109710,2321124,1019255,323212,159430,783746,130395,27456,379,279
2021-05-24T23:59:59+02:00,112,107,62845,62158,133835,140646,163731,184216,253957,286268,369990,387167,310697,347630,228752,291523,68490,124643,18,19,20349,19186,38488,46777,42866,64011,55647,90613,78948,97529,109729,122088,158478,202982,60328,109507,2297368,1009875,312087,158125,781935,123705,25907,378,274
2021-05-23T23:59:59+02:00,107,106,62347,61640,132733,139748,162534,183179,252715,285245,368401,385739,310074,346971,228579,291295,68470,124607,18,16,20115,18998,37936,46217,42111,63310,54479,89616,77453,96162,108548,120685,157497,201759,60257,109365,2285851,1001670,311498,155042,781891,122104,25777,378,272
2021-05-22T23:59:59+02:00,104,104,61651,61015,131235,138663,160160,181554,249743,282950,365922,383508,309544,346375,228402,291028,68444,124556,17,16,19796,18573,37320,45612,41476,62781,53826,88887,76683,95012,106997,118877,156723,200788,60230,109311,2267839,994959,311482,155038,781851,118668,24307,378,272
2021-05-21T23:59:59+02:00,100,101,60314,59573,128324,136067,156865,178229,244502,278183,359824,377822,308608,345280,228107,290630,68383,124448,17,15,19433,18206,36705,44843,40820,61728,52870,87493,74955,92714,103752,114924,155583,199337,60138,109135,2231736,981916,309838,154710,780274,112072,24021,374,268
2021-05-20T23:59:59+02:00,91,99,57265,56782,122582,131188,149928,171907,234183,269421,350787,369534,306067,342534,227338,289617,68251,124228,16,15,18136,17270,34531,42599,38363,58826,50042,83713,71027,88210,99621,110268,153111,196313,59956,108780,2173680,962557,303166,152753,774319,94403,21125,369,267
2021-05-19T23:59:59+02:00,89,97,55054,54590,117569,126507,142759,165288,223635,260058,340234,358626,303417,339663,226587,288563,68100,123952,16,15,17554,16482,33305,41015,36957,56766,48027,80933,67784,84631,95734,105794,149474,191568,59694,108288,2107710,939117,296909,150772,771336,84894,19298,367,254
2021-05-18T23:59:59+02:00,85,92,52955,52626,112779,122246,136375,159714,212061,249689,330347,348822,300745,336693,225707,287364,67949,123697,16,15,17036,15875,32087,39550,35598,54970,46210,78521,64894,81404,91721,101254,146275,187491,59482,107854,2047808,918830,287532,147907,767741,76235,17318,363,253
2021-05-17T23:59:59+02:00,82,88,51920,51630,110439,120185,133559,157060,205532,243671,322775,341725,298949,334720,225118,286540,67841,123484,16,15,16577,15426,31037,38505,34424,53674,44729,76719,62626,79003,86876,95383,144810,185602,59334,107540,2020973,907105,275218,140431,764313,69536,15256,361,249
2021-05-16T23:59:59+02:00,81,85,51132,50975,108990,118864,131814,155395,202559,240988,315341,334766,297927,333588,224807,286055,67788,123386,16,15,16294,15053,30286,37721,33551,52755,43666,75404,61294,77531,83460,91303,144018,184521,59246,107398,2005617,901001,264786,133659,761068,65395,13504,357,246
2021-05-15T23:59:59+02:00,80,85,50593,50342,107988,117873,130798,154278,200622,239051,311770,331554,297304,332903,224611,285784,67768,123322,16,15,16154,14889,30033,37413,33266,52323,43181,74756,60445,76543,82863,90487,143501,183853,59210,107351,1989396,895755,264765,133512,760200,64266,12795,355,244
2021-05-14T23:59:59+02:00,79,84,49331,48915,105733,115777,127206,150825,192408,231980,305457,325665,296322,331765,224325,285336,67720,123228,16,15,15655,14459,29245,36589,32495,51130,42104,72969,58875,74591,80952,87995,142889,182862,59169,107266,1952105,886080,263062,132635,755656,58838,11749,352,242
2021-05-13T23:59:59+02:00,75,83,47412,46963,101890,112544,122489,146710,182382,223391,294846,315843,293357,328343,223514,284198,67620,123021,14,14,14795,14012,28388,35890,31735,50228,41159,71875,57367,73022,77172,83641,140120,179251,59059,107049,1900487,873516,254435,125580,749426,54988,10735,348,237
2021-05-12T23:59:59+02:00,73,81,46500,46250,99973,111113,120420,145043,179827,221280,290112,310514,292197,327074,223274,283880,67582,122936,14,13,14629,13861,28067,35671,31330,49939,40711,71500,56824,72453,75822,82008,139340,178116,58973,106889,1877385,867753,252272,123783,748935,54718,9935,345,235
2021-05-11T23:59:59+02:00,69,75,44254,44774,95932,108029,114603,140311,166454,210006,278459,299749,288796,323160,222320,282481,67432,122637,14,12,14199,13294,27053,34244,30196,48130,39403,69226,55116,70187,72729,78420,137978,176280,58814,106530,1818502,855446,242543,121092,740421,46856,8454,341,234
2021-05-10T23:59:59+02:00,68,71,42999,43796,93328,106021,111348,137677,158069,202979,270581,292640,286622,320707,221749,281621,67308,122396,14,11,13853,12850,26292,33259,29401,46869,38406,67370,53887,68459,70641,75865,136832,174765,58695,106242,1782919,846565,236500,120037,733445,39655,7484,338,225
2021-05-09T23:59:59+02:00,67,71,41876,43024,90647,104264,108681,135907,153054,199557,265056,287692,285379,319318,221372,281093,67242,122250,14,11,13536,12630,25596,32591,28672,46066,37611,66408,52959,67517,69410,74462,136235,173927,58640,106111,1763567,841986,229400,119058,727446,34876,6502,333,223
2021-05-08T23:59:59+02:00,66,71,41584,42720,89800,103531,107581,135050,151601,198338,262494,285627,284878,318778,221253,280916,67226,122218,14,11,13434,12568,25466,32500,28526,45937,37422,66214,52618,67197,68445,73539,135164,172559,58593,106018,1751501,837366,228890,118310,727220,34098,6487,326,211
2021-05-07T23:59:59+02:00,64,70,40661,42003,87862,102189,104748,132831,146979,194529,256237,280113,283536,317178,220907,280463,67174,122096,14,11,12689,12087,24638,31763,27760,44876,36557,64950,51434,65684,66195,70849,132934,169733,58504,105841,1725688,827669,225679,116037,723097,27310,5538,320,207
2021-05-06T23:59:59+02:00,60,69,38019,40279,83111,98729,98750,128076,136791,186013,239799,265703,278417,311381,219618,278776,67000,121782,14,11,12002,11569,23700,30659,26760,43525,35201,62951,49699,63705,63705,67719,130822,166967,58390,105623,1660129,816560,215774,112926,712189,18942,4628,306,206
2021-05-05T23:59:59+02:00,58,66,36131,39080,79452,96141,94147,124431,128965,179480,225045,251658,272232,304245,218045,276788,66754,121259,14,10,11768,11293,23154,29934,26157,42604,34277,61550,48546,62290,61090,64603,127876,163266,58291,105371,1593909,804240,210692,109354,706146,14968,3570,305,201
2021-05-04T23:59:59+02:00,58,64,35025,37971,76726,93816,90637,121386,123392,174748,214414,241387,266747,297799,216603,274946,66545,120792,14,10,11605,11089,22745,29392,25695,41832,33555,60458,47436,61017,58367,61417,125511,160328,58142,105135,1544843,792334,205568,106716,700063,11820,2919,301,197
2021-05-03T23:59:59+02:00,57,63,34153,36921,74434,91993,87761,119035,118953,171102,207755,235385,263468,293935,215806,273857,66423,120497,14,10,11358,10818,22351,28812,25213,41131,32866,59492,46410,59876,55568,58069,121733,155430,57885,104697,1513081,776447,202456,105000,695125,9063,1267,297,192
2021-05-02T23:59:59+02:00,57,63,33798,36605,73256,91086,86288,117940,116525,169233,204659,232867,262505,292847,215521,273449,66356,120389,14,9,11286,10745,22160,28597,24982,40846,32524,59082,45955,59401,54378,56607,118661,151746,57801,104565,1502466,771408,199658,99436,691249,8161,402,290,185
2021-05-01T23:59:59+02:00,56,63,33479,36226,72494,90292,85214,116897,115052,167868,201572,229837,261813,292022,215311,273169,66345,120350,14,9,11272,10729,22106,28567,24919,40808,32462,59025,45873,59324,54136,56315,118503,151550,57792,104548,1487358,770097,199649,99396,690982,8113,395,289,184
2021-04-30T23:59:59+02:00,53,61,32937,35625,71287,89069,83750,115166,111269,164299,194176,222722,259823,289656,214862,272560,66285,120242,14,9,10950,10533,21746,28289,24642,40384,32134,58463,45410,58692,53239,55151,117551,150364,57737,104429,1454461,766417,199322,97405,690183,5775,193,287,180
2021-04-29T23:59:59+02:00,51,60,31436,34672,68362,87039,80114,112557,106156,160183,181355,211175,251888,280550,213665,270928,66151,119899,14,9,10641,10318,21269,27841,24212,39887,31546,57722,44605,57761,51404,52954,115702,148126,57636,104233,1399531,757574,192038,94734,684812,3454,171,277,177
2021-04-28T23:59:59+02:00,50,59,30201,34062,66492,85725,77633,110735,102731,157325,171663,201992,241034,267953,212387,269243,65955,119573,14,9,10454,10157,20968,27485,23845,39418,31121,57061,43878,56933,49274,50327,113119,144884,57511,104021,1346864,747989,188674,90175,679442,2232,140,273,169
2021-04-27T23:59:59+02:00,47,58,29443,33376,64914,84255,75617,108924,99965,154927,166932,197261,232526,258144,211240,267628,65835,119350,14,9,10329,10046,20686,27193,23608,39088,30761,56559,43188,56244,47264,47783,110477,141447,57392,103821,1312792,738165,186365,86161,671449,1511,138,268,159
2021-04-26T23:59:59+02:00,46,58,29013,32991,63813,83369,74116,107759,97674,153213,158319,189258,228334,253300,210534,266631,65742,119150,14,9,10235,9956,20468,27003,23371,38874,30462,56217,42569,55671,45457,45634,108580,138964,57296,103667,1283845,730195,184922,83058,664719,1131,132,264,155
2021-04-25T23:59:59+02:00,46,57,28761,32751,63037,82841,73053,107022,95942,151983,152931,184387,224001,248416,209944,265850,65676,119027,14,9,10179,9922,20389,26922,23283,38790,30354,56090,42409,55511,45045,45137,107899,138057,57268,103596,1271064,728523,178784,81293,656042,999,129,262,154
2021-04-24T23:59:59+02:00,46,56,28417,32323,62095,81616,71868,105573,94391,150319,148022,179234,221215,245082,209474,265176,65642,118977,14,9,10165,9903,20348,26880,23230,38723,30273,56004,42258,55375,44801,44827,107646,137760,57247,103568,1246174,727426,178754,80592,654756,956,128,261,152
2021-04-23T23:59:59+02:00,44,56,27668,31701,60528,80099,70073,103551,91801,147673,143232,174836,216659,239529,208819,264188,65579,118862,14,9,10112,9840,20238,26793,23099,38573,30040,55795,41895,55044,44185,44067,106583,136472,57091,103293,1221260,724072,177569,78112,646220,904,127,257,149
2021-04-22T23:59:59+02:00,42,55,27052,31100,58992,78663,67605,101333,87672,144182,135192,167346,207634,228536,206781,261559,65380,118466,13,9,9987,9744,19987,26495,22745,38139,29528,55283,41144,54409,43028,42752,104587,134020,56862,102895,1179736,716583,170116,74210,637883,783,127,252,145
2021-04-21T23:59:59+02:00,42,51,26556,30579,57660,77557,65722,99700,84627,141541,128009,160527,194554,213204,204631,258673,65154,118040,13,9,9855,9657,19754,26244,22457,37814,29172,54830,40590,53874,42179,41734,102393,131226,56607,102481,1128232,710017,167226,70116,631510,711,127,248,138
2021-04-20T23:59:59+02:00,41,50,26130,30108,56494,76410,64044,98114,82073,138969,122920,155456,183083,199749,202204,255537,64918,117610,13,9,9750,9567,19534,26056,22165,37542,28761,54412,40051,53342,41361,40799,100171,128232,56269,101945,1085583,702447,163738,66866,624728,631,125,246,130
2021-04-19T23:59:59+02:00,41,49,25763,29749,55520,75590,62756,96935,79940,137045,119392,152067,177320,192909,200494,253299,64735,117280,13,9,9642,9474,19303,25835,21920,37268,28446,54019,39537,52811,40564,39892,97060,124247,55864,101230,1061003,692060,161906,64446,618121,593,124,236,130
2021-04-18T23:59:59+02:00,40,44,25454,29486,54751,75044,61632,95988,78078,135615,116026,149671,172208,187350,199480,252070,64623,117087,13,9,9568,9399,19113,25658,21742,37103,28231,53743,39278,52561,40235,39509,95847,122698,55681,100929,1046995,688189,160237,62515,607556,578,124,232,129
2021-04-17T23:59:59+02:00,39,43,25345,29393,54381,74845,61115,95634,77425,135014,115175,148930,167954,182469,198947,251344,64589,117024,13,9,9523,9340,18973,25469,21554,36874,28003,53467,39013,52294,39934,39184,95080,121773,55616,100845,1036110,684162,160208,62201,603489,566,124,231,129
2021-04-16T23:59:59+02:00,39,43,24970,29143,53389,74235,59825,94755,75796,133684,111022,144787,160308,173703,197289,249143,64481,116816,13,9,9317,9165,18581,25035,20967,36299,26892,52561,36988,50689,36607,36227,91882,118243,55214,100190,1010189,669031,159416,55276,593963,537,123,229,128
2021-04-15T23:59:59+02:00,36,39,24494,28694,52134,73067,57861,93029,72518,130843,105559,139511,152448,164732,192638,243275,64185,116199,13,9,9143,9001,18211,24612,20473,35636,26214,51762,35598,49457,34495,34174,88758,114500,54706,99333,977999,655892,157361,49684,576037,487,122,227,124
2021-04-14T23:59:59+02:00,34,36,24154,28367,51200,72129,56517,91641,70131,128680,101559,135742,143253,154351,184897,233396,63844,115533,13,9,8735,8729,17734,24105,19938,34988,25303,50884,34310,48338,32446,32018,85779,110845,54213,98472,940116,640972,154691,45462,560794,394,121,220,123
2021-04-13T23:59:59+02:00,34,36,23914,28149,50501,71595,55570,90809,68497,127265,97834,132301,131426,141231,178505,225072,63506,114943,13,9,8498,8554,17388,23694,19511,34451,24637,50091,33240,47319,31061,30654,83617,108444,53853,97927,906858,631590,150173,41068,544294,272,121,216,122
2021-04-12T23:59:59+02:00,34,35,23705,27959,49946,71081,54703,90074,67026,125975,95203,129979,124313,133202,175278,221122,63235,114452,13,9,8261,8364,17022,23395,19138,34013,24165,49556,32573,46691,29530,29115,81953,106505,53526,97407,890436,623138,148629,37810,528399,258,119,209,119
2021-04-11T23:59:59+02:00,33,35,23531,27796,49417,70660,53969,89618,65881,125169,93345,128500,118827,127181,171365,216519,63065,114155,13,9,8126,8230,16724,23116,18820,33698,23807,49174,32128,46306,28894,28447,80936,105257,53317,97089,882951,617841,144227,35985,512038,243,113,203,115
2021-04-10T23:59:59+02:00,33,35,23470,27739,49250,70523,53768,89458,65550,124899,92819,128062,116744,124651,169924,214668,63023,114056,13,9,7537,7624,15832,22328,17860,32857,22688,48142,31015,45311,28232,27736,78841,102650,53050,96653,875949,602509,143371,35606,509507,239,106,202,115
2021-04-09T23:59:59+02:00,32,35,23221,27489,48748,70033,53126,88768,64553,123774,90994,126155,107908,113703,166544,210260,62824,113698,12,9,6577,6722,14300,21005,16140,31300,20543,46173,28803,43303,26453,25912,75333,98464,52505,95813,856510,575030,136315,34091,499203,227,94,196,111
2021-04-08T23:59:59+02:00,32,35,22924,27243,48168,69543,52369,88068,63245,122688,88574,123988,97590,101695,161000,203410,62494,113128,12,9,5933,6133,13108,19985,14880,29963,18904,44458,26313,40969,23430,22943,70667,92670,51351,94044,837802,543403,127418,32155,481144,200,85,194,108
2021-04-07T23:59:59+02:00,30,34,22612,27016,47359,69082,51436,87452,61855,121702,85424,121541,88396,91398,153993,194622,62200,112571,12,9,5553,5810,12448,19308,14064,29136,17865,43408,24407,39077,20890,20417,66701,87896,50353,92426,817375,519918,121816,29679,459706,174,78,187,103
2021-04-06T23:59:59+02:00,29,34,22401,26856,46829,68698,50845,86928,60823,120925,83314,119799,80632,82583,147626,186661,61855,111945,12,9,5357,5651,12095,18948,13711,28704,17329,42845,23548,38267,19762,19386,63541,83795,49430,91038,798093,506537,118604,26728,442266,162,72,180,101
2021-04-05T23:59:59+02:00,29,33,22302,26731,46516,68349,50454,86527,60276,120232,82132,118648,76153,77488,142644,180579,61654,111631,12,9,5217,5512,11834,18695,13416,28390,17006,42469,23101,37806,19301,18916,60653,80234,48731,89971,788652,497187,116850,23932,427062,157,66,174,101
2021-04-04T23:59:59+02:00,29,33,22253,26670,46393,68075,50282,86212,59995,119731,81622,118016,74709,75779,141940,179608,61617,111550,12,9,5212,5504,11815,18681,13404,28373,16987,42452,23003,37734,18895,18596,59214,78384,48524,89660,786108,492390,116742,23929,421861,150,60,169,99
2021-04-03T23:59:59+02:00,29,33,22191,26589,46270,67966,50118,86036,59680,119419,81054,117438,73363,74145,140825,178071,61534,111402,12,9,5201,5495,11802,18662,13381,28353,16954,42405,22897,37659,18759,18446,58863,77818,48435,89513,779747,490598,116700,23929,419913,148,59,168,99
2021-04-02T23:59:59+02:00,29,33,22113,26504,46108,67799,49900,85788,59210,118966,80174,116626,71808,72262,138544,175089,61340,111042,12,9,5181,5458,11754,18619,13326,28271,16866,42256,22624,37184,18402,18083,56524,74934,47622,88412,770628,482119,114923,23286,417984,148,55,166,96
2021-04-01T23:59:59+02:00,26,31,21918,26300,45692,67279,49254,85047,58335,118027,78291,114957,68547,68836,134456,169913,61022,110471,12,9,5034,5314,11480,18354,13102,28035,16545,41948,22118,36743,17574,17333,51664,68885,45935,85939,758976,463999,108835,21912,410794,135,50,163,93
2021-03-31T23:59:59+02:00,26,31,21589,26081,45291,66751,48756,84397,57603,117087,77130,113716,66497,66517,129696,163792,60618,109747,11,9,4956,5261,11380,18232,12938,27882,16304,41679,21524,36228,16443,16431,46433,62453,44548,83945,749206,445586,101661,20973,404667,132,43,161,88
2021-03-30T23:59:59+02:00,26,30,21412,25859,44890,66132,48250,83598,56892,116035,75992,112337,64651,64499,125317,158047,60153,108850,11,9,4889,5176,11275,18106,12744,27692,15975,41356,20949,35681,15611,15628,43668,59038,43435,82147,739032,433719,97437,19606,396722,105,36,154,86
2021-03-29T23:59:59+02:00,25,30,21214,25621,44427,65581,47774,82908,56158,114955,74757,110901,62157,61750,118580,149424,59384,107458,11,9,4791,5103,11169,17990,12590,27527,15730,41033,20489,35213,14962,15086,41067,56046,42327,80318,718498,422493,94018,18923,390811,88,34,152,84
2021-03-28T23:59:59+02:00,25,30,21008,25330,43928,64889,47257,82165,55480,113948,73812,109792,60898,60315,113872,143456,58940,106700,11,9,4735,5043,11023,17840,12331,27227,15538,40788,20321,34980,14723,14841,39993,54636,41976,79777,711958,418176,86710,17598,383399,67,34,148,78
2021-03-27T23:59:59+01:00,25,30,20887,25172,43634,64525,46893,81637,54975,113260,73137,109055,59744,59231,112383,141746,58873,106618,11,9,4721,5031,10996,17821,12313,27197,15175,40358,19920,34542,14432,14631,39507,53949,41503,78960,706680,414119,86006,16945,379359,63,34,146,76
2021-03-26T23:59:59+01:00,25,29,20636,24661,42827,62823,45921,79611,53638,110237,71123,105438,57733,57342,109633,138516,58545,106102,9,9,4702,4998,10973,17769,12243,27106,15097,40248,19579,33946,13962,13978,36428,50096,39445,75705,695285,399569,82689,16726,367082,51,31,146,76
2021-03-25T23:59:59+01:00,25,26,20204,23988,41952,61058,44826,77059,52126,106707,68736,101675,55137,54707,106320,134552,57975,105109,9,9,4656,4943,10881,17666,12122,26961,14914,40029,19302,33638,13487,13485,32579,45040,36442,71155,683858,381194,78493,16131,350049,46,28,143,75
2021-03-24T23:59:59+01:00,25,26,19800,23541,41167,59785,43807,75519,50744,104781,66634,99344,52353,51790,102069,129459,57335,104033,9,9,4601,4876,10787,17524,11954,26758,14684,39742,18935,33219,13030,13039,30008,41828,33326,66317,671055,365633,73618,15033,337761,40,23,140,73
2021-03-23T23:59:59+01:00,25,26,19552,23239,40606,58866,43082,74424,49703,103266,64967,97484,50056,49444,99318,126246,56777,103194,9,9,4541,4805,10688,17398,11808,26574,14438,39429,18520,32830,12532,12533,27569,38718,29624,60391,662900,347993,70272,14445,327326,37,22,138,73
2021-03-22T23:59:59+01:00,25,26,19329,22824,39963,57982,42414,73383,48758,101879,63493,95851,48227,47558,96923,123509,56306,102429,6,8,4484,4759,10600,17282,11677,26396,14279,39188,18278,32527,12216,12159,25727,36356,25633,53921,656594,331634,67469,13889,317038,32,22,135,71
2021-03-21T23:59:59+01:00,25,26,19190,22565,39469,57225,41861,72536,48105,100722,62549,94616,47180,46532,95280,121657,55936,101852,6,8,4468,4750,10564,17234,11630,26309,14219,39101,18197,32426,12096,12024,25297,35907,25279,53361,654009,329432,65438,13476,308098,32,20,134,67
2021-03-20T23:59:59+01:00,24,26,19131,22421,39256,56731,41620,71975,47794,100087,62107,94014,46525,45768,92685,118430,55648,101367,6,8,4459,4741,10554,17221,11602,26292,14176,39066,18116,32351,11942,11864,24656,35134,24514,52277,647547,325723,64989,13288,303288,32,20,134,67
2021-03-19T23:59:59+01:00,23,25,18775,21856,38123,54609,40337,69983,46059,98002,59226,91258,42088,41899,87467,112672,54948,100291,6,8,4437,4726,10521,17171,11537,26180,14084,38894,17881,32052,11591,11583,22976,33072,22828,49713,629805,316371,57781,12925,290271,28,19,129,67
2021-03-18T23:59:59+01:00,23,24,18381,21206,36945,52455,38799,67195,43903,93530,55382,85467,38059,38099,82741,107198,53859,98638,6,8,4417,4697,10455,17068,11459,26025,13939,38707,17668,31850,11357,11400,21731,31551,21111,47112,612881,308287,52044,12312,267187,26,18,128,65
2021-03-17T23:59:59+01:00,23,23,17955,20854,36217,51536,38031,66237,42820,92172,53592,83641,35382,35307,78728,102380,52920,97167,5,8,4394,4669,10393,16973,11385,25892,13826,38519,17472,31657,11121,11174,20479,30133,19521,44704,596212,300764,47643,11602,261332,23,18,125,63
2021-03-16T23:59:59+01:00,23,23,17595,20434,35468,50466,37216,65042,41724,90500,51753,81653,33175,33288,74693,97419,52038,95853,5,6,4344,4617,10320,16843,11294,25739,13726,38281,17339,31413,10944,10991,19197,28607,18039,42375,582933,292958,42957,11167,252674,23,14,122,62
2021-03-15T23:59:59+01:00,23,23,17315,20069,34756,49485,36424,63853,40818,89021,50492,80050,31452,31452,71402,93325,51342,94721,5,6,4322,4582,10253,16720,11228,25539,13609,37993,17191,31142,10779,10833,18466,27641,16777,40511,571804,287131,39628,10520,244800,23,3,117,62
2021-03-14T23:59:59+01:00,23,22,17046,19642,33901,48275,35523,62536,39758,87194,49236,78323,30287,30211,69408,90762,50900,94045,5,6,4298,4563,10208,16642,11172,25397,13549,37771,17101,30980,10707,10747,18286,27361,16514,39949,564688,285933,37747,9389,234868,14,0,113,62
2021-03-13T23:59:59+01:00,23,22,16227,18581,32401,46235,33948,60400,37719,84115,47099,75765,28936,28856,67389,88134,50632,93655,5,6,4298,4562,10206,16636,11168,25388,13540,37764,17093,30971,10673,10716,17538,26475,15466,38495,548332,281677,37464,9388,224531,14,0,113,61
2021-03-12T23:59:59+01:00,22,21,15127,17204,29958,43581,31282,57258,34855,79260,43885,71299,26095,25665,63086,82834,49648,92253,5,5,4285,4529,10187,16574,11150,25336,13496,37645,17003,30841,10396,10488,16646,25228,14396,36968,520287,275868,36152,9376,207074,11,0,110,60
2021-03-11T23:59:59+01:00,21,21,14084,15742,27701,40884,28960,54074,32262,74869,40130,66411,22688,22188,57074,75525,47722,89426,5,5,4244,4488,10107,16455,11037,25111,13378,37335,16837,30535,10092,10276,16013,24383,13727,35690,488234,271859,34561,7934,187151,8,0,103,54
2021-03-10T23:59:59+01:00,21,21,13490,15042,26291,39270,27306,52251,30697,72549,37611,63287,19937,19635,51157,68394,46170,87095,5,5,4209,4444,10008,16288,10917,24860,13230,36916,16638,30162,9850,10092,15270,23610,13067,34664,461807,267121,32517,7190,176062,6,0,101,52
2021-03-09T23:59:59+01:00,20,20,13207,14576,25164,38231,25889,51065,29632,70895,36229,61452,18753,18511,47645,63952,45051,85306,5,5,4184,4418,9923,16121,10813,24600,13076,36599,16461,29925,9725,9988,14605,22770,12567,33890,448204,263399,29982,6354,167561,6,0,101,49
2021-03-08T23:59:59+01:00,19,20,12876,13966,24083,37118,24620,49928,28697,69414,34992,59833,17680,17630,43528,58968,43823,83320,5,5,4169,4382,9861,15922,10710,24336,12943,36241,16331,29660,9641,9904,14109,22164,12252,33447,432748,260202,27982,5961,159932,2,0,98,48
2021-03-07T23:59:59+01:00,19,20,12643,13671,23489,36265,23922,49052,28096,68545,34380,59071,17415,17377,42460,57517,43458,82757,5,5,4157,4369,9839,15880,10683,24262,12912,36071,16274,29546,9619,9875,13911,21909,12117,33243,427975,259141,26167,5618,156161,0,0,94,48
2021-03-06T23:59:59+01:00,19,20,12529,13379,23087,35530,23387,48261,27046,67012,33279,57306,17027,17047,41814,56626,43158,82288,5,5,4154,4355,9828,15853,10665,24228,12902,36030,16256,29515,9601,9835,13865,21871,12014,33032,423902,258764,26103,5334,148955,0,0,92,46
2021-03-05T23:59:59+01:00,19,20,12116,12775,22403,34326,22702,47033,26290,65382,32045,54886,16378,16213,38357,52327,41008,78852,5,5,4127,4308,9758,15753,10615,24080,12834,35835,16169,29310,9506,9765,13680,21660,11642,32419,408730,257070,24650,4486,139890,0,0,92,44
2021-03-04T23:59:59+01:00,17,20,11356,11763,21213,32598,21489,44984,24935,62731,30351,52531,15649,15492,34353,47162,37931,74170,5,5,4078,4217,9644,15461,10512,23721,12701,35300,16025,28908,9328,9610,13522,21450,11557,32273,390294,254009,22572,4393,126014,0,0,92,41
2021-03-03T23:59:59+01:00,15,20,11046,11267,20525,31379,20714,43621,24025,60980,29305,50891,15170,14990,31738,43839,34844,69403,5,5,4037,4154,9564,15290,10432,23469,12594,34879,15845,28561,9143,9484,13396,21232,11412,32002,374845,251362,21776,4227,117285,0,0,88,38
2021-03-02T23:59:59+01:00,15,20,10785,10839,19880,30407,20001,42603,23239,59593,28331,49613,14545,14341,29068,40475,30949,63188,5,5,3989,4082,9502,15124,10363,23204,12489,34446,15744,28252,9016,9381,13256,21042,11335,31856,356660,248949,20267,4225,111094,0,0,86,38
2021-03-01T23:59:59+01:00,13,19,10613,10579,19367,29603,19438,41719,22649,58522,27616,48489,14126,13887,26997,37892,26682,56291,5,5,3973,4032,9447,14969,10299,22905,12408,34071,15637,27930,8932,9319,13074,20772,11219,31673,339420,246526,19152,4225,106056,0,0,84,38
2021-02-28T23:59:59+01:00,12,19,10443,10377,18899,28953,18901,40979,22167,57666,27124,47693,13917,13644,26392,37234,26277,55688,5,5,3957,4018,9421,14936,10280,22854,12390,34001,15610,27883,8905,9295,12943,20593,11156,31524,336955,245671,18291,4188,101262,0,0,84,36
2021-02-27T23:59:59+01:00,12,18,10264,9862,18570,28088,18643,40192,21884,56683,26799,46905,13645,13343,25724,36433,25354,54271,5,5,3944,4006,9399,14915,10248,22807,12351,33919,15563,27809,8884,9279,12923,20570,11134,31504,333052,245309,17569,4039,96188,0,0,84,36
2021-02-26T23:59:59+01:00,11,17,9469,9080,17672,26651,17861,37986,20952,53837,25340,44087,13178,12942,24132,34443,23825,51964,5,5,3863,3937,9321,14754,10174,22551,12271,33553,15447,27515,8805,9199,12857,20503,11094,31434,323919,243407,17314,3965,82326,0,0,84,34
2021-02-25T23:59:59+01:00,11,17,8312,8227,16353,25043,16596,35730,19718,50951,23632,41305,12700,12542,22853,32852,22326,49681,5,5,3739,3792,9155,14437,9953,21946,12014,32699,15121,26861,8609,9048,12594,20178,10954,31165,316297,239255,16542,3105,66116,0,0,80,32
2021-02-24T23:59:59+01:00,10,16,7947,7702,15700,24011,15971,34496,19004,49440,22842,40106,12307,12206,21547,31357,20651,47053,4,5,3667,3724,9014,14146,9775,21491,11810,32070,14858,26326,8467,8909,12451,20005,10889,30953,308071,236477,15575,2171,58823,0,0,80,31
2021-02-23T23:59:59+01:00,10,16,7463,7223,14885,22835,15285,33278,18284,48032,22125,39036,11994,11881,20208,29785,19040,44502,4,5,3626,3648,8894,13943,9634,21093,11622,31490,14559,25824,8296,8765,12323,19794,10817,30715,299958,233631,14776,1505,51246,0,0,79,30
2021-02-22T23:59:59+01:00,9,14,7356,7017,14503,22219,14934,32552,17817,47023,21630,38303,11792,11631,19459,28774,17722,42547,4,5,3596,3546,8757,13652,9472,20591,11367,30745,14189,25225,8048,8570,12124,19540,10711,30406,294077,230313,14169,317,47151,0,0,76,30
2021-02-21T23:59:59+01:00,9,14,7266,6891,14179,21774,14515,31969,17401,46373,21192,37809,11686,11529,19296,28560,17474,42213,4,5,3557,3506,8673,13528,9393,20375,11295,30453,14067,24956,7988,8508,12067,19430,10640,30242,292928,228466,13799,301,43516,0,0,74,30
2021-02-20T23:59:59+01:00,9,14,7149,6841,14053,21694,14398,31833,17282,46222,21032,37625,11587,11445,18513,27642,16415,40742,4,5,3555,3500,8663,13520,9383,20354,11281,30428,14053,24945,7983,8499,12003,19366,10586,30174,288663,228083,13602,300,42322,0,0,73,29
2021-02-19T23:59:59+01:00,7,13,6847,6589,13699,21256,14027,31164,16809,45426,20326,36755,10983,11043,17466,26313,15259,39134,4,5,3475,3475,8588,13492,9339,20295,11243,30336,13994,24851,7941,8439,11783,19094,10394,29845,282281,226377,13225,298,37698,0,0,71,28
2021-02-18T23:59:59+01:00,7,13,6450,6116,13072,20112,13386,29792,15994,43558,19453,35178,10755,10841,16881,25570,14683,38251,4,5,3289,3338,8254,12953,9044,19545,10892,29292,13624,24022,7736,8131,11196,18142,9897,28691,278694,217839,12689,298,28816,0,0,68,27
2021-02-17T23:59:59+01:00,7,12,6284,5773,12627,19234,12896,28603,15291,41837,18806,33854,10525,10589,16125,24755,13907,37066,3,5,3039,3178,7914,12436,8744,18754,10525,28245,13237,23170,7502,7894,10641,17290,9461,27876,274031,209698,11960,294,22285,0,0,64,27
2021-02-16T23:59:59+01:00,7,12,5958,5471,12090,18402,12395,27533,14746,40461,18212,32820,10370,10486,15457,23927,13399,36283,3,5,2857,3058,7611,11983,8438,18030,10127,27154,12776,22270,7231,7600,9927,16117,8733,26324,270507,200183,11463,138,16145,0,0,61,27
2021-02-15T23:59:59+01:00,7,12,5852,5289,11793,17756,12128,26750,14399,39467,17865,32051,10242,10375,14899,23275,13040,35746,3,5,2768,2978,7418,11661,8220,17523,9824,26307,12425,21588,6962,7314,9230,15059,8221,25044,267411,192535,10861,92,12763,0,0,58,26
2021-02-14T23:59:59+01:00,7,12,5583,5174,11544,17486,11905,26317,14167,39019,17674,31773,10196,10324,14665,22935,12876,35353,3,5,2717,2940,7304,11494,8092,17316,9647,25975,12246,21285,6865,7189,9006,14676,8034,24508,266409,189290,9926,90,10764,0,0,57,24
2021-02-13T23:59:59+01:00,7,12,5523,5136,11494,17449,11874,26285,14139,38987,17654,31754,10182,10296,14638,22902,12862,35335,3,5,2713,2937,7299,11486,8080,17294,9630,25940,12219,21241,6833,7154,8850,14464,7681,23877,266164,187778,9922,8,10533,0,0,56,21
2021-02-12T23:59:59+01:00,7,11,5006,4819,10925,17087,11557,25735,13820,38347,17322,31115,10073,10189,14456,22690,12781,35226,3,5,2662,2904,7203,11328,7980,17063,9483,25548,12005,20794,6650,6919,8486,13903,7089,22534,264478,182634,9910,6,6867,0,0,55,20
2021-02-11T23:59:59+01:00,7,11,4544,4518,10340,16406,11144,24927,13342,37087,16833,30256,9758,9926,14174,22242,12500,34539,3,5,2493,2630,6604,10135,7290,15327,8619,22928,10948,18710,5996,6206,7439,12287,6272,20218,261244,164185,8267,3,3132,0,0,53,14
2021-02-10T23:59:59+01:00,7,11,4296,4350,10006,15958,10835,24389,13029,36204,16418,29507,9539,9789,13992,22036,12408,34332,3,5,2130,2338,5666,8669,6481,13284,7634,20017,9819,16666,5452,5619,6451,10623,5497,18165,258589,144595,7765,2,839,0,0,50,2
2021-02-09T23:59:59+01:00,7,10,4233,4252,9881,15691,10726,23986,12855,35586,16206,29035,9360,9648,13796,21823,12265,34108,3,5,1734,1984,4883,7400,5705,11488,6716,17499,8735,14669,4879,4990,5401,9064,4762,16047,256136,126031,6985,1,434,0,0,49,2
2021-02-08T23:59:59+01:00,7,10,4198,4198,9787,15481,10617,23625,12735,35128,16061,28676,9266,9581,13593,21540,12158,33911,3,5,1569,1788,4322,6405,5040,9912,5899,14971,7719,12811,4326,4459,4427,7471,3999,13960,253759,109147,6470,1,428,0,0,47,2
2021-02-07T23:59:59+01:00,7,10,4033,4131,9630,15346,10515,23460,12654,34866,15948,28483,9225,9535,13449,21359,12084,33767,3,5,1354,1542,3903,5732,4623,9033,5471,13810,7232,11848,4072,4200,4195,7075,3838,13360,252665,101355,5925,1,0,0,0,42,1
2021-02-06T23:59:59+01:00,7,10,4024,4122,9619,15330,10502,23425,12632,34816,15929,28426,9206,9522,13431,21324,11978,33571,3,5,1202,1347,3671,5427,4438,8608,5253,13227,6952,11291,3938,4068,4069,6926,3560,12904,252321,96946,5641,1,0,0,0,42,0
2021-02-05T23:59:59+01:00,7,9,3951,4053,9547,15187,10436,23175,12547,34449,15815,28143,9122,9449,13359,21252,11629,32976,3,4,1061,1117,3391,4981,4179,8024,4938,12449,6569,10563,3683,3824,3910,6694,3050,12014,250443,90508,4749,0,0,0,0,42,0
2021-02-04T23:59:59+01:00,7,9,3893,3928,9426,14871,10259,22626,12359,33653,15600,27580,9000,9338,13134,20957,11515,32769,3,2,798,784,2566,3730,3245,6281,3986,9902,5248,8346,3008,3110,3294,5709,2661,10521,246486,73236,4524,0,0,0,0,41,0
2021-02-03T23:59:59+01:00,7,9,3824,3856,9324,14648,10156,22288,12226,33142,15452,27162,8890,9223,12994,20781,11438,32602,3,2,663,616,1936,2814,2508,4850,3013,7606,4019,6294,2194,2237,2400,4221,1929,7874,243756,55210,4353,0,0,0,0,40,0
2021-02-02T23:59:59+01:00,7,9,3757,3761,9225,14453,10057,21910,12085,32578,15250,26711,8763,9107,12871,20573,11356,32336,2,2,526,486,1467,2080,1916,3648,2268,5787,3001,4708,1555,1539,1639,2780,1343,5234,240545,40002,4351,0,0,0,0,38,0
2021-02-01T23:59:59+01:00,6,9,3717,3670,9147,14222,9950,21525,11948,31943,15065,26208,8644,8960,12762,20429,11307,32158,1,0,391,352,1023,1435,1264,2433,1478,3792,1868,2982,987,980,971,1695,770,3026,237406,25460,4351,0,0,0,0,36,0
2021-01-31T23:59:59+01:00,6,9,3698,3634,9093,14113,9880,21320,11880,31646,14962,26012,8588,8901,12710,20317,11262,32029,1,0,361,331,899,1245,1074,2060,1276,3238,1634,2612,889,889,869,1511,699,2719,235911,22317,4235,0,0,0,0,35,0
2021-01-30T23:59:59+01:00,6,9,3697,3631,9083,14100,9866,21297,11867,31626,14950,25998,8584,8896,12641,20248,11196,31951,1,0,345,307,838,1161,1017,1936,1212,3048,1559,2474,861,863,850,1471,684,2666,235590,21302,4142,0,0,0,0,35,0
2021-01-29T23:59:59+01:00,6,9,3637,3615,9023,14071,9837,21245,11834,31550,14901,25931,8560,8873,12455,20025,11015,31708,1,0,278,224,717,987,873,1575,1057,2659,1348,2150,771,772,802,1417,666,2613,234368,18917,4013,0,0,0,0,34,0
2021-01-28T23:59:59+01:00,6,8,3519,3528,8819,13684,9618,20732,11602,30968,14574,25435,8423,8771,12022,19408,10659,31130,1,0,131,57,299,363,381,616,465,1156,615,963,405,425,469,816,381,1582,229584,9128,3410,0,0,0,0,32,0
2021-01-27T23:59:59+01:00,6,8,3287,3392,8527,13266,9318,20108,11218,30134,14187,24697,8206,8558,11472,18602,10236,30366,1,0,80,33,206,225,248,419,308,806,436,661,308,309,347,607,286,1160,222871,6442,2799,0,0,0,0,32,0
2021-01-26T23:59:59+01:00,5,8,3123,3294,8245,12927,9055,19539,10914,29378,13791,24063,7967,8338,10894,17687,9590,29216,1,0,75,29,191,215,232,385,292,753,405,601,293,283,320,543,259,1030,216160,5909,1956,0,0,0,0,31,0
2021-01-25T23:59:59+01:00,5,8,3034,3200,7962,12446,8765,18835,10528,28377,13312,23298,7686,8137,10277,16869,9134,28315,1,0,67,21,170,193,198,326,253,632,354,497,256,238,266,465,210,843,209858,4992,413,0,0,0,0,28,0
2021-01-24T23:59:59+01:00,5,8,2990,3179,7877,12366,8691,18709,10419,28217,13182,23115,7643,8100,10210,16756,9086,28219,1,0,66,20,166,189,196,312,250,610,345,483,247,234,264,458,206,828,208546,4877,309,0,0,0,0,27,0
2021-01-23T23:59:59+01:00,5,8,2989,3178,7876,12362,8686,18699,10417,28203,13176,23110,7635,8097,10086,16590,8757,27633,1,0,65,20,166,188,196,311,248,609,343,483,247,234,264,458,206,826,207287,4867,306,0,0,0,0,24,0
2021-01-22T23:59:59+01:00,5,8,2926,3132,7752,12248,8603,18557,10307,28030,13094,22996,7604,8061,9887,16287,8239,26610,1,0,65,20,165,188,196,311,248,609,342,483,247,234,264,458,206,826,204132,4865,304,0,0,0,0,20,0
2021-01-21T23:59:59+01:00,5,8,2842,2962,7253,11336,8120,17411,9770,26404,12488,21781,7320,7735,9253,15346,7723,25563,1,0,59,18,148,174,178,279,222,534,305,443,222,208,233,380,175,693,193104,4274,304,0,0,0,0,16,0
2021-01-20T23:59:59+01:00,5,8,2481,2616,6370,9924,7371,15455,8819,23574,11379,19708,6718,7086,8157,13580,6911,23341,1,0,57,18,147,169,175,277,213,520,292,421,210,201,227,355,161,655,173280,4101,300,0,0,0,0,15,0
2021-01-19T23:59:59+01:00,5,8,2043,2261,5469,8535,6509,13565,7799,20792,10112,17471,5967,6203,6779,11400,5889,20304,0,0,41,12,98,124,119,170,150,357,192,293,133,114,141,238,113,489,150958,2785,218,0,0,0,0,15,0
2021-01-18T23:59:59+01:00,4,8,1770,1973,4711,7151,5555,11332,6602,17198,8689,14757,5082,5324,5400,9152,4822,16836,0,0,22,7,39,46,54,78,66,163,76,147,59,53,66,131,61,221,126332,1290,94,0,0,0,0,15,0
2021-01-17T23:59:59+01:00,3,8,1496,1685,4198,6358,5047,10201,6065,15635,8048,13498,4745,4978,5025,8478,4495,15835,0,0,8,2,9,15,16,28,20,50,29,57,24,23,20,31,13,47,115762,392,89,0,0,0,0,14,0
2021-01-16T23:59:59+01:00,3,7,1331,1482,3981,6037,4867,9764,5806,14971,7719,12802,4554,4750,4810,8202,4142,15231,0,0,0,0,0,1,1,2,1,1,1,2,0,1,1,0,0,1,110501,12,9,0,0,0,0,13,0
2021-01-15T23:59:59+01:00,3,7,1181,1256,3726,5615,4612,9195,5516,14132,7313,12002,4263,4454,4621,7894,3605,14186,0,0,0,0,0,0,0,0,0,0,0,0,0,0,0,0,0,0,103624,0,4,0,0,0,0,13,0
2021-01-14T23:59:59+01:00,3,4,907,945,2981,4429,3746,7379,4572,11387,5918,9656,3465,3583,3881,6663,3123,12382,0,0,0,0,0,0,0,0,0,0,0,0,0,0,0,0,0,0,85059,0,0,0,0,0,0,13,0
2021-01-13T23:59:59+01:00,3,3,772,791,2507,3696,3162,6154,3801,9442,4824,7780,2595,2667,2924,5077,2392,9466,0,0,0,0,0,0,0,0,0,0,0,0,0,0,0,0,0,0,68085,0,0,0,0,0,0,12,0
2021-01-12T23:59:59+01:00,2,3,639,659,2098,3031,2605,5003,3045,7601,3803,6111,1864,1847,2000,3440,1694,6465,0,0,0,0,0,0,0,0,0,0,0,0,0,0,0,0,0,0,51945,0,0,0,0,0,0,0,0
2021-01-11T23:59:59+01:00,1,1,495,524,1748,2454,2090,4001,2361,5778,2828,4434,1201,1142,1201,2029,936,3683,0,0,0,0,0,0,0,0,0,0,0,0,0,0,0,0,0,0,36932,0,0,0,0,0,0,0,0
2021-01-10T23:59:59+01:00,1,1,438,455,1486,2028,1748,3277,1951,4793,2350,3715,1060,1016,1058,1781,835,3230,0,0,0,0,0,0,0,0,0,0,0,0,0,0,0,0,0,0,31239,0,0,0,0,0,0,0,0
2021-01-09T23:59:59+01:00,1,1,407,410,1361,1851,1602,2986,1798,4345,2165,3384,988,947,1003,1728,817,3187,0,0,0,0,0,0,0,0,0,0,0,0,0,0,0,0,0,0,28995,0,0,0,0,0,0,0,0
2021-01-08T23:59:59+01:00,1,1,310,281,1111,1505,1323,2314,1478,3563,1795,2767,853,839,915,1604,769,3031,0,0,0,0,0,0,0,0,0,0,0,0,0,0,0,0,0,0,24471,0,0,0,0,0,0,0,0
2021-01-07T23:59:59+01:00,1,0,145,76,402,509,486,797,596,1376,785,1203,467,484,563,966,466,1911,0,0,0,0,0,0,0,0,0,0,0,0,0,0,0,0,0,0,11236,0,0,0,0,0,0,0,0
2021-01-06T23:59:59+01:00,1,0,111,44,272,288,312,520,400,933,535,825,360,362,425,748,359,1445,0,0,0,0,0,0,0,0,0,0,0,0,0,0,0,0,0,0,7943,0,0,0,0,0,0,0,0
2021-01-05T23:59:59+01:00,1,0,87,31,193,233,246,432,321,823,451,703,344,347,408,716,352,1391,0,0,0,0,0,0,0,0,0,0,0,0,0,0,0,0,0,0,7082,0,0,0,0,0,0,0,0
2021-01-04T23:59:59+01:00,1,0,69,25,176,195,204,338,258,639,357,513,269,254,289,519,235,935,0,0,0,0,0,0,0,0,0,0,0,0,0,0,0,0,0,0,5278,0,0,0,0,0,0,0,0
2021-01-03T23:59:59+01:00,1,0,67,21,169,190,199,322,256,622,348,496,261,252,285,506,233,918,0,0,0,0,0,0,0,0,0,0,0,0,0,0,0,0,0,0,5148,0,0,0,0,0,0,0,0
2021-01-02T23:59:59+01:00,1,0,67,21,169,190,199,322,253,622,345,496,261,252,285,506,233,917,0,0,0,0,0,0,0,0,0,0,0,0,0,0,0,0,0,0,5141,0,0,0,0,0,0,0,0
2021-01-01T23:59:59+01:00,1,0,66,21,168,190,199,320,252,622,342,494,261,252,285,504,233,917,0,0,0,0,0,0,0,0,0,0,0,0,0,0,0,0,0,0,5129,0,0,0,0,0,0,0,0
2020-12-31T23:59:59+01:00,1,0,66,21,167,188,199,319,250,621,341,493,261,252,285,504,233,917,0,0,0,0,0,0,0,0,0,0,0,0,0,0,0,0,0,0,5120,0,0,0,0,0,0,0,0
2020-12-30T23:59:59+01:00,1,0,65,21,167,187,197,316,249,619,340,491,261,252,285,504,232,917,0,0,0,0,0,0,0,0,0,0,0,0,0,0,0,0,0,0,5106,0,0,0,0,0,0,0,0
2020-12-29T23:59:59+01:00,1,0,46,13,119,140,148,212,182,445,239,377,179,164,197,375,171,715,0,0,0,0,0,0,0,0,0,0,0,0,0,0,0,0,0,0,3724,0,0,0,0,0,0,0,0
2020-12-28T23:59:59+01:00,1,0,25,9,66,77,82,122,101,253,118,234,98,93,104,200,102,388,0,0,0,0,0,0,0,0,0,0,0,0,0,0,0,0,0,0,2074,0,0,0,0,0,0,0,0
2020-12-27T23:59:59+01:00,0,0,12,3,18,26,37,47,36,89,37,96,33,29,41,73,31,145,0,0,0,0,0,0,0,0,0,0,0,0,0,0,0,0,0,0,753,0,0,0,0,0,0,0,0
