Datum,<24_1_m,<24_1_w,25-34_1_m,25-34_1_w,35-44_1_m,35-44_1_w,45-54_1_m,45-54_1_w,55-64_1_m,55-64_1_w,65-74_1_m,65-74_1_w,75-84_1_m,75-84_1_w,>84_1_m,>84_1_w,<24_2_m,<24_2_w,25-34_2_m,25-34_2_w,35-44_2_m,35-44_2_w,45-54_2_m,45-54_2_w,55-64_2_m,55-64_2_w,65-74_2_m,65-74_2_w,75-84_2_m,75-84_2_w,>84_2_m,>84_2_w,bp_1,bp_2,mo_1,mo_2,az_1,az_2,ja
2021-06-29T23:59:59+02:00,170477,166543,283665,265947,322414,321220,400642,415193,466514,473939,330510,369956,236254,302148,70042,127967,57926,58392,121791,128105,146307,166676,219629,252706,307175,328263,263285,296823,211997,271404,65160,118435,3351503,2123358,470346,283856,795213,500231,106817
2021-06-28T23:59:59+02:00,167469,163460,278950,261862,319262,318483,398613,413338,465100,472691,330018,369385,236034,301862,70004,127884,55711,56121,118117,124782,142185,162796,211011,244808,301670,323124,258486,291702,210313,269263,65020,118191,3330078,2090016,466421,275474,794583,484217,103781
2021-06-27T23:59:59+02:00,165880,161857,276918,260106,317496,316981,396962,412001,464242,472011,329737,369104,235940,301716,69989,127844,54563,55041,116089,123151,139735,160764,207078,241576,298423,320331,254731,287760,207883,266384,64916,118015,3320359,2075269,464397,272086,793558,468354,100918
2021-06-26T23:59:59+02:00,161541,157484,274858,258253,315129,314781,395794,410867,463556,471327,329478,368823,235836,301559,69965,127814,54025,54462,114808,122046,138359,159565,204895,239633,296013,318024,253252,286160,207569,265999,64890,117946,3301560,2058952,461613,272014,793553,466081,100786
2021-06-25T23:59:59+02:00,156090,152154,271518,255350,313102,312841,394511,409643,462568,470509,329193,368494,235715,301412,69938,127766,52739,52840,112370,119387,134343,155069,196244,231271,290389,312231,251579,284108,207014,265239,64821,117834,3276957,2016995,460215,270361,793511,459741,100568
2021-06-24T23:59:59+02:00,150939,147331,266813,251510,308909,309133,392396,407828,461230,469414,328784,368040,235552,301184,69905,127682,50140,50285,107359,114760,127183,148556,184414,220964,279090,302131,246280,278349,205206,262922,64621,117438,3246475,1955944,458255,258761,793352,446164,99015
2021-06-23T23:59:59+02:00,147638,144122,263241,248475,303863,304527,389967,405552,459863,468143,328266,367439,235329,300877,69860,127581,48249,48232,103644,110949,121602,142996,174694,212432,267404,290482,241784,273676,203891,261245,64462,117078,3219945,1901135,454795,249037,793201,435584,97249
2021-06-22T23:59:59+02:00,144385,140836,259613,245161,297919,299276,387391,403048,458362,466700,327734,366852,235116,300533,69814,127476,46563,46493,100114,107694,116886,138486,162220,201404,256620,280294,237785,269266,202000,258870,64213,116615,3188678,1843414,452921,241382,793025,424873,96038
2021-06-21T23:59:59+02:00,140890,137691,255057,241371,292760,294489,384408,400227,456914,465366,327224,366303,234892,300229,69774,127367,45352,45290,97763,105508,114181,135825,156083,195702,249817,273717,232531,263513,198137,254403,64029,116250,3157574,1812836,450912,235912,792806,405422,94115
2021-06-20T23:59:59+02:00,139285,136125,251192,238205,290322,292370,383052,398950,456156,464654,327015,366042,234786,300099,69756,127308,44303,44434,95660,103821,112064,133965,153211,193286,245628,269749,229702,260200,197212,253218,63949,116131,3141341,1793609,449177,232446,792633,398052,92610
2021-06-19T23:59:59+02:00,136751,133716,248484,235929,288580,290762,381238,397409,455323,463930,326797,365795,234683,299964,69737,127276,43780,43808,94434,102606,110641,132557,151753,191884,242452,266775,229004,259367,197046,252960,63927,116078,3125272,1778054,446390,230885,792627,397788,92528
2021-06-18T23:59:59+02:00,132569,129695,245037,232938,284670,287447,378890,395325,454000,462776,326426,365407,234531,299731,69711,127227,43016,42920,92895,100857,108388,129929,148272,187915,235729,259672,227310,257389,196566,252330,63852,115945,3099865,1749367,442093,230380,792603,391159,92262
2021-06-17T23:59:59+02:00,128712,126265,239241,228618,279655,283148,374216,391408,451773,460989,325851,364708,234297,299380,69647,127117,40841,41129,88975,97463,103650,125269,140551,180351,224496,248426,222174,251539,194939,250198,63595,115528,3065797,1694463,439175,226308,792356,380395,88140
2021-06-16T23:59:59+02:00,125318,122732,234438,224361,275031,278940,369140,386990,449235,458891,325139,363925,234012,298974,69582,127004,39050,39576,85487,94490,99373,121509,132407,173116,212568,236681,216033,244532,193045,247901,63343,115041,3032996,1635520,433732,220769,791851,372470,85574
2021-06-15T23:59:59+02:00,120096,117621,228548,219313,269764,274028,364140,382413,446432,456511,324292,362970,233671,298464,69502,126822,37446,37997,82211,91502,95461,117530,125449,166817,200339,224794,210070,237810,191111,245500,63033,114483,2988974,1578874,431831,215028,791305,364914,82916
2021-06-14T23:59:59+02:00,115829,113244,223374,214459,264453,269106,358909,377704,443335,453945,323511,362124,233360,298076,69440,126703,36506,37123,79990,89456,92801,115066,121409,163140,193826,218370,207000,234344,189995,244048,62820,114099,2947239,1549668,429506,212831,791044,357451,80220
2021-06-13T23:59:59+02:00,114288,111799,220961,212383,261954,266875,356679,375772,442167,452918,323238,361823,233226,297911,69409,126630,35661,36406,78177,87814,90836,113285,118620,160570,190050,214719,203965,230961,188970,242692,62590,113690,2932434,1535914,427088,205691,790729,349359,78218
2021-06-12T23:59:59+02:00,111514,108941,219089,210670,260588,265610,355261,374379,441280,452152,322954,361520,233134,297808,69391,126603,35296,36009,77199,86736,89608,112019,117079,159037,186546,211454,202949,229856,187587,241053,62580,113661,2916413,1522962,426116,205685,790700,342095,78101
2021-06-11T23:59:59+02:00,108854,106328,216223,208074,256962,262459,352150,371662,439569,450681,322520,361070,233002,297603,69363,126548,34635,34906,75230,83412,87413,108521,113029,153949,179933,204085,200875,227504,186989,240293,62519,113562,2892215,1495815,423345,205015,790513,328768,77429
2021-06-10T23:59:59+02:00,103995,101827,210236,203387,249983,256708,346150,366429,435145,446957,321667,360108,232685,297158,69281,126400,33070,33438,71288,79302,82556,103098,106440,145851,167740,190588,194867,220676,185278,238176,62268,113162,2849120,1449255,416362,203307,789670,302012,73396
2021-06-09T23:59:59+02:00,100040,98085,204481,198726,243319,251086,339579,360542,431518,443973,321012,359371,232421,296784,69217,126270,31555,32208,68099,76682,78907,99976,101786,141642,156749,179975,184347,208804,183429,235941,61998,112672,2810715,1395855,408176,199410,789161,290876,68800
2021-06-08T23:59:59+02:00,95388,93436,197941,193239,236410,245133,331410,353341,426469,439347,320186,358381,232055,296304,69137,126134,30494,31369,65536,74418,75670,97279,97253,137782,149242,172574,175755,199203,181637,233720,61766,112308,2759336,1357116,402456,194527,788595,280186,64347
2021-06-07T23:59:59+02:00,92058,90235,191961,188590,229910,239950,323646,347232,423459,436929,319655,357756,231842,295978,69084,126039,29640,30535,63102,72496,72747,95148,93529,134880,141271,164873,171784,194654,180240,231935,61550,111931,2720760,1330374,396383,191283,788026,269253,59573
2021-06-06T23:59:59+02:00,90470,88901,188713,186084,226600,237217,319415,343857,422048,435861,319388,357470,231730,295818,69060,125993,29051,29991,61359,70839,70701,93179,90407,131864,135657,159156,169281,192057,179144,230547,61322,111554,2705558,1318676,389061,181753,787523,258945,56899
2021-06-05T23:59:59+02:00,88459,86792,183875,181870,224137,235070,317604,342212,421043,434924,319099,357145,231581,295651,69046,125961,28607,29269,60197,68950,69330,91085,88753,129668,130963,153897,166305,188426,178666,229898,61288,111489,2682267,1295273,388945,181287,787129,253850,56544
2021-06-04T23:59:59+02:00,86041,84219,180246,178300,220168,231151,314044,338617,418684,432750,318644,356616,231390,295422,69008,125899,28152,28609,59108,67330,68080,89042,87016,127094,127652,150284,162090,183691,177686,228639,61240,111403,2653242,1276728,385171,180523,787006,243833,56195
2021-06-03T23:59:59+02:00,82757,81117,174674,173727,213023,225145,306458,332000,411000,425932,317627,355458,231023,294980,68953,125769,27272,27612,57248,65192,65747,86359,83441,123054,120983,143668,155801,176162,176130,226631,61128,111166,2604861,1247868,375225,175293,786580,231201,53389
2021-06-02T23:59:59+02:00,80677,78928,170689,170098,209455,222081,302945,328719,408988,424121,317223,355015,230871,294776,68925,125720,26829,27148,56149,64114,64219,85130,81430,121158,116071,138830,147966,167250,175416,225681,61043,110996,2576611,1215998,373852,173337,786546,227619,52631
2021-06-01T23:59:59+02:00,76383,75088,162521,163620,200217,214447,293931,320925,400848,416354,315727,353424,230335,294051,68814,125496,25296,25749,51889,61208,59452,81899,76109,116738,108746,131702,136946,153966,173331,222971,60838,110575,2518557,1166479,362318,169274,785802,215905,45907
2021-05-31T23:59:59+02:00,73647,72612,156926,159349,192975,208551,286602,314612,395135,411407,314743,352326,229954,293541,68724,125325,24396,24717,49326,59046,56353,79431,72577,113528,104325,127330,132849,149130,171981,221275,60669,110248,2478369,1144352,353029,167047,785180,205678,40253
2021-05-30T23:59:59+02:00,72599,71560,154493,157358,190406,206231,283876,312133,393270,409686,314388,351922,229795,293306,68687,125245,23811,23961,47776,57368,54665,77626,70421,111037,101711,124508,130714,146639,171199,220353,60577,110040,2462682,1134742,350543,165749,784575,194506,37556
2021-05-29T23:59:59+02:00,72000,70975,152996,155966,188128,204216,282046,310555,392430,408909,314167,351678,229716,293228,68676,125227,23490,23443,46871,55883,53337,75761,68516,108214,99419,121735,127932,143241,170550,219450,60550,109988,2448876,1121276,350405,165688,784495,184026,37536
2021-05-28T23:59:59+02:00,70920,69865,150639,153731,184523,200723,278810,307437,390591,407150,313758,351181,229570,293016,68657,125170,22972,22454,45285,53786,51532,73234,66500,104321,95138,115893,123602,138237,169581,218146,60504,109875,2425336,1098915,349369,165476,784266,169644,37168
2021-05-27T23:59:59+02:00,67620,66863,144205,148833,176406,194518,272477,302324,384324,401511,312505,349757,229113,292486,68589,124988,21665,20785,42071,50764,47697,69472,62001,98377,88842,108445,119727,133671,166804,214470,60333,109563,2381137,1070765,341813,162762,782484,149821,31478
2021-05-26T23:59:59+02:00,65492,64710,139292,144791,170353,189496,265770,296684,377619,394857,310998,348162,228628,291799,68489,124779,20936,19884,40271,48645,45363,66760,58999,94610,84301,103388,114800,127998,163038,209163,60126,109139,2344151,1039134,328688,161206,780699,138448,28770
2021-05-25T23:59:59+02:00,63473,62743,135133,141343,165339,185234,258747,290442,372229,389507,309733,346773,228228,291156,68409,124604,20373,19230,38888,47150,43559,64757,56556,91652,80276,99062,109929,122364,157551,201986,59961,108839,2306909,1007990,321227,157813,778189,129313,27154
2021-05-24T23:59:59+02:00,62252,61553,132411,139276,162094,182847,251853,284501,367329,384851,308922,345860,227942,290777,68339,124477,20035,18835,37882,46095,42238,63292,54914,89669,78068,96586,108535,120729,156954,201212,59853,108643,2283381,998820,310241,156533,776422,122700,25624
2021-05-23T23:59:59+02:00,61753,61040,131321,138400,160910,181823,250620,283487,365750,383428,308315,345204,227771,290555,68319,124441,19810,18657,37346,45553,41502,62615,53775,88692,76615,95247,107410,119382,156008,200042,59787,108506,2271973,990814,309675,153640,776372,121129,25501
2021-05-22T23:59:59+02:00,61061,60421,129855,137347,158564,180218,247679,281217,363290,381227,307793,344612,227595,290289,68294,124391,19495,18239,36743,44962,40868,62096,53133,87975,75859,94117,105871,117595,155244,199075,59760,108453,2254203,984196,309657,153639,776327,117739,24047
2021-05-21T23:59:59+02:00,59762,59000,127010,134800,155364,176952,242544,276516,357263,375582,306864,343529,227299,289892,68234,124284,19138,17878,36140,44205,40229,61058,52193,86596,74166,91855,102667,113682,154116,197639,59669,108279,2218709,971355,308031,153318,774764,111205,23768
2021-05-20T23:59:59+02:00,56738,56238,121333,129995,148499,170697,232314,267823,348316,367360,304346,340809,226542,288894,68102,124069,17852,16951,33992,41974,37807,58188,49396,82863,70273,87398,98595,109110,151687,194659,59493,107929,2161275,952332,301441,151396,768839,93682,20890
2021-05-19T23:59:59+02:00,54552,54064,116366,125361,141388,164144,221845,258524,337868,356561,301730,337965,225805,287868,67954,123793,17278,16174,32780,40404,36416,56146,47405,80110,67062,83848,94748,104681,148080,189966,59234,107438,2095941,929142,295230,149448,765910,84240,19070
2021-05-18T23:59:59+02:00,52487,52114,111612,121129,135082,158617,210352,248209,328060,346857,299075,335020,224938,286677,67803,123538,16764,15580,31589,38964,35080,54374,45622,77732,64195,80642,90774,100186,144912,185933,59024,107003,2036504,909095,285969,146612,762353,75697,17100
2021-05-17T23:59:59+02:00,51462,51131,109305,119098,132314,155990,203881,242248,320554,339823,297305,333067,224355,285862,67696,123330,16335,15146,30568,37935,33936,53104,44159,75959,61974,78274,85982,94380,143463,184061,58874,106690,2009937,897609,273812,139192,758978,69117,15050
2021-05-16T23:59:59+02:00,50688,50478,107885,117788,130582,154338,200939,239583,313155,332912,296291,331941,224048,285382,67644,123233,16057,14780,29833,37166,33071,52193,43112,74661,60667,76819,82586,90341,142681,182991,58789,106553,1994708,891617,263453,132474,755767,65022,13313
2021-05-15T23:59:59+02:00,50164,49875,106895,116819,129580,153237,199023,237672,309621,329729,295677,331254,223854,285112,67624,123169,15920,14625,29581,36866,32788,51768,42636,74022,59837,75852,81997,89534,142169,182331,58754,106507,1978699,886455,263437,132329,754905,63913,12616
2021-05-14T23:59:59+02:00,48927,48467,104669,114746,126015,149813,190885,230661,303357,323892,294706,330122,223568,284666,67576,123075,15425,14204,28806,36059,32030,50588,41570,72259,58292,73922,80113,87065,141564,181349,58714,106420,1941745,876932,261775,131476,750391,58513,11584
2021-05-13T23:59:59+02:00,47023,46532,100874,111548,121341,145727,180923,222130,292794,314134,291744,326710,222757,283529,67476,122869,14569,13763,27961,35367,31274,49701,40641,71191,56808,72378,76369,82759,138829,177767,58604,106206,1890425,864538,253236,124497,744215,54696,10579
2021-05-12T23:59:59+02:00,46120,45835,98980,110139,119305,144085,178394,220033,288070,308829,290580,325440,222515,283207,67438,122784,14407,13615,27649,35153,30880,49419,40205,70820,56286,71819,75058,81171,138063,176653,58518,106046,1867496,858942,251086,122733,743733,54427,9782
2021-05-11T23:59:59+02:00,43897,44371,94997,107087,113540,139377,165101,208816,276488,298128,287201,321550,221561,281809,67289,122486,13987,13056,26651,33742,29766,47643,38926,68565,54598,69574,72007,77617,136724,174840,58361,105690,1808966,846829,241439,120074,735302,46636,8330
2021-05-10T23:59:59+02:00,42658,43412,92428,105104,110313,136763,156751,201832,268662,291050,285034,319112,220987,280950,67164,122247,13651,12616,25902,32762,28984,46398,37946,66723,53393,67852,69945,75091,135586,173340,58242,105405,1773575,838059,235427,119038,728424,39486,7375
2021-05-09T23:59:59+02:00,41548,42646,89780,103377,107674,135009,151768,198441,263189,286157,283802,317735,220612,280422,67099,122102,13343,12403,25219,32106,28263,45601,37165,65774,52463,66913,68725,73698,134998,172515,58188,105275,1754429,833545,228375,118076,722497,34757,6392
2021-05-08T23:59:59+02:00,41258,42352,88943,102652,106608,134179,150354,197244,260669,284126,283304,317193,220492,280244,67083,122070,13242,12342,25091,32017,28118,45474,36978,65584,52131,66603,67779,72787,133942,171161,58141,105183,1742570,828992,227871,117337,722278,33982,6383
2021-05-07T23:59:59+02:00,40339,41643,87036,101334,103818,131992,145783,193487,254521,278700,281981,315611,220146,279786,67031,121947,12499,11859,24274,31296,27365,44425,36119,64331,50960,65103,65547,70119,131741,168369,58052,105005,1717177,819436,224686,115104,718185,27210,5435
2021-05-06T23:59:59+02:00,37708,39930,82332,97896,97879,127275,135684,185024,238184,264379,276891,309850,218860,278111,66857,121631,11817,11345,23345,30198,26379,43084,34769,62337,49234,63146,63072,67023,129658,165639,57939,104786,1651973,808462,214833,112028,707478,18875,4526
2021-05-05T23:59:59+02:00,35833,38744,78710,95327,93319,123650,127901,178525,223505,250404,270731,302734,217292,276128,66611,121109,11591,11073,22819,29477,25786,42165,33851,60948,48096,61745,60498,63940,126754,161978,57841,104538,1586040,796354,209796,108493,701546,14917,3456
2021-05-04T23:59:59+02:00,34744,37645,76002,93032,89837,120623,122363,173813,212937,240174,265266,296304,215858,274288,66403,120640,11433,10874,22421,28943,25335,41409,33153,59878,47012,60488,57804,60792,124408,159066,57691,104305,1537192,784647,204705,105882,695537,11795,2807
2021-05-03T23:59:59+02:00,33881,36597,73737,91232,86979,118288,117945,170186,206324,234195,262009,292461,215061,273212,66282,120346,11193,10608,22036,28375,24866,40716,32479,58921,45998,59356,55046,57468,120662,154197,57435,103870,1505609,768937,201603,104188,690663,9050,1168
2021-05-02T23:59:59+02:00,33539,36283,72575,90340,85529,117201,115539,168334,203248,231699,261053,291375,214773,272803,66217,120238,11127,10541,21852,28168,24644,40433,32144,58519,45546,58887,53863,56024,117625,150544,57352,103740,1495074,763987,198822,98677,686848,8156,306
2021-05-01T23:59:59+02:00,33226,35913,71818,89555,84463,116165,114082,166979,200181,228673,260367,290557,214565,272522,66206,120200,11115,10526,21799,28139,24586,40397,32085,58462,45463,58812,53623,55733,117467,150349,57343,103723,1480068,762687,198821,98639,686584,8111,302
2021-04-30T23:59:59+02:00,32682,35312,70620,88350,83009,114451,110331,163440,192831,221587,258380,288195,214116,271916,66146,120094,10797,10333,21440,27868,24314,39979,31764,57902,45005,58187,52733,54573,116520,149167,57289,103606,1447359,759038,198497,96664,685798,5785,107
2021-04-29T23:59:59+02:00,31195,34375,67738,86352,79409,111876,105251,159363,180089,210101,250484,279116,212922,270290,66012,119748,10495,10125,20969,27423,23892,39483,31192,57164,44213,57264,50916,52396,114685,146949,57189,103413,1392808,750296,191221,94008,680502,3493,88
2021-04-28T23:59:59+02:00,29965,33770,65884,85054,76938,110069,101846,156530,170459,200971,239667,266559,211646,268609,65815,119424,10315,9971,20674,27076,23536,39018,30780,56517,43489,56448,48813,49799,112124,143737,57067,103202,1340367,740856,187890,89494,675182,2269,63
2021-04-27T23:59:59+02:00,29215,33092,64328,83603,74972,108279,99124,154157,165777,196278,231204,256787,210507,267004,65697,119203,10196,9864,20395,26788,23304,38696,30430,56027,42813,55766,46819,47272,109492,140326,56950,103003,1306561,731127,185603,85509,667295,1559,62
2021-04-26T23:59:59+02:00,28790,32716,63246,82734,73499,107133,96870,152466,157230,188321,227031,251975,209802,266018,65607,119006,10106,9777,20188,26608,23070,38481,30139,55695,42210,55197,45031,45145,107613,137860,56855,102850,1277865,723262,184170,82438,660640,1180,60
2021-04-25T23:59:59+02:00,28543,32479,62477,82220,72447,106409,95162,151257,151942,183495,222741,247142,209218,265245,65542,118885,10051,9744,20112,26537,22986,38402,30031,55571,42052,55038,44619,44649,106938,136955,56827,102780,1265247,721617,178043,80679,652143,1052,59
2021-04-24T23:59:59+02:00,28201,32053,61548,81010,71269,104974,93627,149611,147070,178376,219967,243826,208749,264576,65508,118835,10037,9727,20070,26498,22938,38338,29952,55487,41903,54903,44383,44342,106690,136662,56806,102752,1240521,720547,178020,79987,650887,1010,58
2021-04-23T23:59:59+02:00,27459,31438,59997,79516,69494,102965,91060,146997,142334,174016,215433,238307,208097,263586,65446,118720,9987,9668,19961,26413,22807,38191,29721,55283,41543,54577,43768,43588,105636,135388,56650,102478,1215814,717232,176847,77526,642428,958,57
2021-04-22T23:59:59+02:00,26847,30840,58481,78090,67043,100771,86965,143529,134336,166568,206435,227355,206060,260959,65249,118325,9861,9572,19716,26123,22460,37762,29211,54773,40789,53943,42608,42268,103655,132955,56422,102081,1174493,709833,169430,73591,634150,832,57
2021-04-21T23:59:59+02:00,26365,30324,57168,76995,65177,99161,83951,140903,127189,159791,193408,212073,203917,258075,65024,117902,9741,9488,19488,25881,22178,37447,28864,54330,40246,53417,41771,41257,101485,130193,56173,101673,1123237,703373,166563,69543,627840,773,57
2021-04-20T23:59:59+02:00,25944,29860,56020,75860,63527,97592,81425,138344,122137,154758,181976,198675,201498,254953,64792,117481,9644,9399,19275,25697,21887,37182,28463,53929,39714,52889,40965,40334,99285,127228,55839,101138,1080847,695928,163091,66302,621120,696,56
2021-04-19T23:59:59+02:00,25585,29508,55067,75047,62259,96428,79319,136433,118638,151401,176269,191865,199795,252736,64612,117155,9538,9309,19049,25483,21650,36916,28156,53545,39217,52369,40176,39431,96207,123275,55436,100431,1056455,685668,161272,63918,614606,661,55
2021-04-18T23:59:59+02:00,25282,29249,54302,74504,61141,95491,77480,135022,115299,149022,171195,186350,198786,251512,64504,116965,9465,9235,18864,25313,21474,36752,27945,53273,38960,52122,39852,39049,94996,121739,55255,100136,1042575,681844,159608,61996,604133,649,55
2021-04-17T23:59:59+02:00,25173,29157,53933,74310,60628,95141,76832,134426,114456,148288,166965,181485,198252,250788,64469,116900,9420,9177,18726,25128,21288,36522,27722,53000,38697,51857,39558,38730,94241,120816,55191,100054,1031732,677870,159581,61683,600101,633,55
2021-04-16T23:59:59+02:00,24805,28911,52953,73711,59360,94265,75224,133105,110343,144176,159378,172762,196608,248585,64360,116692,9215,9007,18345,24711,20717,35958,26646,52116,36713,50284,36315,35877,91099,117347,54789,99401,1005976,663116,158802,54886,590670,596,55
2021-04-15T23:59:59+02:00,24331,28458,51716,72551,57419,92550,71986,130281,104900,138926,151567,163844,191971,242735,64066,116076,9042,8848,17981,24292,20227,35304,25973,51330,35336,49062,34230,33881,88023,113644,54285,98546,973901,650181,156751,49338,572931,543,55
2021-04-14T23:59:59+02:00,23987,28133,50786,71619,56083,91169,69615,128135,100942,135179,142413,153507,184251,232876,63728,115413,8640,8584,17508,23791,19699,34667,25069,50458,34062,47948,32207,31750,85064,110023,53796,97691,936135,635438,154086,45132,557820,446,54
2021-04-13T23:59:59+02:00,23758,27919,50098,71085,55154,90354,67996,126738,97234,131772,130659,140446,177898,224577,63388,114827,8407,8415,17170,23390,19282,34142,24416,49667,33005,46945,30833,30400,82963,107679,53441,97152,903038,626287,149584,40754,541486,325,54
2021-04-12T23:59:59+02:00,23551,27735,49554,70582,54299,89631,66554,125460,94626,129458,123586,132456,174682,220637,63119,114337,8172,8231,16817,23097,18919,33710,23951,49137,32340,46328,29321,28872,81310,105750,53116,96632,886715,617935,148059,37514,525695,311,54
2021-04-11T23:59:59+02:00,23381,27578,49036,70162,53575,89181,65431,124661,92786,127989,118123,126472,170770,216048,62951,114044,8042,8097,16521,22820,18605,33406,23595,48760,31898,45946,28688,28212,80295,104510,52908,96315,879306,612680,143664,35695,509420,299,53
2021-04-10T23:59:59+02:00,23321,27525,48871,70032,53379,89026,65114,124396,92268,127556,116050,123955,169340,214202,62910,113943,7459,7495,15634,22042,17652,32568,22477,47732,30789,44955,28031,27500,78209,101910,52641,95880,872352,597418,142816,35317,506923,295,51
2021-04-09T23:59:59+02:00,23076,27279,48377,69550,52748,88350,64132,123276,90452,125658,107269,113059,165975,209811,62710,113587,6501,6599,14114,20725,15939,31019,20348,45774,28597,42959,26266,25688,74722,97748,52101,95042,853033,570104,135798,33812,496683,282,47
2021-04-08T23:59:59+02:00,22787,27036,47801,69066,52009,87654,62842,122203,88050,123499,97012,101119,160463,202986,62385,113023,5862,6016,12933,19716,14685,29690,18719,44080,26112,40632,23265,22738,70106,92020,50970,93298,834478,538771,126945,31874,478722,255,42
2021-04-07T23:59:59+02:00,22478,26811,47002,68617,51093,87061,61467,121238,84937,121074,87885,90906,153486,194229,62093,112462,5483,5697,12280,19044,13875,28868,17682,43040,24214,38742,20737,20227,66174,87279,49982,91690,814201,515442,121372,29409,457476,221,38
2021-04-06T23:59:59+02:00,22271,26655,46480,68240,50512,86545,60441,120462,82843,119335,80150,82143,147153,186290,61751,111835,5294,5542,11935,18697,13529,28444,17150,42485,23359,37940,19618,19202,63038,83210,49066,90318,795006,502187,118172,26491,440137,209,36
2021-04-05T23:59:59+02:00,22176,26532,46172,67901,50135,86148,59899,119775,81671,118184,75694,77073,142170,180207,61549,111519,5155,5404,11674,18448,13237,28132,16833,42118,22915,37480,19156,18734,60185,79672,48371,89257,785626,492926,116430,23702,424956,204,34
2021-04-04T23:59:59+02:00,22129,26475,46054,67637,49967,85836,59624,119275,81167,117557,74261,75373,141471,179233,61512,111437,5153,5398,11659,18436,13226,28116,16816,42102,22821,37408,18750,18411,58752,77830,48167,88946,783109,488158,116331,23701,419778,196,31
2021-04-03T23:59:59+02:00,22068,26395,45933,67532,49806,85661,59308,118965,80600,116984,72922,73744,140359,177698,61429,111289,5145,5391,11646,18418,13203,28096,16782,42056,22716,37337,18615,18262,58402,77273,48078,88803,776772,486391,116292,23701,417839,196,30
2021-04-02T23:59:59+02:00,21993,26313,45775,67369,49590,85416,58843,118516,79726,116177,71373,71867,138088,174724,61232,110931,5128,5355,11601,18379,13150,28015,16696,41910,22446,36864,18260,17904,56072,74401,47269,87711,767702,477967,114524,23063,415917,196,29
2021-04-01T23:59:59+02:00,21793,26108,45362,66853,48958,84682,57975,117582,77849,114516,68123,68453,134023,169570,60914,110366,4985,5216,11336,18119,12928,27782,16377,41603,21950,36426,17457,17168,51278,68402,45602,85260,756104,460076,108464,21699,408769,181,26
2021-03-31T23:59:59+02:00,21468,25889,44962,66336,48474,84037,57254,116648,76703,113281,66090,66147,129286,163467,60511,109644,4907,5166,11242,18002,12773,27634,16145,41338,21363,35919,16336,16272,46097,62019,44233,83291,746394,441876,101337,20758,402678,172,24
2021-03-30T23:59:59+02:00,21297,25669,44567,65722,47975,83244,56557,115599,75572,111916,64260,64131,124916,157734,60045,108745,4840,5083,11140,17878,12583,27446,15823,41016,20795,35373,15510,15473,43357,58626,43124,81508,736265,430103,97127,19406,394771,137,20
2021-03-29T23:59:59+02:00,21101,25430,44114,65174,47504,82556,55824,114530,74364,110490,61790,61400,118204,149118,59275,107353,4745,5015,11036,17771,12432,27282,15577,40700,20341,34908,14862,14937,40778,55651,42023,79696,715828,418969,93717,18734,388895,121,20
2021-03-28T23:59:59+02:00,20900,25143,43619,64493,46991,81819,55150,113531,73428,109394,60537,59972,113515,143162,58831,106597,4691,4957,10891,17629,12184,26985,15386,40454,20175,34679,14627,14696,39705,54246,41675,79162,709328,414704,86432,17412,381535,96,20
2021-03-27T23:59:59+01:00,20785,24989,43326,64131,46633,81293,54654,112843,72767,108662,59398,58901,112042,141465,58765,106522,4678,4945,10865,17610,12166,26956,15027,40031,19779,34243,14335,14484,39221,53563,41202,78347,704105,410673,85736,16760,377547,89,20
2021-03-26T23:59:59+01:00,20533,24480,42530,62442,45675,79286,53326,109833,70768,105076,57394,57029,109300,138242,58439,106009,4658,4912,10842,17559,12097,26866,14949,39922,19445,33662,13870,13838,36169,49738,39149,75113,692788,396241,82439,16543,365344,75,20
2021-03-25T23:59:59+01:00,20101,23810,41660,60687,44590,76739,51819,106326,68385,101327,54811,54400,105999,134286,57868,105021,4612,4860,10752,17457,11979,26726,14768,39706,19174,33359,13396,13353,32342,44721,36164,70604,681402,378020,78251,15951,348384,71,19
2021-03-24T23:59:59+01:00,19705,23374,40898,59431,43588,75227,50457,104418,66312,99014,52043,51497,101765,129204,57231,103945,4558,4794,10660,17321,11816,26527,14540,39424,18809,32941,12944,12903,29787,41517,33057,65783,668660,362534,73394,14853,336265,67,15
2021-03-23T23:59:59+01:00,19460,23078,40344,58528,42874,74144,49432,102913,64672,97165,49763,49164,99017,126002,56673,103113,4500,4726,10562,17198,11670,26348,14301,39117,18402,32557,12444,12398,27365,38431,29406,59901,660604,345070,70058,14265,325889,63,14
2021-03-22T23:59:59+01:00,19245,22671,39713,57656,42216,73111,48499,101534,63206,95546,47951,47300,96629,123264,56200,102338,4440,4679,10477,17084,11541,26173,14145,38878,18166,32257,12137,12029,25544,36090,25479,53555,654358,328970,67255,13714,315674,62,14
2021-03-21T23:59:59+01:00,19110,22414,39228,56905,41674,72271,47857,100385,62270,94323,46909,46281,94991,121421,55831,101760,4427,4672,10442,17038,11497,26088,14085,38788,18086,32158,12018,11898,25117,35643,25127,53000,651796,326797,65232,13302,306807,57,13
2021-03-20T23:59:59+01:00,19050,22269,39018,56415,41438,71713,47549,99756,61833,93722,46260,45516,92399,118197,55546,101275,4418,4666,10433,17026,11470,26072,14043,38752,18004,32084,11860,11738,24480,34869,24367,51917,645359,323101,64787,13113,302013,57,13
2021-03-19T23:59:59+01:00,18698,21706,37887,54302,40166,69730,45829,97679,58965,90968,41837,41662,87200,112449,54848,100196,4399,4653,10401,16980,11407,25962,13958,38584,17771,31790,11510,11462,22816,32819,22691,49361,627664,313835,57602,12751,289055,49,13
2021-03-18T23:59:59+01:00,18307,21062,36717,52155,38632,66947,43688,93228,55133,85186,37827,37888,82483,106982,53763,98538,4379,4626,10333,16879,11329,25809,13810,38389,17552,31587,11277,11281,21573,31312,20984,46769,610804,305777,51871,12141,266054,41,13
2021-03-17T23:59:59+01:00,17890,20714,35996,51240,37874,65999,42614,91882,53353,83364,35171,35114,78468,102164,52820,97066,4356,4602,10271,16787,11258,25676,13697,38203,17355,31397,11042,11060,20339,29908,19396,44371,594211,298312,47483,11436,260224,38,13
2021-03-16T23:59:59+01:00,17534,20297,35254,50177,37062,64811,41520,90221,51521,81380,32976,33105,74481,97253,51941,95756,4306,4554,10199,16662,11168,25527,13600,37968,17220,31156,10872,10885,19065,28399,17920,42057,581051,290589,42802,11002,251623,36,11
2021-03-15T23:59:59+01:00,17256,19936,34551,49202,36277,63625,40622,88744,50268,79782,31261,31272,71206,93171,51245,94624,4285,4522,10134,16540,11102,25327,13486,37681,17071,30885,10706,10726,18345,27441,16668,40201,569967,284814,39487,10354,243782,32,0
2021-03-14T23:59:59+01:00,16988,19509,33701,48000,35378,62311,39575,86920,49025,78062,30099,30044,69217,90615,50802,93949,4260,4504,10089,16463,11045,25186,13426,37459,16982,30723,10638,10644,18164,27160,16406,39642,562878,283629,37617,9220,233890,22,0
2021-03-13T23:59:59+01:00,16183,18477,32234,46015,33820,60218,37553,83907,46916,75559,28759,28701,67207,88002,50532,93558,4260,4504,10087,16458,11042,25179,13419,37452,16978,30715,10601,10611,17424,26275,15363,38194,546558,279399,37332,9219,223931,22,0
2021-03-12T23:59:59+01:00,15080,17103,29799,43373,31160,57085,34696,79057,43715,71110,25929,25521,62911,82707,49554,92158,4249,4470,10070,16396,11024,25128,13373,37337,16889,30586,10331,10385,16545,25035,14296,36677,518594,273639,36023,9208,206516,19,0
2021-03-11T23:59:59+01:00,14045,15647,27566,40686,28844,53905,32113,74678,39973,66232,22538,22059,56928,75407,47628,89320,4208,4436,9991,16279,10915,24904,13256,37029,16725,30284,10031,10174,15917,24201,13629,35405,486655,269667,34435,7776,186643,16,0
2021-03-10T23:59:59+01:00,13451,14952,26165,39077,27201,52090,30561,72372,37464,63116,19800,19514,51024,68278,46080,86982,4175,4392,9893,16113,10797,24654,13110,36611,16526,29915,9800,9992,15176,23427,12971,34382,460306,264956,32398,7039,175584,13,0
2021-03-09T23:59:59+01:00,13168,14486,25053,38040,25792,50912,29510,70721,36088,61286,18630,18398,47524,63853,44957,85198,4151,4367,9809,15947,10695,24396,12958,36296,16353,29680,9677,9890,14516,22592,12478,33611,446766,261270,29878,6207,167121,12,0
2021-03-08T23:59:59+01:00,12840,13886,23973,36939,24526,49773,28577,69241,34859,59674,17555,17521,43415,58870,43729,83216,4136,4332,9748,15749,10593,24147,12826,35941,16227,29414,9598,9813,14022,21988,12164,33171,431336,258123,27874,5816,159530,3,0
2021-03-07T23:59:59+01:00,12607,13594,23381,36090,23831,48901,27980,68371,34257,58926,17295,17273,42349,57428,43364,82653,4124,4319,9728,15708,10566,24074,12795,35773,16171,29301,9577,9785,13827,21735,12028,32969,426605,257074,26063,5478,155775,0,0
2021-03-06T23:59:59+01:00,12495,13304,22982,35357,23305,48114,26939,66850,33162,57166,16910,16945,41705,56541,43063,82186,4121,4305,9717,15683,10548,24041,12785,35731,16153,29270,9560,9744,13781,21697,11926,32761,422556,256698,25999,5197,148610,0,0
2021-03-05T23:59:59+01:00,12085,12706,22305,34161,22625,46888,26186,65228,31933,54752,16268,16115,38248,52240,40907,78746,4093,4259,9647,15584,10499,23894,12717,35537,16069,29065,9465,9675,13597,21489,11564,32159,407390,255023,24551,4362,139586,0,0
2021-03-04T23:59:59+01:00,11326,11702,21122,32442,21412,44849,24833,62581,30245,52399,15540,15401,34250,47082,37835,74067,4048,4173,9540,15301,10398,23540,12585,35016,15926,28673,9299,9531,13442,21280,11480,32014,388993,252046,22482,4270,125743,0,0
2021-03-03T23:59:59+01:00,11021,11217,20436,31238,20645,43509,23934,60844,29208,50769,15067,14901,31646,43763,34752,69303,4009,4111,9462,15134,10319,23293,12481,34598,15750,28327,9119,9405,13318,21066,11334,31745,373588,249433,21693,4108,117100,0,0
2021-03-02T23:59:59+01:00,10759,10795,19793,30273,19932,42495,23157,59464,28242,49498,14441,14258,28975,40393,30871,63090,3962,4040,9401,14971,10252,23034,12381,34174,15650,28021,8995,9303,13181,20878,11258,31600,355439,247062,20191,4107,110928,0,0
2021-03-01T23:59:59+01:00,10587,10536,19283,29473,19372,41618,22569,58395,27531,48378,14028,13804,26908,37808,26626,56215,3947,3992,9347,14817,10190,22739,12303,33797,15545,27698,8913,9243,13002,20614,11148,31423,338264,244678,19082,4107,105905,0,0
2021-02-28T23:59:59+01:00,10420,10337,18818,28833,18844,40884,22092,57547,27046,47589,13821,13565,26304,37152,26223,55616,3933,3979,9322,14786,10172,22691,12286,33731,15519,27656,8887,9219,12872,20439,11086,31274,335841,243846,18225,4073,101143,0,0
2021-02-27T23:59:59+01:00,10240,9822,18489,27966,18586,40100,21807,56567,26718,46797,13545,13263,25638,36349,25302,54198,3922,3969,9301,14766,10141,22643,12247,33650,15478,27583,8866,9203,12863,20423,11082,31269,331937,243501,17504,3972,96062,0,0
2021-02-26T23:59:59+01:00,9446,9036,17589,26529,17806,37895,20880,53723,25262,43978,13080,12864,24052,34364,23781,51894,3841,3902,9223,14606,10068,22389,12166,33286,15362,27293,8786,9121,12797,20355,11041,31199,322844,241603,17251,3898,82196,0,0
2021-02-25T23:59:59+01:00,8289,8185,16270,24930,16541,35637,19645,50845,23559,41202,12607,12470,22774,32776,22287,49613,3719,3759,9063,14295,9851,21788,11915,32439,15042,26645,8593,8969,12539,20033,10900,30931,315237,237491,16483,3056,66020,0,0
2021-02-24T23:59:59+01:00,7924,7663,15616,23895,15914,34398,18930,49335,22769,40004,12213,12135,21473,31281,20608,46990,3646,3693,8924,14007,9679,21338,11720,31817,14781,26111,8454,8832,12398,19862,10835,30720,307009,234738,15520,2143,58727,0,0
2021-02-23T23:59:59+01:00,7440,7189,14807,22728,15230,33182,18211,47929,22050,38938,11909,11813,20137,29713,18997,44438,3606,3620,8804,13805,9544,20943,11534,31241,14483,25614,8285,8690,12273,19652,10765,30489,298922,231927,14720,1484,51175,0,0
2021-02-22T23:59:59+01:00,7333,6983,14424,22111,14881,32457,17750,46923,21555,38206,11714,11565,19394,28710,17686,42488,3576,3520,8668,13513,9381,20443,11280,30507,14111,25021,8040,8500,12076,19401,10661,30185,293085,228642,14109,303,47091,0,0
2021-02-21T23:59:59+01:00,7243,6858,14104,21672,14462,31876,17336,46269,21120,37714,11610,11465,19232,28497,17439,42155,3539,3481,8586,13391,9306,20226,11208,30218,13990,24754,7978,8438,12020,19294,10590,30024,291951,226815,13738,289,43466,0,0
2021-02-20T23:59:59+01:00,7126,6809,13979,21593,14345,31743,17218,46119,20964,37533,11511,11383,18455,27581,16385,40686,3537,3475,8577,13383,9296,20205,11194,30193,13977,24744,7973,8430,11957,19232,10537,29957,287711,226440,13542,288,42277,0,0
2021-02-19T23:59:59+01:00,6825,6557,13627,21155,13975,31074,16745,45325,20260,36667,10912,10984,17412,26251,15228,39078,3457,3452,8502,13356,9255,20150,11156,30102,13919,24650,7930,8371,11735,18959,10344,29626,281343,224738,13167,287,37661,0,0
2021-02-18T23:59:59+01:00,6430,6085,13000,20016,13338,29700,15930,43454,19390,35091,10685,10766,16822,25501,14652,38195,3272,3316,8169,12820,8963,19407,10807,29067,13555,23830,7724,8063,11150,18008,9847,28476,277784,216247,12585,287,28780,0,0
2021-02-17T23:59:59+01:00,6267,5741,12555,19136,12850,28508,15232,41733,18743,33768,10463,10515,16067,24687,13875,37005,3022,3156,7830,12308,8661,18621,10438,28026,13165,22981,7493,7827,10594,17162,9410,27660,273117,208127,11854,285,22265,0,0
2021-02-16T23:59:59+01:00,5943,5441,12018,18301,12350,27426,14687,40352,18152,32734,10311,10411,15399,23858,13368,36218,2840,3037,7529,11861,8356,17898,10044,26943,12701,22087,7223,7535,9877,15992,8684,26112,269576,198646,11358,131,16123,0,0
2021-02-15T23:59:59+01:00,5838,5265,11727,17663,12084,26645,14339,39360,17805,31964,10186,10302,14841,23205,13007,35679,2751,2958,7340,11541,8139,17397,9746,26107,12353,21407,6943,7254,9177,14938,8170,24834,266484,191027,10755,86,12759,0,0
2021-02-14T23:59:59+01:00,5572,5151,11479,17391,11863,26209,14106,38916,17614,31687,10141,10251,14607,22866,12842,35285,2701,2921,7226,11378,8012,17195,9571,25776,12176,21107,6848,7131,8957,14554,7985,24300,265484,187809,9820,86,10763,0,0
2021-02-13T23:59:59+01:00,5512,5113,11429,17355,11833,26178,14079,38884,17595,31668,10128,10224,14580,22838,12832,35269,2697,2918,7221,11371,8000,17176,9556,25743,12149,21063,6819,7098,8803,14343,7634,23674,265249,186314,9819,8,10536,0,0
2021-02-12T23:59:59+01:00,4996,4794,10858,16993,11515,25629,13760,38240,17268,31027,10019,10118,14398,22624,12752,35160,2647,2885,7129,11216,7899,16947,9408,25354,11934,20620,6639,6868,8442,13784,7042,22335,263560,181199,9808,7,6869,0,0
2021-02-11T23:59:59+01:00,4535,4494,10274,16314,11103,24831,13281,36982,16778,30168,9708,9862,14117,22177,12472,34477,2480,2613,6532,10032,7213,15220,8556,22751,10888,18551,5996,6156,7400,12170,6228,20017,260356,162852,8170,4,3131,0,0
2021-02-10T23:59:59+01:00,4288,4328,9938,15863,10795,24292,12970,36100,16362,29417,9496,9724,13937,21971,12380,34270,2121,2326,5603,8589,6425,13187,7574,19868,9779,16534,5453,5574,6421,10518,5457,17974,257708,143446,7675,2,832,0,0
2021-02-09T23:59:59+01:00,4225,4230,9815,15595,10686,23892,12800,35481,16149,28945,9318,9590,13744,21762,12239,34048,1726,1976,4830,7333,5658,11401,6660,17373,8697,14548,4876,4947,5380,8972,4729,15884,255275,125030,6898,1,429,0,0
2021-02-08T23:59:59+01:00,4193,4177,9723,15386,10577,23534,12681,35018,16009,28586,9224,9524,13543,21482,12134,33860,1562,1785,4275,6352,5002,9838,5853,14865,7688,12710,4326,4425,4405,7400,3970,13824,252924,108317,6383,1,424,0,0
2021-02-07T23:59:59+01:00,4026,4112,9568,15252,10476,23367,12602,34756,15897,28394,9184,9479,13400,21301,12062,33717,1350,1539,3858,5681,4592,8962,5429,13711,7206,11766,4070,4168,4177,7009,3812,13230,251832,100594,5839,1,0,0,0
2021-02-06T23:59:59+01:00,4017,4103,9558,15237,10463,23331,12580,34707,15880,28337,9164,9465,13382,21266,11957,33521,1198,1343,3627,5375,4406,8537,5209,13124,6926,11209,3933,4031,4053,6860,3534,12773,251490,96169,5556,1,0,0,0
2021-02-05T23:59:59+01:00,3944,4036,9486,15096,10396,23081,12495,34336,15765,28055,9081,9390,13309,21191,11608,32924,1056,1114,3347,4934,4148,7959,4892,12349,6541,10483,3672,3787,3893,6634,3032,11890,249605,89760,4664,0,0,0,0
2021-02-04T23:59:59+01:00,3887,3913,9366,14779,10221,22536,12305,33543,15548,27493,8958,9280,13085,20899,11495,32723,793,781,2526,3691,3214,6225,3943,9812,5221,8276,2995,3081,3273,5656,2639,10400,245667,72546,4440,0,0,0,0
2021-02-03T23:59:59+01:00,3820,3842,9261,14557,10116,22199,12174,33033,15397,27068,8849,9165,12944,20721,11419,32557,658,613,1906,2784,2481,4811,2981,7541,3993,6243,2189,2221,2393,4195,1912,7797,242926,54733,4272,0,0,0,0
2021-02-02T23:59:59+01:00,3754,3750,9160,14365,10020,21817,12030,32466,15197,26613,8726,9051,12822,20511,11335,32289,522,486,1440,2055,1898,3619,2241,5740,2974,4670,1550,1524,1630,2761,1330,5186,239710,39636,4270,0,0,0,0
2021-02-01T23:59:59+01:00,3714,3660,9079,14132,9914,21432,11893,31830,15016,26111,8608,8904,12715,20369,11284,32114,389,352,1000,1418,1251,2407,1457,3762,1846,2959,981,970,968,1684,762,3009,236579,25222,4270,0,0,0,0
2021-01-31T23:59:59+01:00,3696,3625,9026,14023,9845,21232,11829,31536,14916,25915,8553,8846,12664,20257,11240,31985,359,331,880,1230,1062,2039,1257,3210,1613,2593,883,879,863,1503,691,2704,235102,22102,4159,0,0,0,0
2021-01-30T23:59:59+01:00,3696,3622,9016,14011,9831,21210,11816,31516,14904,25901,8549,8841,12606,20195,11191,31923,342,307,821,1147,1005,1916,1193,3023,1538,2456,855,853,845,1463,676,2652,234788,21096,4113,0,0,0,0
2021-01-29T23:59:59+01:00,3636,3608,8956,13982,9802,21161,11784,31441,14860,25834,8525,8818,12420,19971,11011,31680,275,224,702,976,861,1556,1040,2634,1328,2132,767,763,796,1408,658,2599,233574,18721,3988,0,0,0,0
2021-01-28T23:59:59+01:00,3517,3522,8753,13593,9582,20650,11554,30863,14536,25339,8389,8718,11986,19351,10655,31099,129,57,284,358,375,602,454,1137,603,955,407,421,466,809,376,1571,228791,9004,3388,0,0,0,0
2021-01-27T23:59:59+01:00,3286,3387,8460,13178,9281,20030,11172,30031,14150,24602,8174,8506,11438,18551,10231,30338,77,33,198,220,240,407,301,790,424,657,309,307,346,603,283,1149,222099,6344,2784,0,0,0,0
2021-01-26T23:59:59+01:00,3118,3290,8180,12842,9018,19460,10868,29273,13753,23975,7938,8285,10860,17637,9584,29186,73,29,183,210,224,373,285,739,393,596,294,282,319,541,257,1019,215392,5817,1943,0,0,0,0
2021-01-25T23:59:59+01:00,3031,3198,7899,12362,8728,18757,10482,28275,13273,23213,7655,8087,10241,16822,9129,28286,65,21,163,189,192,317,246,620,341,493,257,238,265,465,209,831,209106,4912,398,0,0,0,0
2021-01-24T23:59:59+01:00,2987,3178,7815,12284,8656,18633,10373,28115,13145,23032,7614,8052,10176,16711,9081,28190,64,20,159,185,190,304,243,600,333,479,248,234,263,458,205,816,207809,4801,298,0,0,0,0
2021-01-23T23:59:59+01:00,2986,3177,7814,12282,8652,18624,10372,28103,13139,23027,7608,8050,10051,16547,8754,27603,63,20,159,185,189,303,241,600,331,479,248,234,263,458,205,815,206557,4793,297,0,0,0,0
2021-01-22T23:59:59+01:00,2925,3131,7691,12171,8569,18486,10263,27933,13059,22913,7578,8017,9853,16245,8236,26579,63,20,158,185,189,303,241,600,330,479,248,234,263,458,205,815,203417,4791,297,0,0,0,0
2021-01-21T23:59:59+01:00,2843,2963,7192,11259,8084,17345,9728,26314,12455,21696,7294,7688,9213,15284,7712,25508,57,18,143,171,173,273,216,525,293,440,222,207,232,378,175,684,192343,4207,297,0,0,0,0
2021-01-20T23:59:59+01:00,2484,2618,6314,9859,7341,15391,8776,23489,11347,19628,6694,7037,8123,13524,6900,23299,56,18,142,166,170,271,209,512,282,418,210,200,226,353,162,646,172585,4041,294,0,0,0,0
2021-01-19T23:59:59+01:00,2042,2261,5417,8480,6479,13503,7757,20702,10079,17391,5939,6155,6737,11334,5880,20245,39,11,93,123,114,168,147,348,183,291,133,115,137,235,113,479,150236,2729,213,0,0,0,0
2021-01-18T23:59:59+01:00,1768,1975,4662,7102,5526,11270,6571,17115,8657,14687,5065,5283,5355,9089,4809,16769,21,6,36,45,52,78,64,156,71,146,59,54,64,131,62,220,125659,1265,90,0,0,0,0
2021-01-17T23:59:59+01:00,1491,1687,4151,6309,5020,10139,6037,15540,8018,13425,4724,4933,4983,8415,4481,15764,8,2,8,14,15,27,18,47,26,56,23,23,18,31,13,47,115068,376,88,0,0,0,0
2021-01-16T23:59:59+01:00,1324,1482,3935,5989,4840,9699,5778,14874,7688,12732,4535,4705,4772,8140,4126,15160,0,0,0,0,1,2,1,1,1,2,0,1,0,0,0,1,109811,10,5,0,0,0,0
2021-01-15T23:59:59+01:00,1174,1256,3681,5571,4587,9134,5486,14035,7280,11933,4243,4412,4586,7833,3591,14114,0,0,0,0,0,0,0,0,0,0,0,0,0,0,0,0,102947,0,3,0,0,0,0
2021-01-14T23:59:59+01:00,899,940,2937,4387,3721,7319,4544,11295,5886,9591,3446,3550,3856,6620,3108,12312,0,0,0,0,0,0,0,0,0,0,0,0,0,0,0,0,84437,0,0,0,0,0,0
2021-01-13T23:59:59+01:00,763,786,2466,3660,3136,6102,3776,9364,4796,7722,2574,2638,2910,5040,2376,9411,0,0,0,0,0,0,0,0,0,0,0,0,0,0,0,0,67542,0,0,0,0,0,0
2021-01-12T23:59:59+01:00,632,657,2066,3005,2581,4962,3026,7549,3780,6070,1846,1819,1987,3408,1680,6419,0,0,0,0,0,0,0,0,0,0,0,0,0,0,0,0,51506,0,0,0,0,0,0
2021-01-11T23:59:59+01:00,491,525,1724,2433,2074,3963,2343,5739,2808,4406,1188,1124,1192,1999,920,3644,0,0,0,0,0,0,0,0,0,0,0,0,0,0,0,0,36588,0,0,0,0,0,0
2021-01-10T23:59:59+01:00,435,455,1466,2009,1733,3244,1934,4752,2332,3688,1047,1000,1048,1755,819,3193,0,0,0,0,0,0,0,0,0,0,0,0,0,0,0,0,30921,0,0,0,0,0,0
2021-01-09T23:59:59+01:00,403,411,1343,1834,1588,2954,1781,4307,2148,3357,972,930,989,1701,801,3151,0,0,0,0,0,0,0,0,0,0,0,0,0,0,0,0,28679,0,0,0,0,0,0
2021-01-08T23:59:59+01:00,306,283,1098,1494,1310,2289,1464,3535,1778,2744,840,825,901,1579,756,3000,0,0,0,0,0,0,0,0,0,0,0,0,0,0,0,0,24209,0,0,0,0,0,0
2021-01-07T23:59:59+01:00,143,76,391,504,475,782,587,1356,774,1198,466,478,559,961,463,1907,0,0,0,0,0,0,0,0,0,0,0,0,0,0,0,0,11120,0,0,0,0,0,0
2021-01-06T23:59:59+01:00,108,44,262,282,304,506,394,918,524,821,358,359,423,747,357,1441,0,0,0,0,0,0,0,0,0,0,0,0,0,0,0,0,7848,0,0,0,0,0,0
2021-01-05T23:59:59+01:00,84,31,185,229,237,420,316,809,442,702,342,343,406,714,350,1386,0,0,0,0,0,0,0,0,0,0,0,0,0,0,0,0,6996,0,0,0,0,0,0
2021-01-04T23:59:59+01:00,67,25,168,192,196,327,252,626,348,510,267,251,285,516,233,927,0,0,0,0,0,0,0,0,0,0,0,0,0,0,0,0,5190,0,0,0,0,0,0
2021-01-03T23:59:59+01:00,65,21,162,187,192,313,250,611,340,493,260,249,281,503,231,910,0,0,0,0,0,0,0,0,0,0,0,0,0,0,0,0,5068,0,0,0,0,0,0
2021-01-02T23:59:59+01:00,65,21,162,187,192,313,248,611,337,493,260,249,281,503,231,909,0,0,0,0,0,0,0,0,0,0,0,0,0,0,0,0,5062,0,0,0,0,0,0
2021-01-01T23:59:59+01:00,64,21,161,187,192,312,248,611,335,491,260,249,281,502,231,909,0,0,0,0,0,0,0,0,0,0,0,0,0,0,0,0,5054,0,0,0,0,0,0
2020-12-31T23:59:59+01:00,64,21,161,185,192,311,247,610,334,490,260,249,281,502,231,909,0,0,0,0,0,0,0,0,0,0,0,0,0,0,0,0,5047,0,0,0,0,0,0
2020-12-30T23:59:59+01:00,63,21,161,184,190,308,247,609,334,488,260,249,281,502,231,909,0,0,0,0,0,0,0,0,0,0,0,0,0,0,0,0,5037,0,0,0,0,0,0
2020-12-29T23:59:59+01:00,46,12,113,140,141,210,180,436,235,374,179,164,193,373,170,709,0,0,0,0,0,0,0,0,0,0,0,0,0,0,0,0,3675,0,0,0,0,0,0
2020-12-28T23:59:59+01:00,25,8,61,77,80,121,99,247,116,232,98,93,102,200,103,388,0,0,0,0,0,0,0,0,0,0,0,0,0,0,0,0,2050,0,0,0,0,0,0
2020-12-27T23:59:59+01:00,11,3,17,26,36,46,35,85,35,94,32,29,39,73,32,145,0,0,0,0,0,0,0,0,0,0,0,0,0,0,0,0,738,0,0,0,0,0,0
