Datum,<15_m,<15_w,15-24_1_m,15-24_1_w,25-34_1_m,25-34_1_w,35-44_1_m,35-44_1_w,45-54_1_m,45-54_1_w,55-64_1_m,55-64_1_w,65-74_1_m,65-74_1_w,75-84_1_m,75-84_1_w,>84_1_m,>84_1_w,<24_2_m,<24_2_w,25-34_2_m,25-34_2_w,35-44_2_m,35-44_2_w,45-54_2_m,45-54_2_w,55-64_2_m,55-64_2_w,65-74_2_m,65-74_2_w,75-84_2_m,75-84_2_w,>84_2_m,>84_2_w,bp_1,bp_2,mo_1,mo_2,az_1,az_2,ja,unb_1,unb_2
2021-08-20T23:59:59+02:00,29574,27501,256197,246554,365168,336002,383626,376598,449031,458766,503974,506489,346275,386792,243425,311682,71663,131171,225104,217896,337799,307694,359992,350186,425810,432756,482217,484414,334657,373539,235632,301045,68750,125136,3874652,3628340,515548,486076,806824,756119,233954,470,354
2021-08-19T23:59:59+02:00,29274,27221,255305,245780,364272,335290,382914,375960,448374,458196,503450,506036,346057,386558,243330,311547,71635,131107,222459,215574,335651,305980,358384,348783,424494,431554,481122,483500,334261,373140,235454,300822,68719,125070,3869691,3614678,515198,484378,806795,755701,231113,469,354
2021-08-18T23:59:59+02:00,28995,26965,254523,245086,363591,334692,382352,375398,447789,457713,502984,505637,345794,386325,243216,311403,71605,131047,220041,213094,333647,304253,356779,347168,423003,430248,479999,482492,333757,372602,235229,300537,68673,124982,3864708,3601711,515027,480529,806771,755330,229100,469,354
2021-08-17T23:59:59+02:00,28684,26691,253748,244385,362988,334035,381804,374863,447319,457247,502564,505227,345601,386122,243104,311275,71580,130996,217338,210383,331610,302459,355119,345726,421593,429005,478893,481528,333285,372072,235008,300260,68624,124909,3859826,3586971,514730,477777,806744,754916,227424,469,353
2021-08-16T23:59:59+02:00,28412,26443,253090,243756,362444,333504,381360,374419,446900,456825,502164,504869,345422,385920,243010,311117,71549,130958,214336,207446,329460,300465,353690,344359,420422,427913,477977,480720,332919,371650,234832,300002,68588,124825,3855617,3570483,514580,477091,806722,754576,225734,469,353
2021-08-15T23:59:59+02:00,28244,26305,252659,243366,362082,333166,381027,374113,446627,456593,501938,504693,345318,385814,242967,311044,71539,130940,210464,203528,327736,298970,352509,343218,419478,427029,477246,480111,332605,371342,234721,299835,68566,124779,3853124,3553824,514455,476198,806689,754264,224658,469,353
2021-08-14T23:59:59+02:00,28179,26252,252422,243171,361856,332994,380854,373966,446474,456465,501823,504587,345269,385782,242949,311021,71536,130936,209406,202439,326940,298213,351802,342553,418991,426575,476864,479793,332466,371217,234683,299778,68557,124762,3851978,3547218,514385,475841,806686,754189,223978,469,353
2021-08-13T23:59:59+02:00,27929,26012,251740,242593,361378,332579,380442,373546,446048,456111,501497,504337,345143,385634,242885,310950,71524,130908,207589,200715,325566,296953,350588,341409,417966,425659,476129,479173,332230,370936,234576,299638,68540,124711,3848258,3535678,514315,475253,806677,754007,222501,465,353
2021-08-12T23:59:59+02:00,27734,25792,251023,241968,360770,332003,379923,373073,445527,455676,501087,503992,344967,385436,242785,310848,71512,130859,205021,198477,322739,294468,348612,339640,416477,424436,474923,478129,331796,370411,234336,299363,68500,124631,3844398,3518543,514129,474110,806643,752998,220300,465,353
2021-08-11T23:59:59+02:00,27502,25543,250303,241291,360161,331436,379413,372602,445080,455270,500684,503572,344744,385200,242673,310716,71485,130808,201994,195508,319573,291551,346461,337584,414997,423051,473652,476849,331262,369780,234090,298965,68452,124510,3839657,3496854,513917,473053,806606,752071,218798,465,353
2021-08-10T23:59:59+02:00,27262,25287,249479,240569,359471,330907,378890,372067,444597,454805,500245,503185,344555,385009,242589,310582,71461,130766,197817,191415,314943,287383,343508,334839,412893,421124,472077,475409,330592,369116,233806,298563,68397,124395,3834689,3466957,513642,471988,806572,750936,217319,464,353
2021-08-09T23:59:59+02:00,27070,25092,248864,240006,358913,330452,378462,371697,444203,454470,499916,502911,344403,384868,242525,310473,71441,130731,193302,186848,309259,282663,340765,332368,410999,419364,470466,473955,329965,368433,233542,298197,68341,124266,3831137,3436762,513469,469254,806542,749861,215845,464,353
2021-08-08T23:59:59+02:00,26906,24941,248392,239613,358531,330114,378131,371421,443914,454225,499680,502723,344298,384765,242465,310395,71424,130698,191970,185497,307656,281351,339475,331231,410147,418619,469909,473451,329711,368168,233420,298032,68316,124216,3828688,3427816,513319,467906,806492,749391,214633,464,353
2021-08-07T23:59:59+02:00,26759,24769,247872,239167,358139,329786,377801,371143,443621,453990,499456,502551,344228,384672,242430,310346,71416,130688,188318,181919,305622,279513,337767,329721,408823,417364,468989,472665,329361,367798,233290,297845,68282,124181,3825875,3408321,513212,466580,806482,749178,213761,464,350
2021-08-06T23:59:59+02:00,26538,24535,247009,238509,357371,329186,377141,370570,442973,453474,498930,502167,343993,384468,242332,310231,71405,130666,184600,178387,302193,276735,335650,327898,407238,416038,467701,471706,328983,367414,233130,297691,68258,124136,3823352,3389167,511872,464859,806472,748094,210298,464,349
2021-08-05T23:59:59+02:00,26223,24216,245852,237592,356496,328340,376349,369862,442253,452810,498279,501639,343719,384172,242218,310058,71364,130604,180165,174460,296856,272377,331569,324383,404455,413563,465463,469926,328321,366716,232869,297326,68200,124026,3817184,3361490,511619,460180,806415,744417,207323,464,349
2021-08-04T23:59:59+02:00,25856,23876,244718,236613,355522,327441,375586,369160,441637,452214,497715,501127,343447,383906,242099,309889,71338,130534,176713,171175,293126,269269,327178,320500,402213,411481,463770,468384,327632,366022,232598,296980,68142,123925,3810802,3334498,511280,458434,806382,742673,204717,456,348
2021-08-03T23:59:59+02:00,25395,23459,243362,235440,354638,326627,374890,368480,440994,451560,497130,500602,343164,383608,241975,309716,71295,130469,173242,167750,289049,265647,322088,315911,399488,408944,461457,466303,326812,365167,232252,296518,68076,123790,3802964,3302597,511121,456572,806345,740605,202877,456,348
2021-08-02T23:59:59+02:00,25079,23151,242315,234492,353802,325890,374207,367892,440440,451022,496616,500157,342904,383338,241862,309566,71269,130410,169618,164170,284388,261706,316243,310979,396753,406405,459235,464323,326041,364337,231959,296122,68014,123674,3796711,3269292,510876,454622,806291,738084,201036,456,347
2021-08-01T23:59:59+02:00,24929,22965,241691,233895,353220,325388,373776,367517,440010,450703,496273,499881,342772,383177,241788,309449,71256,130383,168076,162729,281918,259726,311623,307274,394903,404838,457765,463086,325617,363858,231794,295907,67987,123615,3793112,3251488,510569,452497,806203,735643,199689,456,347
2021-07-31T23:59:59+02:00,24820,22861,241352,233582,352946,325168,373540,367349,439824,450552,496167,499782,342739,383140,241768,309436,71255,130378,164320,158900,279109,257199,309545,305283,393509,403556,456619,462101,325299,363482,231659,295735,67961,123569,3791526,3228658,510382,451560,806199,734856,199052,456,347
2021-07-30T23:59:59+02:00,24534,22604,240563,232876,352379,324646,373059,366892,439369,450154,495810,499493,342601,383001,241724,309358,71242,130362,160585,155145,275720,254106,306534,302476,391288,401457,454782,460524,324792,362955,231450,295443,67928,123513,3787496,3203674,510026,450364,806182,731676,197463,456,347
2021-07-29T23:59:59+02:00,24192,22266,239033,231614,351227,323579,372099,365995,438524,449368,495011,498874,342272,382694,241589,309181,71207,130300,155749,150685,270357,249948,300649,297725,386955,397989,451743,458130,323961,362119,231142,295037,67868,123417,3779998,3169926,509366,445539,806101,726583,194059,456,347
2021-07-28T23:59:59+02:00,23897,21982,237896,230588,350349,322749,371369,365324,437900,448709,494451,498394,342020,382400,241459,308996,71173,130229,152000,147052,265886,246314,296236,293789,383701,395157,449662,456291,323306,361365,230881,294653,67804,123295,3773365,3139352,508842,443627,806023,723959,192155,455,347
2021-07-27T23:59:59+02:00,23629,21758,236902,229628,349519,322020,370685,364747,437334,448108,493935,497948,341785,382105,241328,308806,71138,130131,146991,141952,259992,241195,290962,289054,379711,391475,446505,453501,322332,360272,230520,294154,67716,123139,3767146,3097915,508300,441338,805967,720232,190594,454,346
2021-07-26T23:59:59+02:00,23397,21522,235939,228672,348746,321324,370095,364204,436785,447627,493486,497587,341558,381867,241202,308652,71115,130074,142658,137579,254464,236426,285803,284595,375260,387538,442996,450485,321384,359312,230193,293679,67643,123002,3761551,3058623,507679,439096,805889,715895,189232,454,346
2021-07-25T23:59:59+02:00,23040,21221,234606,227526,347811,320569,369427,363550,436215,447091,493032,497186,341365,381654,241115,308522,71094,130010,140819,135840,251805,234228,283323,282514,373131,385773,440929,448712,320879,358801,229995,293451,67618,122926,3754551,3043758,507303,436931,805827,711550,187852,454,346
2021-07-24T23:59:59+02:00,22793,21028,233683,226676,347095,319925,368859,363033,435691,446656,492674,496911,341248,381557,241073,308460,71091,130000,137927,133045,249080,231915,280763,280312,370881,383921,439693,447729,320532,358465,229851,293273,67599,122892,3750588,3025455,506539,433932,805810,711214,186014,454,346
2021-07-23T23:59:59+02:00,22378,20642,232187,225349,345782,319003,367824,362178,434817,445872,491981,496385,341013,381287,240984,308347,71070,129964,132463,128213,243730,227630,276308,276540,367200,380744,437058,445537,319834,357745,229598,292964,67545,122811,3743189,2990053,506072,432169,805755,709080,182544,454,345
2021-07-22T23:59:59+02:00,21878,20167,230091,223390,344046,317484,366331,360901,433512,444739,491007,495498,340594,380841,240814,308104,71025,129884,128133,124175,237751,223136,269942,271494,360326,375266,431610,441050,318668,356496,229171,292447,67451,122660,3730861,2948132,504491,426202,805631,702786,179816,454,345
2021-07-21T23:59:59+02:00,21372,19648,228219,221580,342366,315968,364719,359338,431947,443361,489790,494336,340046,380322,240569,307821,70972,129789,124387,120622,232308,218911,264433,266986,352215,368355,427016,437317,317553,355349,228712,291882,67370,122482,3719955,2912748,500744,415358,805411,698012,176544,454,342
2021-07-20T23:59:59+02:00,21069,19371,226757,220116,341146,314813,363762,358470,431098,442580,489078,493702,339708,379957,240427,307601,70945,129700,120059,116407,225972,213755,258618,261826,345113,362262,422330,433014,316465,354097,228301,291300,67275,122301,3710738,2869093,500343,408157,805290,693633,174419,454,341
2021-07-19T23:59:59+02:00,20753,19077,225037,218439,339844,313571,362737,357503,430295,441809,488408,493091,339412,379597,240278,307371,70901,129602,117315,113819,221607,210175,254021,257878,341408,359100,419721,430842,315748,353372,228012,290911,67203,122179,3700238,2844160,499932,402784,805200,689330,172844,454,341
2021-07-18T23:59:59+02:00,20601,18948,223755,217184,338253,312161,361685,356596,429493,441096,487877,492550,339183,379313,240149,307194,70879,129540,115831,112438,218975,208012,251674,255791,339170,357259,417700,429158,315269,352889,227852,290693,67182,122112,3690895,2831939,499397,398519,805127,685644,171525,454,340
2021-07-17T23:59:59+02:00,20209,18527,222604,216131,337678,311626,361099,356086,428981,440648,487465,492263,339079,379197,240107,307139,70876,129530,113767,110342,216521,205713,249223,253604,336752,355130,416258,427898,314935,352498,227717,290526,67158,122072,3685364,2814487,499195,395803,805113,684860,170065,448,339
2021-07-16T23:59:59+02:00,19668,18015,220057,213992,335946,310336,359603,354796,427515,439445,486368,491400,338675,378829,239933,306980,70851,129493,110663,107546,211768,201791,244698,249975,332464,351445,412921,425186,314016,351574,227368,290111,67104,121990,3675184,2786878,498441,393462,804955,681054,163812,448,338
2021-07-15T23:59:59+02:00,19028,17392,217277,211574,334047,308642,358022,353361,426186,438270,485429,490552,338279,378405,239732,306725,70809,129389,106766,104346,203425,195561,237225,244384,325881,346226,405869,418764,312288,349771,226827,289448,67033,121793,3660202,2740462,497842,385055,804839,673643,160721,448,338
2021-07-14T23:59:59+02:00,18184,16667,214846,209260,332362,307115,356630,352026,424975,437076,484406,489601,337826,377944,239494,306415,70755,129303,103171,101026,196981,190419,231531,239734,321601,342764,401704,415144,310984,348461,226425,288891,66953,121639,3645335,2706981,497285,379532,804712,666857,158036,448,335
2021-07-13T23:59:59+02:00,17534,16009,212662,207240,330764,305749,355300,350811,423812,435996,483449,488745,337392,377474,239290,306173,70720,129212,99421,97498,190517,185036,224416,233685,314939,336713,393322,407309,309197,346539,225825,288103,66845,121442,3631559,2664324,496729,366876,804568,657405,155959,447,329
2021-07-12T23:59:59+02:00,16517,15077,209389,204063,328708,304025,353728,349344,422573,434801,482474,487845,336978,377008,239111,305946,70680,129135,96333,94786,185248,180750,217445,228020,308119,330688,388233,403038,307476,344678,225238,287371,66746,121273,3613134,2626108,496178,359759,804396,649006,154176,446,327
2021-07-11T23:59:59+02:00,16010,14604,208036,202794,327974,303316,353069,348728,422015,434305,482032,487504,336792,376805,239051,305840,70659,129095,94917,93500,182485,178449,214458,225743,305441,328541,385410,400656,305013,342059,224861,286902,66694,121175,3606941,2611185,495543,357772,804272,638537,152357,443,326
2021-07-10T23:59:59+02:00,15537,14145,206192,201016,326518,302057,351941,347759,421292,433711,481558,487106,336624,376640,238985,305754,70649,129075,93620,92234,179963,176348,211432,223259,302926,326384,384250,399622,304366,341391,224681,286716,66678,121149,3598367,2594420,494916,357546,804036,636790,149720,443,326
2021-07-09T23:59:59+02:00,15214,13867,204288,199177,324918,300613,350875,346802,420392,433001,480991,486630,336419,376418,238888,305634,70633,129041,90841,89512,176438,173130,207092,219115,297912,321788,380816,396649,303273,340167,224378,286349,66641,121085,3589248,2565482,494055,355492,803845,629207,147128,443,325
2021-07-08T23:59:59+02:00,14752,13442,200805,196199,321610,297945,348511,344820,418685,431556,479556,485563,335984,375975,238711,305388,70588,128966,86547,85753,169207,167488,198977,212729,290557,315696,373889,390450,300566,337260,223607,285416,66524,120827,3573954,2519384,490004,346858,803326,618885,142244,443,325
2021-07-07T23:59:59+02:00,14253,12988,197075,192344,318457,295095,346211,342785,417130,430089,478362,484467,335508,375415,238522,305117,70551,128861,82872,82317,161928,161793,189958,205569,282593,309143,366876,383648,297272,333661,222707,284318,66386,120581,3552730,2471508,488647,333452,802943,608927,139378,442,323
2021-07-06T23:59:59+02:00,13793,12616,193649,188967,315204,292368,343741,340497,415413,428531,477097,483334,335008,374860,238327,304828,70498,128775,79307,78746,155262,156291,182557,199369,273666,301199,360399,377573,294085,330422,221826,283228,66277,120350,3532915,2419091,485587,326483,802527,599436,136945,441,323
2021-07-05T23:59:59+02:00,13396,12280,189271,184733,311168,289047,341241,338179,413749,426994,475958,482265,334535,374343,238153,304584,70465,128690,76258,75936,150155,152221,177804,195251,266770,294949,354297,372043,290818,326981,220944,282113,66169,120181,3510157,2380124,484436,322010,802038,589094,132887,437,321
2021-07-04T23:59:59+02:00,13219,12123,185441,180868,308547,287033,339935,337112,412872,426217,475378,481781,334315,374091,238063,304460,70439,128637,74078,74071,147074,149679,175481,193216,264336,292894,351193,369841,287520,323595,220365,281451,66114,120062,3497968,2366404,483150,319724,801470,577598,128408,437,319
2021-07-03T23:59:59+02:00,12027,11070,179019,174881,304297,283586,337612,334948,411063,424411,474173,480721,333915,373645,237888,304214,70415,128594,72301,72502,144660,147808,173048,191138,261281,290175,348919,367988,285773,321618,220097,281091,66082,120013,3471668,2350721,481748,319529,801285,573120,122234,437,319
2021-07-02T23:59:59+02:00,10931,9980,175311,171426,301892,281394,335868,333252,409816,423226,473399,480037,333656,373332,237772,304032,70387,128546,69617,69832,140759,144543,168629,187121,255235,284752,343707,363286,282527,317897,219459,280323,66034,119929,3453610,2317656,480274,316749,801095,560555,119729,436,298
2021-07-01T23:59:59+02:00,9839,9056,171652,168001,297859,278118,333387,330993,408022,421651,472305,479079,333239,372874,237573,303760,70340,128468,64746,65120,134477,139227,161365,180635,245003,275921,332929,353528,277756,312635,217607,278073,65855,119617,3431131,2261489,478190,304417,800749,542875,116595,436,297
2021-06-30T23:59:59+02:00,9350,8666,168390,164936,292255,273503,329724,327666,406253,420123,471288,478110,332819,372392,237382,303462,70306,128381,61621,62271,128847,134545,154729,174635,234971,266789,319553,340277,272557,307107,215719,275753,65687,119299,3406104,2206546,476036,291627,800456,524069,112855,436,295
2021-06-29T23:59:59+02:00,8814,8144,164605,161172,287735,269256,326170,324374,404157,418048,469750,476699,332235,371756,237132,303108,70251,128272,58841,59288,123915,130153,148720,169124,223145,256118,311014,331934,266105,299928,213754,273299,65484,118954,3378670,2147444,474052,286978,800132,506695,109265,435,292
2021-06-28T23:59:59+02:00,8409,7764,161291,157722,282710,264952,322877,321526,402019,416123,468264,475392,331715,371145,236899,302797,70208,128178,56575,56950,120024,126656,144385,165051,213932,247719,305240,326545,261164,294638,211992,271069,65338,118690,3354804,2111817,470080,278390,799476,490191,106066,435,289
2021-06-27T23:59:59+02:00,8262,7641,159791,156201,280611,263148,321079,319999,400329,414763,467375,474684,331423,370853,236796,302636,70189,128129,55381,55844,117904,124955,141830,162928,209836,244347,301892,323696,257369,290651,209538,268162,65227,118502,3344832,2096427,468010,274918,798429,474092,103073,435,289
2021-06-26T23:59:59+02:00,7110,6544,156528,152863,278507,261263,318674,317766,399141,413613,466675,473980,331152,370570,236690,302479,70165,128099,54838,55263,116575,123811,140411,161696,207596,242346,299363,321289,255837,288995,209205,267752,65200,118432,3325731,2079706,465195,274830,798423,471596,102940,395,251
2021-06-25T23:59:59+02:00,5891,5427,152225,148589,275125,258313,316619,315807,397839,412370,465676,473157,330863,370235,236563,302324,70137,128051,53554,53643,114107,121120,136343,157139,198850,233905,293688,315430,254116,286882,208615,266952,65129,118313,3300821,2037299,463771,273142,798368,465031,102719,395,251
2021-06-24T23:59:59+02:00,5038,4645,147793,144470,270323,254395,312349,312039,395660,410503,464309,472026,330445,369775,236395,302086,70104,127965,50914,51061,109001,116421,129034,150512,186851,223479,282290,305215,248749,281064,206787,264613,64926,117913,3269753,1975410,461774,261399,798201,451306,101057,394,250
2021-06-23T23:59:59+02:00,4819,4438,144637,141361,266641,251254,307113,307246,393168,408161,462909,470712,329918,369157,236165,301776,70056,127862,48976,48986,105213,112519,123378,144847,176978,214831,270348,293261,244150,276264,205456,262918,64765,117553,3242275,1919241,458257,251566,798044,440627,99284,392,250
2021-06-22T23:59:59+02:00,4569,4209,141568,138239,262946,247888,300994,301814,390538,405607,461370,469231,329375,368556,235946,301427,70008,127756,47291,47249,101616,109232,118594,140288,164405,203711,259469,282987,240094,271801,203538,260511,64514,117085,3210286,1861029,456331,243869,797863,429693,98020,390,242
2021-06-21T23:59:59+02:00,4312,3964,138311,135306,258252,244005,295756,296955,387510,402743,459901,467886,328858,368000,235722,301117,69968,127643,46064,46027,99241,107019,115865,137588,158206,197958,252601,276363,234752,265978,199624,256008,64329,116711,3178640,1830151,454298,238359,797655,409958,96072,389,242
2021-06-20T23:59:59+02:00,4168,3846,136810,133803,254030,240546,293185,294725,386120,401434,459111,467141,328635,367720,235610,300984,69948,127581,44947,45112,96995,105236,113603,135610,155181,195425,248306,272316,231757,262455,198637,254757,64248,116585,3161257,1809891,452538,234817,797504,402113,94548,389,238
2021-06-19T23:59:59+02:00,3752,3495,134662,131713,251288,238232,291408,293084,384283,399869,458268,466411,328415,367468,235507,300846,69927,127549,44412,44468,95730,103984,112139,134150,153684,193993,245098,269306,231041,261610,198468,254494,64226,116532,3144950,1794001,449726,233240,797496,401837,94449,389,237
2021-06-18T23:59:59+02:00,2804,2583,131389,128576,247768,235192,287401,289683,381891,397748,456929,465250,328041,367068,235352,300610,69900,127500,43628,43557,94156,102215,109856,131486,150145,189966,238262,262050,229321,259612,197984,253856,64151,116398,3119185,1764772,445298,232721,797471,395157,94175,388,237
2021-06-17T23:59:59+02:00,2570,2360,127685,125297,241760,230759,282190,285300,377111,393766,454609,463421,327452,366350,235110,300255,69834,127387,41395,41737,90112,98751,104976,126747,142295,182302,226892,250689,224127,253689,196337,251705,63892,115979,3084482,1709227,442327,228587,797216,384275,89720,299,227
2021-06-16T23:59:59+02:00,2299,2127,124456,121899,236877,226430,277501,281044,371943,389276,452028,461291,326715,365554,234823,299845,69768,127274,39572,40146,86585,95735,100636,122931,134079,174980,214813,238806,217913,246603,194422,249384,63640,115491,3051048,1649592,436800,222990,796704,376209,87123,297,226
2021-06-15T23:59:59+02:00,1912,1795,119545,117037,230896,221291,272162,276062,366885,384646,449187,458882,325848,364585,234476,299331,69686,127091,37954,38543,83269,92695,96677,118892,127038,168616,202494,226816,211903,239828,192471,246959,63329,114922,3006404,1592454,434877,217162,796136,368550,84414,297,223
2021-06-14T23:59:59+02:00,1650,1521,115496,112884,225675,216385,266805,271090,361607,379907,446075,456292,325067,363731,234164,298942,69624,126971,36973,37655,80996,90614,93981,116381,122933,164878,195911,220336,208798,236326,191337,245490,63112,114535,2964313,1562950,432528,214893,795878,360903,81676,295,222
2021-06-13T23:59:59+02:00,1576,1436,114003,111509,223230,214287,264266,268833,359355,377956,444906,455258,324792,363427,234029,298775,69592,126897,36115,36928,79150,88952,91976,114570,120115,162286,192057,216644,205720,232893,190306,244125,62880,114124,2949338,1549019,430093,207635,795572,352717,79629,295,221
2021-06-12T23:59:59+02:00,1427,1299,111355,108765,221339,212560,262886,267559,357921,376559,444010,454488,324505,363119,233937,298672,69574,126869,35747,36526,78167,87857,90729,113281,118544,160728,188501,213344,204687,231768,188906,242468,62870,114094,2933178,1535904,429115,207626,795552,345338,79503,294,220
2021-06-11T23:59:59+02:00,1280,1162,108817,106255,218448,209942,259224,264375,354792,373836,442297,453018,324071,362669,233802,298467,69547,126814,35078,35414,76169,84490,88500,109757,114446,155591,181815,205908,202595,229403,188304,241700,62808,113997,2908797,1508474,426328,206937,795375,331900,78814,294,218
2021-06-10T23:59:59+02:00,1120,1009,104064,101853,212386,205191,252175,258558,348707,368544,437805,449245,323217,361702,233481,298020,69464,126663,33497,33932,72180,80320,83595,104264,107789,147402,169502,192285,196536,222533,186581,239565,62555,113596,2865227,1461474,419244,205201,794532,304916,74686,292,214
2021-06-09T23:59:59+02:00,972,879,100152,98156,206437,200469,245370,252855,342057,362596,434130,446226,322544,360961,233213,297642,69400,126531,31967,32679,68953,77674,79905,101099,103079,143129,158389,181557,185939,210565,184720,237321,62283,113101,2826300,1407571,410724,201232,794029,293659,70041,264,211
2021-06-08T23:59:59+02:00,789,698,95628,93617,199812,194911,238415,246854,333813,355324,429025,441563,321712,359962,232841,297159,69319,126394,30895,31828,66367,75379,76626,98382,98507,139217,150813,174084,177239,200866,182918,235078,62051,112735,2774378,1368449,404964,196329,793448,282818,65537,264,199
2021-06-07T23:59:59+02:00,631,556,92413,90520,193761,190214,231861,241619,325981,349156,425984,439123,321170,359330,232627,296836,69265,126298,30030,30982,63907,73430,73676,96228,94750,136288,142757,166308,173199,196258,181492,233268,61828,112353,2735424,1341401,398806,193040,792885,271739,60714,262,198
2021-06-06T23:59:59+02:00,593,520,90838,89205,190478,187673,228515,238856,321710,345756,424555,438050,320902,359038,232519,296678,69241,126251,29429,30428,62139,71752,71603,94229,91569,133222,137085,160536,170672,193642,180383,231870,61599,111973,2720036,1329575,391427,183403,792412,261309,57980,260,197
2021-06-05T23:59:59+02:00,513,440,88894,87191,185614,183456,226056,236725,319892,344129,423556,437136,320613,358717,232371,296509,69227,126219,28976,29674,60939,69804,70210,92084,89894,130964,132339,155215,167676,189981,179899,231214,61565,111907,2696577,1305997,391307,182922,792248,255951,57601,259,196
2021-06-04T23:59:59+02:00,413,355,86541,84666,181955,179857,222051,232777,316305,340498,421197,434944,320155,358183,232174,296280,69189,126156,28511,29003,59827,68156,68938,90010,88105,128357,128982,151564,163445,185218,178908,229947,61517,111821,2667341,1287210,387488,182150,792133,245876,57201,259,195
2021-06-03T23:59:59+02:00,320,281,83257,81601,176233,175207,214802,226690,308607,333805,413446,428089,319126,357008,231805,295834,69134,126025,27622,27996,57940,65971,66553,87275,84479,124260,122246,144904,157113,177627,177342,227922,61404,111584,2618469,1258071,377254,176849,791715,233156,54284,257,191
2021-06-02T23:59:59+02:00,271,222,81181,79437,172162,171492,211163,223540,305034,330460,411404,426259,318720,356556,231652,295628,69106,125974,27158,27520,56815,64860,64967,86007,82428,122325,117279,140024,149240,168669,176624,226968,61319,111415,2589741,1225906,375870,174880,791686,229542,53407,255,187
2021-06-01T23:59:59+02:00,172,154,76922,75614,163891,164938,201813,215812,295939,322586,403207,418432,317212,354948,231115,294892,68994,125746,25605,26106,52511,61915,60139,82722,77021,117831,109867,132827,138158,155281,174525,224239,61110,110989,2531092,1175859,364242,170771,790928,217773,46550,253,182
2021-05-31T23:59:59+02:00,150,137,74179,73140,158241,160627,194508,209855,288555,316217,397472,413471,316220,353839,230730,294373,68904,125575,24694,25052,49892,59705,56979,80196,73425,114563,105381,128388,134017,150385,173160,222521,60940,110657,2490700,1153476,354863,168445,790300,207387,40747,252,180
2021-05-30T23:59:59+02:00,139,129,73131,72077,155767,158600,191886,207504,285782,313706,395588,411733,315859,353428,230569,294138,68867,125495,24094,24271,48314,57989,55248,78347,71207,112014,102727,125529,131866,147862,172369,221587,60847,110446,2474888,1143741,352347,167139,789679,196038,37898,252,176
2021-05-29T23:59:59+02:00,136,127,72522,71486,154258,157200,189587,205473,283941,312121,394751,410959,315637,353183,230489,294060,68856,125477,23772,23747,47398,56495,53910,76476,69286,109171,100415,122734,129065,144444,171717,220680,60820,110394,2460997,1130161,352189,167074,789611,185508,37878,252,175
2021-05-28T23:59:59+02:00,132,124,71438,70368,151870,154945,185935,201943,280674,308987,392889,409194,315229,352682,230342,293845,68837,125420,23242,22745,45790,54369,52087,73919,67248,105224,96095,116846,124699,139401,170742,219374,60774,110280,2437211,1107584,351143,166861,789405,170985,37501,251,172
2021-05-27T23:59:59+02:00,121,114,68129,67357,145390,150012,177755,195699,274293,303833,386577,403514,313967,351238,229883,293314,68766,125238,21925,21063,42540,51322,48211,70108,62705,99217,89750,109341,120779,134784,167949,215674,60602,109967,2392677,1079193,343533,164121,787602,150933,31780,251,168
2021-05-26T23:59:59+02:00,117,111,65977,65181,140439,145931,171662,190637,267547,298168,379843,396827,312452,349635,229397,292619,68664,125027,21185,20152,40721,49189,45859,67377,59675,95425,85161,104234,115805,129071,164162,210345,60394,109541,2355429,1047311,330346,162549,785795,139474,29050,248,167
2021-05-25T23:59:59+02:00,116,105,63950,63195,136242,142445,166613,186354,260483,291894,374426,391446,311176,348233,228993,291975,68580,124850,20608,19488,39322,47673,44029,65366,57206,92431,81092,99864,110879,123390,158636,203115,60224,109240,2317941,1015848,322844,159129,783260,130258,27416,244,164
2021-05-24T23:59:59+02:00,113,103,62709,61983,133490,140343,163333,183942,253537,285910,369494,386775,310349,347313,228708,291590,68508,124721,20266,19086,38306,46603,42685,63884,55534,90421,78858,97361,109461,121740,158031,202326,60112,109038,2294207,1006523,311750,157832,781475,123579,25868,244,161
2021-05-23T23:59:59+02:00,108,103,62212,61467,132390,139452,162139,182908,252296,284890,367909,385347,309733,346656,228537,291364,68487,124685,20037,18899,37756,46048,41933,63184,54376,89427,77374,95995,108290,120347,157053,201110,60043,108899,2282720,998378,311169,154750,781428,121991,25743,244,160
2021-05-22T23:59:59+02:00,105,101,61520,60848,130905,138383,159770,181289,249329,282600,365432,383126,309204,346064,228360,291098,68461,124635,19719,18478,37144,45449,41294,62655,53722,88704,76604,94853,106741,118547,156281,200141,60016,108845,2264779,991683,311154,154746,781388,118570,24281,244,160
2021-05-21T23:59:59+02:00,101,97,60190,59409,128005,135791,156490,177971,244102,277837,359344,377444,308271,344975,228063,290702,68401,124527,19359,18113,36532,44680,40643,61606,52773,87311,74888,92552,103504,114599,155145,198691,59924,108670,2228754,978676,309517,154421,779821,111983,23998,240,158
2021-05-20T23:59:59+02:00,94,95,57141,56616,122275,130923,149567,171660,233799,269105,350325,369168,305740,342236,227297,289696,68269,124309,18063,17179,34360,42434,38192,58706,49960,83544,70961,88059,99389,109974,152688,195679,59744,108315,2170844,959419,302864,152480,773864,94329,21102,232,158
2021-05-19T23:59:59+02:00,93,93,54928,54424,117272,126249,142402,165053,223270,259756,339784,358285,303099,339372,226552,288656,68119,124033,17483,16396,33137,40849,36788,56644,47949,80768,67726,84487,95511,105502,149068,190962,59482,107824,2105005,936051,296614,150508,770887,84834,19274,232,145
2021-05-18T23:59:59+02:00,88,88,52835,52466,112490,121991,136030,159485,211713,249392,329918,348498,300433,336407,225676,287461,67967,123779,16967,15793,31934,39392,35438,54856,46146,78361,64843,81264,91517,100976,145877,186908,59269,107389,2045206,915865,287258,147651,767293,76207,17294,228,145
2021-05-17T23:59:59+02:00,85,85,51801,51473,110160,119939,133222,156832,205191,243380,322354,341419,298647,334440,225093,286638,67860,123567,16511,15345,30886,38347,34271,53568,44665,76566,62587,78872,86693,95124,144414,185024,59119,107074,2018436,904196,274970,140190,763876,69529,15235,227,143
2021-05-16T23:59:59+02:00,84,82,51014,50817,108718,118617,131484,155174,202223,240703,314923,334473,297628,333311,224786,286155,67808,123470,16227,14974,30139,37568,33400,52648,43602,75254,61256,77404,83280,91056,143626,183949,59032,106934,2003125,898132,264553,133427,760639,65391,13483,225,139
2021-05-15T23:59:59+02:00,84,82,50478,50186,107720,117631,130472,154067,200290,238772,311358,331266,297007,332624,224590,285884,67788,123406,16087,14811,29885,37262,33113,52217,43115,74609,60409,76423,82684,90240,143112,183283,58996,106887,1986952,892901,264535,133280,759773,64264,12773,223,138
2021-05-14T23:59:59+02:00,83,82,49219,48766,105474,115540,126885,150616,192087,231712,305049,325388,296027,331487,224305,285437,67741,123311,15589,14383,29104,36444,32346,51029,42036,72829,58848,74475,80785,87757,142500,182297,58956,106801,1949730,883271,262838,132414,755228,58847,11730,220,137
2021-05-13T23:59:59+02:00,79,81,47303,46821,101636,112315,122181,146515,182081,223137,294455,315580,293059,328068,223498,284299,67641,123104,14727,13938,28248,35748,31586,50129,41095,71739,57345,72912,77015,83418,139742,178696,58846,106585,1898203,870753,254236,125383,749003,54999,10714,217,134
2021-05-12T23:59:59+02:00,77,79,46393,46116,99719,110891,120124,144859,179537,221031,289724,310260,291896,326806,223256,283980,67603,123019,14562,13788,27928,35531,31186,49839,40653,71363,56807,72346,75680,81797,138967,177564,58760,106425,1875170,865036,252076,123595,748513,54729,9915,213,133
2021-05-11T23:59:59+02:00,73,73,44149,44644,95699,107816,114325,140135,166177,209770,278086,299505,288497,322894,222299,282578,67454,122720,14134,13222,26919,34106,30059,48040,39350,69087,55096,70082,72598,78216,137616,175736,58602,106067,1816358,852792,242383,120908,740010,46867,8440,209,131
2021-05-10T23:59:59+02:00,72,69,42897,43674,93101,105816,111074,137511,157798,202761,270222,292407,286324,320449,221724,281717,67329,122480,13790,12778,26161,33123,29266,46785,38354,67231,53871,68353,70515,75662,136474,174226,58483,105779,1780864,843940,236341,119856,733047,39668,7468,205,125
2021-05-09T23:59:59+02:00,71,69,41777,42904,90422,104068,108420,135743,152795,199345,264709,287480,285089,319068,221349,281188,67263,122334,13475,12560,25470,32456,28538,45983,37564,66273,52932,67405,69285,74260,135880,173393,58428,105648,1761588,839365,229253,118881,727067,34905,6478,201,123
2021-05-08T23:59:59+02:00,70,69,41486,42606,89580,103339,107331,134893,151350,198132,262149,285421,284588,318525,221230,281009,67247,122302,13373,12499,25343,32364,28394,45854,37375,66080,52592,67087,68323,73339,134813,172030,58381,105555,1749588,834770,228742,118137,726844,34127,6465,176,104
2021-05-07T23:59:59+02:00,68,68,40564,41891,87653,102001,104514,132685,146732,194328,255903,279918,283249,316927,220880,280551,67194,122179,12627,12015,24521,31630,27632,44793,36514,64817,51408,65578,66079,70654,132594,169218,58292,105377,1723839,825127,225535,115875,722725,27332,5512,175,102
2021-05-06T23:59:59+02:00,64,67,37922,40171,82909,98550,98525,127939,136555,185829,239463,265517,278128,311138,219593,278864,67019,121863,11941,11499,23584,30527,26637,43442,35159,62817,49671,63608,63593,67533,130486,166459,58178,105159,1658335,814050,215629,112770,711847,18970,4600,166,101
2021-05-05T23:59:59+02:00,62,64,36034,38977,79259,95967,93930,124295,128737,179302,224720,251484,271945,304000,218021,276875,66773,121340,11708,11224,23046,29803,26035,42518,34236,61419,48521,62196,60988,64429,127548,162764,58080,104909,1592167,801795,210558,109209,705820,14989,3528,166,100
2021-05-04T23:59:59+02:00,62,62,34931,37873,76542,93651,90429,121255,123179,174573,214111,241215,266459,297556,216581,275032,66564,120872,11546,11020,22642,29263,25578,41746,33520,60335,47413,60923,58271,61256,125188,159834,57930,104673,1543162,789941,205442,106575,699752,11844,2876,164,98
2021-05-03T23:59:59+02:00,61,60,34064,36821,74258,91837,87555,118909,118739,170932,207460,235216,263182,293695,215783,273951,66443,120577,11302,10749,22249,28687,25098,41047,32835,59369,46391,59785,55492,57921,121418,154944,57673,104236,1511436,774124,202333,104865,694831,9083,1221,162,97
2021-05-02T23:59:59+02:00,61,60,33713,36503,73086,90935,86090,117816,116316,169067,204365,232704,262223,292607,215499,273544,66378,120469,11231,10678,22061,28476,24870,40761,32495,58963,45940,59310,54303,56462,118357,151268,57589,104106,1500853,769115,199542,99318,690961,8183,354,161,94
2021-05-01T23:59:59+02:00,60,60,33397,36130,72326,90142,85021,116777,114853,167709,201288,229675,261534,291786,215291,273263,66367,120431,11217,10663,22008,28446,24811,40723,32434,58905,45857,59235,54061,56170,118198,151072,57580,104089,1485796,767807,199540,99278,690695,8134,350,160,94
2021-04-30T23:59:59+02:00,57,58,32857,35531,71120,88919,83562,115049,111077,164149,193896,222563,259543,289419,214842,272656,66307,120325,10897,10468,21647,28167,24535,40300,32109,58342,45394,58603,53166,55007,117246,149886,57525,103969,1452935,764131,199214,97288,689897,5792,153,157,91
2021-04-29T23:59:59+02:00,55,56,31357,34584,68206,86897,79935,112451,105976,160048,181096,211024,251617,280327,213645,271024,66171,119976,10595,10256,21172,27719,24106,39802,31525,57601,44586,57668,51334,52817,115401,147652,57425,103774,1398115,755310,191936,94611,684532,3483,132,150,89
2021-04-28T23:59:59+02:00,54,54,30123,33973,66342,85588,77458,110631,102550,157199,171419,201860,240767,267732,212365,269339,65974,119648,10411,10097,20875,27368,23743,39333,31103,56948,43860,56846,49214,50202,112821,144422,57302,103562,1345508,745780,188577,90068,679162,2259,102,143,87
2021-04-27T23:59:59+02:00,51,53,29367,33290,64770,84124,75455,108825,99798,154804,166703,197142,232267,257932,211218,267726,65854,119426,10286,9986,20594,27079,23507,39004,30744,56453,43178,56155,47212,47664,110182,140993,57185,103362,1311513,735988,186277,86061,671181,1541,101,142,82
2021-04-26T23:59:59+02:00,50,53,28938,32906,63672,83241,73957,107661,97515,153095,158095,189133,228083,253092,210514,266735,65762,119228,10191,9897,20380,26893,23271,38787,30448,56115,42564,55581,45408,45520,108289,138517,57090,103209,1282611,728039,184833,82970,664453,1162,97,139,80
2021-04-25T23:59:59+02:00,50,52,28687,32670,62898,82720,72897,106929,95787,151872,152714,184266,223754,248215,209925,265955,65696,119105,10136,9863,20302,26818,23185,38706,30338,55989,42405,55422,44994,45023,107609,137610,57062,103139,1269882,726385,178697,81200,655778,1031,94,139,79
2021-04-24T23:59:59+02:00,50,51,28345,32244,61961,81499,71712,105486,94243,150218,147817,179125,220970,244886,209455,265281,65662,119055,10121,9845,20261,26776,23135,38641,30257,55903,42256,55286,44752,44715,107360,137316,57041,103111,1245056,725303,178668,80502,654498,988,93,139,77
2021-04-23T23:59:59+02:00,48,51,27599,31619,60393,79993,69925,103468,91655,147583,143047,174738,216423,239344,208799,264292,65599,118940,10069,9783,20153,26689,23004,38491,30023,55697,41893,54956,44134,43958,106300,136032,56885,102836,1220221,721958,177488,78029,645966,936,92,136,75
2021-04-22T23:59:59+02:00,46,50,26985,31020,58857,78559,67461,101254,87536,144099,135019,167254,207395,228351,206760,261660,65401,118543,9944,9687,19904,26394,22650,38058,29509,55183,41140,54321,42967,42631,104311,133589,56657,102438,1178727,714499,170050,74093,637632,812,92,131,73
2021-04-21T23:59:59+02:00,46,48,26492,30498,57533,77457,65581,99627,84505,141463,127837,160446,194334,213024,204612,258773,65176,118118,9813,9601,19673,26147,22365,37733,29157,54733,40587,53791,42122,41615,102128,130810,56404,102027,1127296,707969,167171,70019,631264,740,92,124,72
2021-04-20T23:59:59+02:00,45,47,26067,30030,56375,76315,63908,98049,81962,138890,122762,155387,182868,199574,202188,255642,64940,117695,9710,9510,19455,25958,22074,37464,28748,54322,40047,53255,41306,40685,99911,127825,56068,101491,1084723,700428,163687,66769,624495,660,90,122,68
2021-04-19T23:59:59+02:00,45,46,25700,29676,55407,75496,62625,96875,79840,136964,119244,152009,177123,192737,200481,253407,64757,117362,9602,9417,19225,25738,21830,37192,28432,53931,39537,52726,40511,39777,96817,123863,55663,100780,1060206,690095,161859,64351,617893,624,89,117,68
2021-04-18T23:59:59+02:00,44,44,25396,29416,54640,74951,61505,95931,77991,135544,115884,149618,172018,187185,199471,252184,64647,117171,9529,9342,19036,25565,21654,37026,28216,53654,39278,52476,40183,39390,95602,122319,55482,100484,1046258,686236,160194,62420,607345,609,89,116,67
2021-04-17T23:59:59+02:00,43,43,25287,29324,54269,74756,60989,95580,77337,134947,115038,148877,167769,182307,198937,251460,64612,117106,9484,9283,18898,25377,21466,36796,27989,53379,39014,52209,39884,39068,94841,121391,55418,100400,1035385,682224,160166,62106,603286,596,89,116,67
2021-04-16T23:59:59+02:00,43,43,24914,29076,53281,74150,59706,94701,75715,133616,110893,144738,160141,173536,197281,249253,64503,116897,9276,9108,18505,24951,20887,36222,26884,52477,36994,50611,36585,36149,91658,117876,55015,99745,1009497,667199,159375,55212,593769,561,89,115,65
2021-04-15T23:59:59+02:00,39,39,24440,28624,52031,72982,57748,92972,72449,130774,105425,139462,152280,164567,192629,243381,64206,116279,9102,8946,18137,24530,20394,35565,26206,51683,35602,49382,34478,34120,88551,114151,54508,98887,977306,654131,157322,49631,575850,511,88,114,63
2021-04-14T23:59:59+02:00,37,35,24100,28299,51095,72046,56410,91586,70062,128617,101437,135695,143088,154188,184893,233504,63864,115611,8697,8675,17663,24024,19858,34922,25293,50806,34315,48259,32437,31969,85575,110507,54018,98027,939458,639259,154654,45407,560607,412,87,110,62
2021-04-13T23:59:59+02:00,37,35,23862,28082,50401,71509,55467,90763,68428,127207,97712,132264,131263,141072,178504,225174,63524,115023,8463,8504,17319,23619,19438,34388,24629,50013,33250,47246,31056,30610,83428,108130,53661,97483,906227,629964,150141,41017,544112,290,87,108,60
2021-04-12T23:59:59+02:00,36,34,23653,27896,49848,71001,54603,90031,66963,125919,95083,129941,124159,133042,175279,221226,63254,114532,8226,8319,16958,23324,19068,33953,24158,49477,32581,46620,29531,29073,81770,106194,53335,96962,889833,621548,148603,37762,528217,274,85,106,58
2021-04-11T23:59:59+02:00,35,34,23479,27737,49324,70581,53874,89578,65822,125116,93229,128464,118681,127032,171359,216623,63085,114234,8093,8185,16662,23045,18750,33645,23802,49097,32134,46236,28896,28409,80750,104949,53127,96644,882370,616265,144195,35937,511876,259,82,105,57
2021-04-10T23:59:59+02:00,35,34,23418,27680,49157,70446,53675,89420,65496,124846,92705,128029,116600,124506,169919,214773,63043,114134,7506,7582,15772,22260,17793,32806,22682,48065,31024,45241,28236,27697,78657,102343,52861,96208,875384,600958,143341,35558,509349,254,77,105,57
2021-04-09T23:59:59+02:00,34,34,23171,27430,48658,69955,53036,88738,64500,123724,90880,126124,107779,113572,166541,210368,62845,113778,6548,6683,14245,20938,16073,31248,20543,46101,28822,43236,26462,25874,75158,98171,52316,95369,855986,573536,136291,34046,499053,242,70,100,55
2021-04-08T23:59:59+02:00,34,34,22876,27185,48079,69464,52281,88039,63194,122641,88465,123958,97474,101595,161007,203527,62519,113214,5906,6096,13059,19922,14815,29909,18903,44384,26323,40902,23446,22909,70515,92408,51176,93619,837346,542017,127397,32107,481017,210,60,98,55
2021-04-07T23:59:59+02:00,32,33,22566,26960,47278,69008,51357,87429,61805,121663,85327,121521,88295,91306,154007,194743,62225,112654,5526,5775,12401,19249,14002,29082,17860,43332,24415,39006,20912,20385,66560,87645,50183,92004,816972,518573,121804,29626,459608,179,56,97,54
2021-04-06T23:59:59+02:00,31,33,22356,26799,46751,68628,50768,86905,60772,120887,83221,119780,80538,82508,147648,186785,61882,112027,5333,5616,12050,18892,13650,28651,17326,42772,23552,38198,19785,19355,63404,83557,49262,90623,797719,505219,118591,26687,442188,168,51,94,52
2021-04-05T23:59:59+02:00,31,32,22257,26675,46440,68283,50384,86508,60227,120197,82041,118628,76061,77418,142650,180687,61681,111712,5195,5477,11789,18640,13356,28339,17004,42400,23107,37738,19321,18886,60525,80007,48563,89558,788296,495897,116838,23894,426958,163,48,92,52
2021-04-04T23:59:59+02:00,31,32,22209,26615,46319,68015,50215,86194,59948,119696,81534,117997,74619,75713,141949,179713,61644,111630,5191,5471,11771,18627,13345,28323,16985,42383,23009,37666,18914,18563,59088,78161,48357,89247,785763,491107,116734,23892,421763,156,44,89,50
2021-04-03T23:59:59+02:00,31,32,22147,26534,46196,67907,50053,86019,59632,119384,80966,117419,73274,74079,140834,178177,61561,111481,5182,5462,11758,18609,13322,28303,16951,42336,22904,37592,18778,18413,58738,77600,48268,89101,779405,489324,116692,23892,419816,156,43,88,50
2021-04-02T23:59:59+02:00,31,32,22070,26451,46036,67741,49836,85771,59163,118935,80088,116607,71720,72199,138556,175198,61364,111122,5163,5425,11711,18566,13268,28221,16862,42188,22630,37115,18420,18050,56398,74720,47456,88000,770302,480846,114917,23249,417890,156,40,87,48
2021-04-01T23:59:59+02:00,28,30,21875,26247,45618,67221,49192,85029,58288,117996,78205,114936,68460,68771,134478,170028,61048,110555,5016,5281,11440,18303,13045,27986,16539,41880,22129,36674,17605,17307,51560,68693,45777,85544,758666,462820,108831,21879,410700,142,35,85,47
2021-03-31T23:59:59+02:00,28,30,21549,26029,45216,66698,48699,84381,57561,117059,77048,113694,66421,66454,129720,163919,60646,109832,4938,5230,11343,18185,12885,27836,16299,41610,21535,36163,16475,16404,46357,62289,44401,83572,748924,444520,101677,20933,404581,139,30,83,43
2021-03-30T23:59:59+02:00,28,29,21371,25807,44818,66079,48194,83584,56853,116008,75913,112318,64582,64435,125343,158169,60179,108932,4871,5145,11238,18060,12693,27647,15972,41287,20960,35614,15643,15602,43603,58882,43286,81778,738748,432671,97458,19571,396641,111,26,78,42
2021-03-29T23:59:59+02:00,27,29,21174,25568,44358,65529,47718,82895,56117,114934,74687,110886,62096,61691,118608,149530,59409,107539,4774,5075,11133,17948,12540,27481,15725,40965,20503,35145,14991,15062,41017,55902,42181,79958,718225,421483,94037,18893,390736,96,26,78,41
2021-03-28T23:59:59+02:00,27,29,20969,25279,43859,64845,47203,82154,55438,113927,73746,109780,60837,60256,113902,143555,58965,106782,4719,5017,10987,17802,12285,27183,15534,40719,20336,34913,14752,14818,39937,54483,41833,79420,711692,417170,86724,17567,383340,76,26,77,38
2021-03-27T23:59:59+01:00,27,29,20849,25122,43567,64479,46841,81625,54938,113238,73076,109042,59682,59173,112418,141848,58898,106702,4706,5005,10960,17783,12267,27153,15173,40291,19937,34477,14459,14606,39451,53795,41359,78603,706422,413117,86024,16913,379309,70,26,77,38
2021-03-26T23:59:59+01:00,27,28,20597,24610,42763,62777,45874,79600,53601,110219,71063,105429,57669,57293,109668,138613,58572,106186,4688,4972,10936,17731,12197,27061,15095,40181,19597,33882,13991,13954,36384,49960,39302,75361,695039,398616,82709,16694,367041,57,23,76,38
2021-03-25T23:59:59+01:00,27,26,20165,23938,41890,61013,44778,77050,52088,106696,68675,101664,55076,54658,106359,134644,58001,105196,4642,4918,10845,17628,12075,26916,14912,39961,19321,33575,13516,13464,32535,44917,36307,70829,683620,380287,78515,16096,350010,51,21,74,38
2021-03-24T23:59:59+01:00,27,26,19764,23491,41110,59744,43763,75514,50710,104774,66580,99334,52293,51746,102109,129545,57364,104119,4588,4852,10752,17488,11907,26714,14681,39679,18953,33157,13059,13010,29966,41705,33194,65995,670827,364738,73642,14995,337749,45,16,73,38
2021-03-23T23:59:59+01:00,27,26,19517,23191,40550,58833,43041,74424,49678,103264,64926,97477,50006,49403,99353,126333,56804,103279,4529,4782,10653,17364,11762,26531,14435,39367,18535,32771,12556,12503,27535,38613,29530,60105,662715,347199,70302,14406,327321,43,15,71,38
2021-03-22T23:59:59+01:00,27,26,19296,22780,39912,57953,42376,73385,48734,101881,63453,95845,48174,47520,96954,123585,56332,102507,4471,4735,10567,17249,11631,26354,14277,39127,18295,32470,12246,12130,25701,36264,25581,53732,656424,331010,67495,13854,317027,40,15,69,37
2021-03-21T23:59:59+01:00,27,26,19159,22521,39421,57200,41827,72540,48081,100726,62510,94615,47127,46496,95308,121734,55963,101928,4457,4727,10531,17201,11586,26268,14217,39037,18213,32371,12127,11999,25273,35816,25227,53174,653853,328818,65468,13440,308090,40,14,68,37
2021-03-20T23:59:59+01:00,26,26,19099,22376,39210,56705,41588,71980,47770,100089,62071,94015,46474,45730,92710,118503,55677,101442,4448,4719,10522,17189,11558,26251,14174,39000,18131,32297,11968,11838,24634,35042,24465,52089,647393,325108,65019,13251,303279,40,14,68,37
2021-03-19T23:59:59+01:00,25,25,18745,21811,38077,54583,40308,69988,46037,98004,59191,91257,42033,41861,87494,112741,54975,100362,4427,4706,10489,17139,11493,26139,14083,38831,17896,31998,11616,11556,22967,32984,22785,49529,629646,315788,57810,12889,290259,34,14,65,37
2021-03-18T23:59:59+01:00,25,24,18350,21164,36901,52428,38767,67198,43883,93537,55345,85461,38004,38063,82764,107261,53888,98702,4407,4678,10422,17036,11415,25985,13934,38642,17679,31795,11382,11373,21720,31471,21073,46931,612715,307707,52069,12278,267173,31,14,65,36
2021-03-17T23:59:59+01:00,25,23,17928,20814,36176,51510,38003,66244,42801,92185,53557,83632,35331,35278,78741,102439,52944,97229,4384,4652,10360,16941,11343,25851,13821,38452,17481,31603,11145,11149,20479,30060,19483,44531,596062,300208,47668,11569,261318,28,14,63,36
2021-03-16T23:59:59+01:00,24,23,17571,20395,35429,50441,37190,65049,41704,90512,51719,81644,33129,33259,74713,97498,52064,95915,4334,4603,10287,16813,11252,25701,13722,38215,17348,31360,10975,10972,19197,28543,18002,42208,582810,292439,42981,11135,252673,28,11,62,36
2021-03-15T23:59:59+01:00,24,23,17293,20031,34722,49463,36398,63858,40800,89032,50459,80043,31407,31419,71431,93405,51366,94783,4312,4568,10220,16690,11186,25500,13607,37928,17199,31088,10808,10814,18464,27579,16745,40347,571684,286622,39656,10486,244809,27,0,60,36
2021-03-14T23:59:59+01:00,24,22,17025,19604,33869,48255,35499,62539,39743,87206,49205,78315,30243,30187,69435,90842,50921,94107,4288,4549,10175,16613,11129,25358,13547,37706,17109,30924,10736,10729,18282,27298,16483,39786,564574,285423,37779,9352,234879,17,0,56,36
2021-03-13T23:59:59+01:00,24,22,16215,18544,32372,46223,33927,60407,37705,84137,47076,75768,28893,28836,67421,88220,50652,93716,4288,4549,10173,16607,11126,25351,13538,37700,17102,30915,10699,10697,17535,26412,15437,38334,548223,281174,37494,9351,224616,16,0,56,36
2021-03-12T23:59:59+01:00,23,22,15114,17167,29930,43574,31262,57267,34841,79280,43866,71308,26059,25645,63117,82918,49671,92311,4275,4516,10154,16545,11108,25300,13492,37582,17011,30784,10422,10470,16653,25166,14366,36811,520208,275377,36183,9340,207151,13,0,54,35
2021-03-11T23:59:59+01:00,22,22,14074,15707,27682,40880,28942,54077,32254,74890,40112,66413,22662,22169,57103,75601,47737,89471,4234,4476,10073,16426,10997,25075,13374,37272,16845,30480,10119,10258,16018,24325,13698,35536,488161,271373,34593,7899,187214,10,0,53,34
2021-03-10T23:59:59+01:00,22,22,13479,15009,26273,39264,27292,52256,30691,72572,37595,63286,19913,19616,51186,68461,46185,87132,4199,4432,9974,16259,10879,24826,13226,36852,16644,30108,9881,10075,15274,23552,13039,34511,461740,266641,32546,7155,176116,8,0,51,34
2021-03-09T23:59:59+01:00,21,21,13196,14541,25152,38225,25876,51071,29629,70918,36216,61454,18731,18492,47675,64020,45060,85344,4175,4406,9889,16092,10776,24567,13073,36535,16469,29872,9757,9973,14612,22715,12543,33737,448138,262934,30020,6323,167619,8,0,51,32
2021-03-08T23:59:59+01:00,20,21,12865,13938,24068,37116,24608,49933,28693,69434,34985,59836,17651,17613,43555,59032,43832,83360,4160,4369,9828,15894,10674,24307,12940,36178,16341,29607,9674,9889,14117,22109,12229,33298,432679,259753,28015,5932,159999,3,0,50,31
2021-03-07T23:59:59+01:00,20,21,12632,13645,23474,36266,23911,49058,28092,68563,34376,59077,17389,17363,42487,57581,43465,82796,4148,4356,9807,15852,10647,24234,12908,36008,16284,29493,9652,9860,13919,21856,12093,33096,427918,258695,26200,5592,156228,0,0,49,30
2021-03-06T23:59:59+01:00,20,20,12519,13353,23072,35532,23380,48271,27044,67036,33277,57314,17003,17034,41842,56692,43164,82328,4145,4342,9796,15826,10629,24200,12898,35966,16266,29462,9635,9819,13872,21818,11990,32886,423857,258317,26136,5308,149036,0,0,49,29
2021-03-05T23:59:59+01:00,20,20,12107,12752,22390,34329,22697,47041,26288,65405,32044,54895,16356,16199,38382,52385,41007,78885,4118,4295,9726,15726,10578,24052,12830,35771,16180,29255,9539,9750,13686,21603,11619,32275,408664,256619,24685,4459,139974,0,0,49,28
2021-03-04T23:59:59+01:00,18,20,11348,11747,21202,32601,21478,44995,24932,62753,30349,52537,15626,15482,34376,47219,37926,74197,4068,4206,9613,15435,10474,23695,12697,35238,16035,28856,9363,9597,13528,21392,11535,32130,390220,253570,22609,4367,126095,0,0,49,26
2021-03-03T23:59:59+01:00,16,20,11041,11257,20513,31381,20704,43634,24025,61003,29304,50896,15150,14980,31764,43896,34840,69429,4028,4143,9533,15266,10395,23443,12591,34817,15858,28510,9180,9471,13403,21178,11389,31860,374779,250939,21816,4203,117376,0,0,45,24
2021-03-02T23:59:59+01:00,16,20,10779,10832,19867,30413,19991,42613,23239,59615,28333,49623,14523,14333,29088,40524,30954,63210,3980,4072,9471,15101,10327,23178,12488,34385,15757,28203,9055,9369,13265,20990,11312,31715,356591,248541,20305,4202,111189,0,0,44,24
2021-03-01T23:59:59+01:00,14,19,10607,10573,19355,29609,19428,41732,22650,58545,27619,48501,14108,13878,27018,37934,26699,56325,3965,4022,9417,14946,10264,22879,12407,34008,15651,27880,8973,9309,13082,20721,11196,31532,339378,246124,19191,4202,106154,0,0,44,24
2021-02-28T23:59:59+01:00,13,19,10441,10374,18888,28961,18895,40995,22172,57693,27134,47707,13901,13637,26409,37274,26293,55723,3949,4008,9393,14914,10245,22828,12390,33938,15624,27834,8946,9285,12950,20543,11133,31382,336926,245270,18332,4166,101378,0,0,44,24
2021-02-27T23:59:59+01:00,13,18,10262,9859,18559,28094,18637,40208,21887,56709,26806,46914,13625,13336,25742,36470,25371,54304,3937,3996,9372,14894,10213,22780,12351,33856,15579,27761,8924,9269,12931,20521,11112,31362,333018,244915,17610,4017,96291,0,0,44,24
2021-02-26T23:59:59+01:00,12,17,9466,9074,17656,26652,17854,38001,20958,53857,25346,44090,13158,12935,24153,34482,23847,51998,3856,3928,9294,14733,10139,22524,12270,33491,15462,27466,8844,9188,12864,20453,11071,31293,323902,243008,17356,3943,82398,0,0,44,22
2021-02-25T23:59:59+01:00,12,17,8307,8222,16334,25048,16585,35738,19721,50969,23636,41307,12684,12534,22872,32890,22351,49713,3734,3785,9132,14420,9919,21920,12016,32639,15135,26811,8648,9037,12604,20127,10930,31024,316278,238869,16585,3088,66175,0,0,42,21
2021-02-24T23:59:59+01:00,11,16,7942,7698,15679,24012,15956,34500,19007,49453,22844,40108,12289,12198,21565,31390,20670,47086,3662,3718,8992,14129,9742,21466,11813,32013,14873,26275,8507,8900,12462,19954,10865,30813,308027,236098,15620,2159,58872,0,0,42,21
2021-02-23T23:59:59+01:00,11,16,7458,7221,14862,22834,15271,33281,18287,48043,22126,39039,11982,11874,20226,29815,19056,44529,3622,3643,8872,13927,9604,21069,11624,31437,14573,25773,8336,8758,12334,19743,10795,30581,299911,233269,14820,1495,51291,0,0,42,20
2021-02-22T23:59:59+01:00,10,14,7351,7015,14476,22216,14921,32553,17824,47037,21632,38306,11784,11625,19477,28808,17742,42575,3592,3541,8735,13635,9440,20567,11369,30696,14200,25176,8088,8564,12134,19490,10690,30278,294049,229958,14210,309,47198,0,0,40,20
2021-02-21T23:59:59+01:00,10,14,7261,6890,14155,21773,14502,31970,17409,46385,21194,37812,11678,11524,19314,28595,17495,42241,3553,3501,8653,13512,9364,20351,11298,30404,14079,24907,8026,8502,12078,19383,10619,30115,292907,228120,13838,295,43564,0,0,40,20
2021-02-20T23:59:59+01:00,10,14,7144,6840,14030,21693,14386,31835,17290,46235,21036,37631,11579,11440,18532,27677,16437,40771,3551,3495,8643,13504,9354,20330,11284,30379,14066,24896,8021,8493,12013,19319,10565,30047,288650,227737,13641,294,42373,0,0,40,19
2021-02-19T23:59:59+01:00,8,13,6842,6588,13676,21254,14015,31166,16816,45437,20329,36762,10977,11039,17488,26346,15279,39161,3471,3472,8567,13477,9312,20273,11246,30288,14007,24802,7978,8433,11791,19047,10372,29716,282265,226031,13266,293,37748,0,0,37,18
2021-02-18T23:59:59+01:00,8,13,6445,6113,13049,20110,13375,29792,16000,43565,19456,35182,10746,10820,16896,25591,14702,38278,3285,3335,8233,12937,9018,19523,10896,29249,13640,23974,7773,8124,11204,18094,9875,28566,278686,217506,12684,293,28852,0,0,37,17
2021-02-17T23:59:59+01:00,8,12,6279,5770,12603,19229,12886,28601,15300,41843,18809,33855,10517,10569,16139,24777,13925,37088,3036,3175,7893,12422,8717,18733,10526,28205,13248,23124,7540,7889,10647,17241,9437,27748,274017,209359,11952,291,22317,0,0,37,17
2021-02-16T23:59:59+01:00,8,12,5953,5469,12067,18393,12382,27526,14755,40464,18216,32821,10363,10465,15470,23946,13416,36299,2853,3055,7591,11971,8411,18009,10130,27115,12783,22226,7269,7594,9929,16068,8710,26198,270481,199845,11456,135,16164,0,0,35,17
2021-02-15T23:59:59+01:00,8,12,5847,5288,11772,17750,12115,26743,14407,39470,17868,32051,10237,10355,14909,23290,13055,35760,2763,2974,7400,11649,8192,17502,9828,26270,12433,21542,6988,7308,9228,15010,8195,24916,267377,192178,10853,89,12783,0,0,35,16
2021-02-14T23:59:59+01:00,8,12,5578,5173,11523,17479,11892,26307,14173,39024,17677,31774,10192,10304,14675,22951,12890,35367,2713,2936,7286,11484,8063,17296,9652,25938,12255,21240,6892,7184,9007,14626,8007,24381,266375,188941,9917,87,10784,0,0,33,16
2021-02-13T23:59:59+01:00,8,12,5518,5135,11473,17443,11861,26276,14145,38992,17657,31755,10179,10277,14648,22919,12878,35350,2709,2933,7281,11477,8051,17275,9636,25902,12228,21197,6862,7150,8853,14413,7655,23755,266133,187436,9916,9,10555,0,0,32,15
2021-02-12T23:59:59+01:00,8,11,5002,4817,10902,17079,11543,25724,13826,38348,17328,31111,10068,10170,14464,22705,12798,35241,2659,2900,7187,11320,7950,17044,9486,25510,12011,20752,6680,6917,8491,13852,7063,22415,264436,182298,9905,7,6880,0,0,32,15
2021-02-11T23:59:59+01:00,8,10,4540,4516,10316,16398,11130,24919,13346,37085,16838,30251,9753,9909,14182,22256,12518,34555,2491,2626,6587,10128,7263,15307,8626,22895,10961,18673,6029,6204,7447,12235,6248,20095,261205,163875,8262,4,3139,0,0,30,14
2021-02-10T23:59:59+01:00,8,10,4293,4349,9981,15946,10820,24378,13034,36201,16422,29501,9539,9771,14001,22052,12426,34348,2130,2334,5650,8667,6456,13264,7635,19984,9834,16637,5483,5618,6461,10572,5472,18036,258556,144297,7763,3,837,0,0,28,2
2021-02-09T23:59:59+01:00,8,9,4230,4250,9858,15678,10711,23976,12861,35581,16210,29027,9361,9633,13806,21842,12284,34126,1734,1980,4870,7398,5684,11471,6716,17474,8747,14644,4905,4988,5413,9020,4742,15937,256110,125783,6985,1,432,0,0,27,2
2021-02-08T23:59:59+01:00,8,9,4196,4195,9765,15466,10603,23618,12742,35120,16069,28669,9269,9566,13604,21558,12175,33933,1570,1785,4312,6402,5022,9895,5894,14950,7726,12789,4345,4455,4427,7432,3979,13860,253741,108898,6471,1,426,0,0,27,2
2021-02-07T23:59:59+01:00,8,9,4031,4127,9609,15330,10501,23453,12663,34857,15957,28477,9228,9521,13458,21375,12101,33790,1355,1538,3892,5728,4608,9017,5469,13791,7240,11830,4089,4195,4197,7038,3819,13265,252641,101124,5925,1,0,0,0,27,1
2021-02-06T23:59:59+01:00,8,9,4022,4118,9599,15314,10488,23417,12641,34807,15940,28420,9208,9507,13440,21340,11996,33592,1203,1342,3659,5421,4422,8592,5249,13202,6960,11272,3952,4058,4071,6889,3540,12807,252297,96690,5640,1,0,0,0,27,0
2021-02-05T23:59:59+01:00,8,8,3949,4050,9527,15171,10421,23167,12556,34437,15825,28139,9124,9433,13367,21265,11646,32995,1062,1113,3378,4976,4162,8012,4932,12421,6574,10544,3691,3812,3910,6660,3038,11922,250410,90255,4747,0,0,0,0,27,0
2021-02-04T23:59:59+01:00,8,8,3892,3926,9407,14855,10244,22619,12368,33641,15609,27576,9000,9323,13142,20973,11533,32794,798,780,2554,3723,3227,6268,3979,9875,5248,8332,3010,3099,3285,5673,2646,10424,246465,72956,4523,0,0,0,0,26,0
2021-02-03T23:59:59+01:00,8,8,3823,3855,9304,14633,10140,22284,12236,33132,15459,27158,8891,9209,13000,20796,11459,32628,662,612,1926,2808,2493,4839,3006,7585,4015,6282,2199,2233,2400,4206,1919,7815,243739,55029,4354,0,0,0,0,26,0
2021-02-02T23:59:59+01:00,8,8,3756,3760,9204,14440,10041,21904,12094,32569,15257,26705,8766,9095,12877,20585,11376,32362,526,486,1456,2073,1905,3640,2260,5770,2995,4696,1556,1535,1638,2770,1335,5200,240523,39861,4352,0,0,0,0,26,0
2021-02-01T23:59:59+01:00,7,8,3716,3670,9125,14209,9935,21519,11955,31933,15073,26202,8646,8947,12768,20442,11325,32186,391,352,1015,1430,1255,2423,1473,3779,1860,2974,985,978,971,1691,766,3013,237384,25366,4352,0,0,0,0,24,0
2021-01-31T23:59:59+01:00,7,8,3698,3635,9072,14101,9866,21315,11889,31636,14969,26005,8590,8888,12717,20331,11280,32057,361,331,893,1240,1066,2050,1271,3227,1627,2607,887,886,867,1507,695,2707,235896,22230,4237,0,0,0,0,23,0
2021-01-30T23:59:59+01:00,7,8,3697,3632,9062,14088,9852,21292,11876,31616,14957,25991,8586,8883,12648,20262,11213,31980,344,307,833,1156,1009,1927,1207,3037,1552,2470,859,860,848,1467,680,2654,235575,21217,4144,0,0,0,0,23,0
2021-01-29T23:59:59+01:00,7,8,3637,3617,9001,14058,9823,21240,11844,31541,14909,25923,8562,8860,12461,20037,11033,31737,277,224,712,983,865,1567,1052,2647,1341,2145,769,768,799,1412,662,2601,234355,18829,4015,0,0,0,0,20,0
2021-01-28T23:59:59+01:00,7,8,3518,3531,8797,13671,9603,20727,11612,30962,14582,25424,8425,8759,12025,19416,10677,31156,131,57,293,360,377,611,461,1148,610,964,407,425,468,812,379,1571,229566,9077,3407,0,0,0,0,19,0
2021-01-27T23:59:59+01:00,7,8,3287,3396,8504,13255,9302,20103,11229,30125,14195,24689,8209,8548,11475,18610,10252,30393,79,33,202,222,243,415,306,802,431,662,309,311,348,605,284,1149,222859,6403,2796,0,0,0,0,19,0
2021-01-26T23:59:59+01:00,6,8,3121,3299,8222,12918,9039,19533,10924,29368,13798,24057,7973,8326,10897,17695,9604,29241,74,29,187,212,227,381,290,751,400,601,294,285,321,542,258,1019,216143,5873,1953,0,0,0,0,19,0
2021-01-25T23:59:59+01:00,6,8,3033,3205,7941,12437,8749,18827,10537,28366,13318,23295,7691,8125,10279,16878,9148,28340,66,21,167,191,194,325,251,631,348,496,257,240,267,465,210,831,209842,4962,408,0,0,0,0,17,0
2021-01-24T23:59:59+01:00,6,8,2989,3184,7856,12359,8675,18702,10428,28206,13189,23112,7648,8089,10214,16766,9100,28244,65,20,163,187,192,311,248,610,339,482,248,236,265,458,206,816,208536,4848,305,0,0,0,0,17,0
2021-01-23T23:59:59+01:00,6,8,2988,3183,7855,12356,8671,18692,10426,28192,13183,23107,7641,8086,10090,16600,8772,27657,64,20,163,187,191,310,246,610,337,482,248,236,265,458,206,815,207277,4840,303,0,0,0,0,16,0
2021-01-22T23:59:59+01:00,6,8,2926,3137,7731,12243,8588,18550,10316,28022,13102,22992,7611,8053,9892,16298,8254,26633,64,20,162,187,191,310,246,610,336,482,248,236,265,458,206,815,204127,4838,303,0,0,0,0,15,0
2021-01-21T23:59:59+01:00,6,8,2844,2967,7232,11329,8104,17403,9780,26395,12497,21779,7329,7730,9253,15347,7736,25580,58,18,147,173,174,279,221,534,299,442,222,209,234,378,176,684,193080,4250,303,0,0,0,0,15,0
2021-01-20T23:59:59+01:00,6,8,2485,2620,6352,9917,7357,15447,8826,23566,11387,19705,6728,7078,8158,13579,6921,23358,56,18,146,168,171,277,213,520,287,420,210,202,228,353,162,646,173254,4079,300,0,0,0,0,15,0
2021-01-19T23:59:59+01:00,6,8,2043,2265,5450,8528,6493,13553,7804,20773,10115,17466,5971,6193,6769,11386,5899,20303,40,11,97,124,115,171,150,356,188,292,133,115,140,235,113,479,150854,2760,219,0,0,0,0,15,0
2021-01-18T23:59:59+01:00,5,8,1770,1975,4694,7145,5538,11313,6606,17177,8687,14750,5088,5311,5383,9131,4825,16817,21,6,38,46,52,79,66,162,74,146,59,54,66,131,62,220,126172,1283,95,0,0,0,0,15,0
2021-01-17T23:59:59+01:00,4,8,1493,1685,4181,6349,5030,10182,6069,15603,8046,13485,4748,4961,5010,8457,4496,15810,8,2,8,15,15,28,20,51,27,56,23,23,20,31,13,47,115565,387,90,0,0,0,0,14,0
2021-01-16T23:59:59+01:00,4,7,1326,1482,3964,6028,4850,9742,5810,14938,7716,12792,4558,4733,4797,8181,4141,15206,0,0,0,1,1,2,1,1,1,2,0,1,1,0,0,1,110304,12,7,0,0,0,0,13,0
2021-01-15T23:59:59+01:00,4,7,1175,1256,3710,5606,4596,9177,5519,14097,7308,11993,4266,4439,4610,7873,3606,14160,0,0,0,0,0,0,0,0,0,0,0,0,0,0,0,0,103431,0,4,0,0,0,0,13,0
2021-01-14T23:59:59+01:00,3,4,901,943,2964,4417,3731,7360,4575,11351,5911,9646,3465,3570,3872,6647,3122,12348,0,0,0,0,0,0,0,0,0,0,0,0,0,0,0,0,84853,0,0,0,0,0,0,13,0
2021-01-13T23:59:59+01:00,3,3,766,789,2491,3685,3147,6136,3802,9410,4817,7768,2592,2657,2925,5064,2389,9444,0,0,0,0,0,0,0,0,0,0,0,0,0,0,0,0,67906,0,0,0,0,0,0,12,0
2021-01-12T23:59:59+01:00,2,3,635,658,2085,3023,2591,4987,3044,7582,3800,6104,1862,1837,1999,3429,1691,6448,0,0,0,0,0,0,0,0,0,0,0,0,0,0,0,0,51805,0,0,0,0,0,0,0,0
2021-01-11T23:59:59+01:00,1,1,493,523,1741,2447,2080,3985,2358,5762,2823,4430,1198,1138,1199,2015,931,3667,0,0,0,0,0,0,0,0,0,0,0,0,0,0,0,0,36812,0,0,0,0,0,0,0,0
2021-01-10T23:59:59+01:00,1,1,437,454,1480,2022,1739,3262,1949,4777,2347,3712,1056,1013,1054,1768,830,3214,0,0,0,0,0,0,0,0,0,0,0,0,0,0,0,0,31128,0,0,0,0,0,0,0,0
2021-01-09T23:59:59+01:00,1,1,405,409,1356,1845,1594,2972,1795,4328,2162,3381,981,942,995,1714,812,3171,0,0,0,0,0,0,0,0,0,0,0,0,0,0,0,0,28874,0,0,0,0,0,0,0,0
2021-01-08T23:59:59+01:00,1,1,308,281,1107,1502,1316,2303,1477,3548,1792,2764,847,834,907,1591,765,3018,0,0,0,0,0,0,0,0,0,0,0,0,0,0,0,0,24370,0,0,0,0,0,0,0,0
2021-01-07T23:59:59+01:00,1,0,145,76,398,507,480,789,596,1368,782,1206,467,482,561,961,465,1906,0,0,0,0,0,0,0,0,0,0,0,0,0,0,0,0,11192,0,0,0,0,0,0,0,0
2021-01-06T23:59:59+01:00,1,0,110,44,268,285,308,513,400,928,532,826,359,362,424,747,358,1439,0,0,0,0,0,0,0,0,0,0,0,0,0,0,0,0,7906,0,0,0,0,0,0,0,0
2021-01-05T23:59:59+01:00,1,0,86,31,189,230,241,427,321,819,449,704,343,346,407,714,351,1385,0,0,0,0,0,0,0,0,0,0,0,0,0,0,0,0,7046,0,0,0,0,0,0,0,0
2021-01-04T23:59:59+01:00,1,0,68,25,172,193,199,334,257,636,355,512,268,253,287,516,234,927,0,0,0,0,0,0,0,0,0,0,0,0,0,0,0,0,5238,0,0,0,0,0,0,0,0
2021-01-03T23:59:59+01:00,1,0,66,21,166,188,194,319,255,621,345,495,260,251,283,503,232,910,0,0,0,0,0,0,0,0,0,0,0,0,0,0,0,0,5111,0,0,0,0,0,0,0,0
2021-01-02T23:59:59+01:00,1,0,66,21,166,188,194,319,252,621,342,495,260,251,283,503,232,909,0,0,0,0,0,0,0,0,0,0,0,0,0,0,0,0,5104,0,0,0,0,0,0,0,0
2021-01-01T23:59:59+01:00,1,0,65,21,165,188,194,318,251,621,339,493,260,251,283,502,232,909,0,0,0,0,0,0,0,0,0,0,0,0,0,0,0,0,5094,0,0,0,0,0,0,0,0
2020-12-31T23:59:59+01:00,1,0,65,21,165,186,194,317,250,620,338,492,260,251,283,502,232,909,0,0,0,0,0,0,0,0,0,0,0,0,0,0,0,0,5087,0,0,0,0,0,0,0,0
2020-12-30T23:59:59+01:00,1,0,64,21,165,185,192,314,250,618,338,490,260,251,283,502,231,909,0,0,0,0,0,0,0,0,0,0,0,0,0,0,0,0,5075,0,0,0,0,0,0,0,0
2020-12-29T23:59:59+01:00,1,0,45,12,117,140,143,212,182,443,238,376,179,164,195,373,170,709,0,0,0,0,0,0,0,0,0,0,0,0,0,0,0,0,3700,0,0,0,0,0,0,0,0
2020-12-28T23:59:59+01:00,1,0,24,8,64,77,80,122,101,252,118,231,98,93,103,200,103,388,0,0,0,0,0,0,0,0,0,0,0,0,0,0,0,0,2064,0,0,0,0,0,0,0,0
2020-12-27T23:59:59+01:00,0,0,11,3,17,26,36,47,36,89,37,94,32,29,40,73,32,145,0,0,0,0,0,0,0,0,0,0,0,0,0,0,0,0,747,0,0,0,0,0,0,0,0
