Datum,<15_m,<15_w,15-24_1_m,15-24_1_w,25-34_1_m,25-34_1_w,35-44_1_m,35-44_1_w,45-54_1_m,45-54_1_w,55-64_1_m,55-64_1_w,65-74_1_m,65-74_1_w,75-84_1_m,75-84_1_w,>84_1_m,>84_1_w,<24_2_m,<24_2_w,25-34_2_m,25-34_2_w,35-44_2_m,35-44_2_w,45-54_2_m,45-54_2_w,55-64_2_m,55-64_2_w,65-74_2_m,65-74_2_w,75-84_2_m,75-84_2_w,>84_2_m,>84_2_w,bp_1,bp_2,mo_1,mo_2,az_1,az_2,ja,unb_1,unb_2
2021-09-10T23:59:59+02:00,36132,33764,274073,263392,380442,350786,396600,389712,460761,470135,513691,514961,351037,391691,246002,315057,72440,132622,246826,237419,356614,324688,375486,364922,439329,445323,493405,494202,340082,379067,238411,304533,69510,126496,3988021,3754169,521217,498463,809764,762398,274986,533,439
2021-09-09T23:59:59+02:00,35730,33354,272856,262324,379467,349709,395748,388745,460022,469326,513139,514478,350811,391425,245881,314910,72406,132567,245815,236502,355744,323853,374735,364153,438676,444737,492841,493777,339868,378850,238292,304397,69476,126439,3980504,3748365,520919,498071,809731,762258,272439,526,437
2021-09-08T23:59:59+02:00,35335,32962,271903,261349,378673,348865,395060,387962,459401,468718,512700,514017,350607,391185,245777,314739,72377,132518,244904,235661,354946,323129,374065,363447,438083,444188,492393,493325,339671,378606,238171,304231,69441,126345,3974116,3742783,520699,497758,809679,762127,270346,526,437
2021-09-07T23:59:59+02:00,34970,32637,270905,260436,377874,348102,394425,387301,458878,468206,512263,513632,350418,390971,245680,314574,72344,132450,244045,234891,354162,322458,373437,362905,437591,443691,491954,492941,339469,378392,238079,304091,69412,126291,3968147,3737873,520461,497423,809665,761957,268484,526,437
2021-09-06T23:59:59+02:00,34580,32234,269811,259360,376955,347175,393752,386533,458301,467585,511831,513206,350201,390728,245593,314449,72317,132382,243298,234152,353435,321813,372831,362316,437141,443198,491545,492568,339257,378187,237991,303958,69383,126234,3961049,3733091,520324,497174,809621,761837,266689,526,437
2021-09-05T23:59:59+02:00,34429,32089,269417,258956,376661,346839,393471,386226,458068,467352,511656,513027,350129,390634,245549,314388,72301,132357,242872,233759,353048,321433,372491,362010,436882,442955,491345,492363,339152,378065,237945,303894,69365,126199,3958512,3730467,520231,496905,809594,761706,265902,526,437
2021-09-04T23:59:59+02:00,34371,32052,269263,258831,376542,346714,393349,386125,457994,467269,511605,512978,350118,390616,245543,314376,72301,132356,242713,233616,352891,321275,372349,361893,436792,442855,491280,492314,339130,378045,237937,303882,69365,126198,3957832,3729696,520175,496770,809587,761686,265499,526,437
2021-09-03T23:59:59+02:00,34050,31743,268375,258028,375799,346058,392756,385534,457413,466791,511146,512642,349949,390437,245479,314270,72278,132323,241709,232774,352104,320578,371682,361247,436149,442275,490789,491902,338934,377849,237850,303772,69343,126171,3953472,3725450,519507,495304,809557,761614,263224,526,437
2021-09-02T23:59:59+02:00,33692,31414,267327,257160,374945,345232,392024,384790,456729,466159,510612,512217,349680,390187,245355,314096,72252,132245,240691,231983,351230,319817,370948,360546,435439,441649,490222,491440,338682,377585,237736,303614,69315,126090,3947575,3720294,519225,494825,809521,761296,260481,525,437
2021-09-01T23:59:59+02:00,33366,31049,266490,256331,374204,344563,391497,384244,456263,465681,510232,511876,349502,389993,245266,313980,72228,132185,239607,230934,350380,318975,370271,359849,434837,441043,489700,490955,338451,377322,237601,303450,69286,126035,3942166,3713513,519043,494292,809489,761079,258938,525,434
2021-08-31T23:59:59+02:00,32969,30708,265628,255434,373487,343858,390936,383669,455763,465204,509792,511512,349309,389802,245170,313833,72197,132146,238658,230059,349590,318239,369614,359212,434288,440539,489182,490553,338240,377103,237501,303299,69252,125975,3936703,3708198,518854,493907,809463,760668,257082,525,434
2021-08-30T23:59:59+02:00,32426,30229,264342,254276,372510,342958,390128,382866,455018,464503,509234,511021,349080,389590,245077,313680,72161,132077,237513,229086,348604,317362,368833,358477,433595,439967,488626,490042,337982,376863,237375,303116,69211,125897,3929335,3702227,518738,493463,809417,760417,254366,525,434
2021-08-29T23:59:59+02:00,32240,30041,263777,253777,372041,342548,389748,382533,454723,464216,509005,510800,348982,389480,245028,313615,72151,132052,236802,228458,348000,316821,368334,358009,433170,439592,488317,489782,337836,376710,237314,303039,69191,125871,3926278,3698367,518621,493064,809390,760159,253147,525,434
2021-08-28T23:59:59+02:00,32151,29949,263553,253600,371867,342395,389592,382412,454598,464098,508932,510750,348958,389457,245017,313603,72150,132049,236485,228202,347752,316631,368115,357847,432988,439427,488190,489690,337794,376668,237294,303013,69189,125867,3925253,3696801,518581,492949,809384,760133,252592,525,434
2021-08-27T23:59:59+02:00,31921,29700,262902,253036,371355,341882,389121,381963,454146,463702,508565,510468,348829,389324,244957,313516,72131,132027,235881,227707,347143,316134,367646,357419,432541,439076,487886,489443,337659,376550,237241,302948,69178,125860,3921466,3693607,518512,492735,809320,760072,250925,525,434
2021-08-26T23:59:59+02:00,31544,29314,261900,252061,370516,341069,388373,381225,453467,463030,508022,509986,348597,389065,244834,313399,72102,131966,234413,226366,345929,314959,366547,356432,431671,438285,487220,488870,337379,376233,237078,302778,69148,125815,3915324,3685349,518268,492098,809273,759715,248277,525,433
2021-08-25T23:59:59+02:00,31186,28984,260986,251213,369779,340305,387726,380535,452839,462444,507473,509537,348360,388810,244707,313238,72067,131898,232376,224506,344454,313564,365366,355239,430675,437321,486420,488147,336992,375842,236921,302537,69103,125725,3909691,3673398,518143,491689,809245,759563,245678,524,430
2021-08-24T23:59:59+02:00,30887,28728,260268,250457,369184,339689,387197,379972,452368,461949,507079,509179,348156,388593,244599,313079,72040,131827,231173,223454,343498,312651,364591,354489,430007,436676,485864,487599,336716,375530,236785,302375,69078,125661,3904935,3666258,517856,491238,809226,759260,243903,524,425
2021-08-23T23:59:59+02:00,30371,28206,258887,249153,368161,338777,386372,379190,451591,461269,506433,508616,347878,388312,244462,312890,72013,131768,229700,222144,342190,311593,363639,353640,429145,435926,485161,487031,336410,375198,236646,302185,69052,125601,3897571,3658889,517714,490762,809188,758976,240542,524,425
2021-08-22T23:59:59+02:00,30231,28093,258484,248789,367813,338452,386098,378927,451358,461024,506248,508469,347783,388217,244422,312831,71997,131742,228986,221473,341509,310939,363103,353139,428704,435522,484840,486766,336246,375017,236578,302077,69028,125553,3895391,3654507,517567,490305,809149,758677,239536,524,424
2021-08-21T23:59:59+02:00,29984,27890,257990,248329,367499,338131,385846,378670,451154,460848,506099,508330,347728,388161,244400,312793,71994,131733,228246,220821,341026,310542,362708,352730,428339,435217,484613,486572,336161,374949,236551,302034,69022,125541,3892859,3651549,517424,489101,809142,758621,238819,524,424
2021-08-20T23:59:59+02:00,29795,27693,257331,247674,366765,337514,385173,378143,450562,460357,505629,508012,347585,388005,244345,312697,71977,131699,226448,219212,339629,309359,361593,351777,427387,434416,483895,486023,335921,374699,236449,301915,68997,125511,3889418,3643339,517107,487949,809129,758255,235966,524,424
2021-08-19T23:59:59+02:00,29470,27383,256353,246833,365784,336738,384395,377459,449850,459730,505072,507529,347346,387746,244238,312550,71943,131627,223689,216782,337332,307541,359889,350301,425985,433147,482743,485054,335502,374274,236257,301669,68962,125441,3883981,3628995,516747,486190,809095,757785,232886,523,423
2021-08-18T23:59:59+02:00,29187,27121,255558,246131,365093,336130,383821,376891,449253,459235,504601,507123,347074,387507,244119,312401,71911,131561,221227,214268,335283,305783,358250,348651,424462,431822,481598,484011,334980,373717,236023,301368,68910,125346,3878903,3615753,516572,482248,809071,757405,230833,523,423
2021-08-17T23:59:59+02:00,28871,26846,254776,245419,364480,335458,383264,376345,448773,458760,504174,506706,346875,387299,244002,312272,71884,131509,218479,211524,333216,303954,356562,347187,423028,430547,480476,483019,334487,373175,235785,301073,68856,125269,3873932,3600700,516272,479475,809044,756971,229126,523,422
2021-08-16T23:59:59+02:00,28585,26585,254082,244771,363911,334901,382801,375886,448335,458320,503754,506340,346690,387091,243905,312107,71853,131469,215322,208462,330926,301844,355045,345743,421824,429418,479522,482179,334095,372730,235597,300798,68816,125180,3869532,3583360,516117,478748,809019,756620,227378,523,421
2021-08-15T23:59:59+02:00,28391,26423,253595,244330,363490,334508,382447,375551,448038,458065,503515,506148,346576,386976,243855,312026,71842,131448,211318,204410,329037,300232,353788,344530,420805,428482,478739,481521,333761,372393,235476,300621,68792,125130,3866720,3565793,515977,477837,808983,756296,226204,523,420
2021-08-14T23:59:59+02:00,28325,26366,253353,244132,363259,334332,382273,375401,447882,457936,503398,506041,346527,386944,243837,312003,71839,131443,210249,203310,328223,299471,353073,343859,420313,428024,478350,481199,333621,372264,235438,300564,68783,125113,3865552,3559120,515906,477470,808979,756220,225514,523,420
2021-08-13T23:59:59+02:00,28070,26123,252648,243544,362761,333906,381837,374971,447448,457575,503061,505784,346398,386794,243772,311927,71827,131415,208367,201526,326800,298161,351813,342668,419267,427086,477600,480560,333377,371974,235325,300420,68765,125060,3861746,3547203,515836,476872,808969,756029,223976,517,420
2021-08-12T23:59:59+02:00,27872,25898,251923,242908,362141,333321,381308,374487,446920,457134,502641,505427,346214,386593,243671,311825,71813,131367,205778,199257,323919,295633,349805,340872,417756,425840,476368,479492,332921,371434,235074,300143,68725,124975,3857799,3529806,515649,475669,808932,755004,221747,517,418
2021-08-11T23:59:59+02:00,27638,25648,251191,242219,361523,332747,380785,374009,446461,456712,502233,505001,345987,386352,243554,311689,71785,131315,202742,196277,320740,292699,347637,338802,416257,424438,475085,478201,332376,370790,234824,299733,68674,124845,3852978,3507967,515434,474600,808892,754069,220211,515,417
2021-08-10T23:59:59+02:00,27396,25390,250359,241489,360818,332205,380248,373464,445965,456238,501778,504605,345794,386155,243468,311551,71762,131271,198548,192158,316077,288497,344658,336030,414143,422494,473488,476739,331688,370118,234525,299323,68617,124725,3847912,3477867,515153,473488,808856,752917,218700,515,417
2021-08-09T23:59:59+02:00,27203,25188,249735,240920,360243,331733,379811,373085,445562,455894,501436,504320,345637,386004,243401,311442,71741,131234,194010,187569,310377,283746,341901,333541,412236,420722,471865,475273,331035,369424,234245,298952,68558,124588,3844249,3447509,514974,470701,808824,751824,217207,515,415
2021-08-08T23:59:59+02:00,27035,25033,249254,240518,359854,331382,379468,372797,445263,455641,501195,504126,345530,385897,243338,311362,71724,131201,192663,186201,308754,282413,340596,332383,411367,419969,471301,474758,330775,369156,234118,298784,68533,124537,3841719,3438430,514819,469342,808771,751348,215972,515,415
2021-08-07T23:59:59+02:00,26885,24859,248726,240064,359457,331045,379132,372514,444970,455405,500970,503953,345458,385803,243303,311313,71716,131190,188993,182612,306712,280564,338880,330862,410037,418704,470375,473965,330418,368784,233987,298594,68499,124500,3838863,3418830,514712,468011,808761,751134,215090,515,412
2021-08-06T23:59:59+02:00,26661,24624,247852,239401,358676,330436,378466,371936,444314,454878,500434,503562,345222,385597,243204,311197,71705,131168,185258,179063,303256,277770,336759,329031,408437,417366,469074,473001,330037,368399,233826,298438,68474,124452,3836289,3399562,513352,466281,808750,750040,211605,515,411
2021-08-05T23:59:59+02:00,26340,24300,246674,238468,357781,329570,377649,371210,443576,454203,499767,503024,344936,385296,243087,311021,71664,131104,180782,175118,297879,273382,332651,325480,405632,414872,466816,471208,329365,367691,233560,298066,68413,124340,3829951,3371654,513092,461577,808687,746335,208601,515,411
2021-08-04T23:59:59+02:00,25967,23956,245525,237479,356784,328660,376874,370498,442946,453598,499196,502498,344662,385026,242966,310849,71636,131034,177305,171817,294117,270253,328245,321575,403377,412779,465108,469655,328666,366992,233283,297712,68354,124238,3823458,3344504,512748,459810,808651,744583,205961,506,410
2021-08-03T23:59:59+02:00,25501,23535,244156,236291,355877,327826,376165,369804,442289,452937,498598,501964,344366,384726,242837,310671,71592,130966,173824,168374,290020,266614,323139,316967,400632,410219,462769,467552,327821,366125,232932,297242,68285,124098,3815478,3312404,512588,457935,808612,742509,204086,506,410
2021-08-02T23:59:59+02:00,25184,23228,243100,235326,355028,327070,375469,369203,441720,452393,498071,501513,344104,384452,242718,310516,71566,130907,170187,164779,285326,262655,317262,312010,397880,407666,460529,465559,327050,365291,232633,296842,68221,123979,3809116,3278942,512338,455947,808555,739981,202220,506,407
2021-08-01T23:59:59+02:00,25030,23040,242470,234720,354433,326562,375031,368813,441286,452073,497727,501235,343966,384288,242642,310398,71552,130880,168633,163329,282838,260660,312632,308291,396020,406090,459051,464311,326623,364806,232462,296625,68192,123920,3805452,3261048,512036,453802,808463,737534,200851,506,405
2021-07-31T23:59:59+02:00,24920,22935,242128,234400,354152,326338,374792,368645,441097,451920,497619,501135,343933,384250,242622,310385,71551,130874,164862,159487,280014,258117,310547,306292,394622,404806,457904,463323,326305,364430,232328,296451,68166,123874,3803841,3238134,511847,452865,808458,736743,200205,506,405
2021-07-30T23:59:59+02:00,24632,22676,241333,233685,353577,325805,374302,368178,440634,451516,497258,500843,343795,384109,242577,310306,71538,130858,161121,155719,276615,255005,307520,303472,392391,402688,456056,461738,325796,363897,232115,296158,68132,123815,3799759,3213046,511480,451660,808441,733548,198597,506,405
2021-07-29T23:59:59+02:00,24285,22335,239794,232415,352414,324725,373334,367267,439780,450722,496443,500215,343461,383797,242439,310123,71501,130791,156263,151239,271235,250823,301609,298688,388036,399194,452998,459325,324962,363051,231802,295746,68070,123716,3792175,3179115,510801,446801,808358,728440,195160,505,405
2021-07-28T23:59:59+02:00,23984,22048,238638,231373,351527,323880,372576,366577,439141,450056,495876,499725,343208,383498,242305,309937,71466,130718,152506,147594,266744,247161,297174,294736,384769,396334,450911,457477,324300,362292,231533,295360,68006,123591,3785415,3148394,510261,444880,808277,725803,193234,504,402
2021-07-27T23:59:59+02:00,23712,21824,237628,230397,350683,323138,371876,365986,438555,449441,495348,499266,342965,383193,242171,309743,71430,130620,147482,142466,260823,242017,291869,289974,380749,392630,447727,454660,323312,361188,231167,294853,67915,123433,3779118,3106788,509709,442554,808219,722061,191585,503,401
2021-07-26T23:59:59+02:00,23480,21585,236656,229420,349892,322435,371272,365432,437999,448950,494896,498896,342734,382953,242043,309586,71406,130562,143133,138074,255274,237231,286697,285497,376285,388671,444212,451632,322356,360224,230835,294373,67840,123296,3773438,3067364,509075,440297,808137,717710,190198,502,401
2021-07-25T23:59:59+02:00,23121,21284,235312,228263,348950,321669,370592,364772,437420,448410,494438,498492,342536,382740,241955,309455,71385,130498,141287,136324,252593,235017,284196,283396,374151,386896,442130,449848,321841,359710,230632,294144,67815,123220,3766371,3052388,508693,438103,808071,713356,188806,502,401
2021-07-24T23:59:59+02:00,22872,21087,234382,227402,348228,321018,370014,364244,436891,447971,494077,498214,342419,382642,241912,309393,71382,130487,138390,133525,249856,232695,281632,281179,371892,385038,440891,448861,321490,359373,230487,293965,67796,123186,3762350,3034040,507925,435091,808055,713015,186952,502,401
2021-07-23T23:59:59+02:00,22455,20700,232876,226062,346902,320079,368969,363381,436012,447181,493379,497679,342184,382370,241822,309280,71361,130451,132910,128679,244487,228393,277155,277391,368201,381841,438243,446663,320790,358651,230233,293654,67741,123105,3754884,2998514,507454,433317,807998,710878,183451,502,400
2021-07-22T23:59:59+02:00,21950,20223,230767,224082,345148,318535,367459,362083,434688,446031,492392,496774,341749,381917,241644,309029,71316,130369,128549,124616,238453,223858,270751,272287,361270,376306,432767,442153,319604,357393,229795,293123,67647,122952,3742393,2956225,505864,427324,807868,704560,180669,501,400
2021-07-21T23:59:59+02:00,21441,19704,228877,222263,343450,317006,365835,360505,433108,444638,491166,495604,341195,381390,241394,308743,71263,130272,124789,121043,232993,219612,265219,267760,353130,369374,428152,438411,318483,356240,229333,292556,67566,122773,3731368,2920705,502101,416432,807642,699773,177376,501,397
2021-07-20T23:59:59+02:00,21137,19425,227402,220788,342209,315830,364868,359628,432243,443842,490445,494954,340854,381018,241246,308520,71235,130183,120454,116805,226639,214436,259389,262576,346012,363271,423458,434096,317388,354985,228918,291971,67468,122589,3722018,2876916,501692,409213,807510,695382,175237,501,396
2021-07-19T23:59:59+02:00,20820,19127,225662,219092,340889,314576,363834,358650,431431,443063,489767,494333,340558,380656,241096,308287,71190,130085,117695,114204,222261,210842,254770,258618,342298,360092,420836,431916,316660,354257,228619,291579,67393,122465,3711410,2851855,501268,403834,807418,691058,173649,501,396
2021-07-18T23:59:59+02:00,20666,18995,224361,217817,339272,313143,362767,357727,430613,442340,489227,493789,340323,380370,240967,308107,71168,130023,116197,112818,219609,208662,252409,256521,340046,358243,418801,430222,316171,353769,228458,291362,67372,122398,3701958,2839572,500726,399558,807344,687360,172274,501,393
2021-07-17T23:59:59+02:00,20272,18573,223206,216761,338694,312602,362178,357213,430095,441890,488814,493498,340217,380253,240925,308052,71165,130013,114125,110717,217152,206359,249946,254328,337624,356110,417353,428958,315836,353379,228323,291194,67348,122358,3696389,2822074,500521,396837,807328,686573,170810,498,393
2021-07-16T23:59:59+02:00,19729,18060,220654,214611,336949,311302,360665,355917,428627,440682,487712,492633,339812,379881,240750,307893,71140,129976,111010,107917,212385,202427,245409,250692,333323,352411,414007,426237,314912,352448,227970,290777,67294,122276,3686157,2794391,499763,394481,807166,682759,164530,497,392
2021-07-15T23:59:59+02:00,19086,17434,217864,212179,335035,309592,359069,354472,427286,439489,486768,491778,339411,379453,240547,307635,71098,129871,107100,104703,204020,196181,237917,245084,326716,347173,406937,419794,313172,350635,227423,290107,67222,122076,3671057,2747838,499159,386013,807047,675335,161422,497,392
2021-07-14T23:59:59+02:00,18239,16708,215413,209846,333323,308045,357658,353124,426058,438282,485735,490819,338955,378992,240304,307323,71043,129783,103491,101366,197549,191023,232207,240416,322419,343695,402762,416165,311863,349323,227014,289549,67141,121922,3656066,2714230,498570,380478,806916,668533,158713,496,389
2021-07-13T23:59:59+02:00,17589,16051,213222,207817,331715,306669,356316,351899,424881,437188,484769,489958,338515,378518,240101,307076,71008,129690,99734,97827,191066,185623,225067,234350,315744,337629,394367,408307,310066,347395,226406,288754,67027,121720,3642209,2671429,498009,367798,806753,659061,156622,494,384
2021-07-12T23:59:59+02:00,16566,15118,209937,204632,329651,304934,354735,350427,423635,435982,483783,489052,338095,378043,239921,306844,70968,129613,96641,95104,185782,181324,218086,228669,308908,331593,389268,404030,308334,345530,225811,288019,66928,121550,3623702,2633129,497449,360653,806570,650642,154824,493,383
2021-07-11T23:59:59+02:00,16058,14643,208578,203359,328909,304220,354073,349800,423071,435477,483336,488710,337902,377839,239861,306737,70946,129573,95220,93818,183014,179016,215092,226377,306219,329440,386439,401639,305865,342901,225430,287549,66874,121452,3617458,2618145,496808,358661,806440,640151,152997,489,382
2021-07-10T23:59:59+02:00,15584,14184,206730,201577,327444,302959,352931,348822,422344,434882,482861,488309,337732,377674,239795,306651,70936,129553,93918,92546,180482,176903,212057,223892,303695,327278,385274,400602,305216,342230,225250,287360,66858,121425,3608863,2601333,496170,358431,806202,638399,150339,488,382
2021-07-09T23:59:59+02:00,15261,13905,204825,199735,325834,301506,351858,347859,421439,434170,482288,487832,337526,377451,239698,306530,70920,129519,91129,89820,176952,173677,207712,219744,298671,322676,381832,397620,304117,341003,224947,286991,66821,121360,3599709,2572340,495306,356370,806003,630804,147737,488,381
2021-07-08T23:59:59+02:00,14793,13476,201324,196742,322511,298833,349473,345869,419725,432717,480850,486761,337085,377008,239518,306281,70875,129442,86822,86055,169710,168020,199573,213343,291296,316565,374885,391412,301401,338088,224170,286054,66704,121100,3584316,2526145,491248,347705,805479,620444,142835,487,381
2021-07-07T23:59:59+02:00,14292,13023,197580,192872,319334,295970,347149,343818,418162,431240,479651,485657,336608,376439,239326,306007,70837,129336,83138,82606,162413,162313,190531,206167,283318,309999,367855,384598,298093,334481,223265,284952,66565,120853,3562984,2478178,489882,334273,805089,610455,139937,484,379
2021-07-06T23:59:59+02:00,13832,12651,194136,189488,316072,293231,344663,341523,416439,429673,478380,484516,336106,375880,239127,305715,70784,129250,79563,79026,155733,156798,183116,199958,274378,302040,361364,378505,294893,331235,222378,283861,66456,120621,3543079,2425655,486815,327291,804665,600932,137494,481,379
2021-07-05T23:59:59+02:00,13434,12313,189750,185245,312029,289893,342149,339186,414766,428128,477236,483440,335629,375362,238951,305469,70751,129164,76504,76205,150614,152714,178352,195829,267465,295770,355254,372964,291618,327788,221491,282742,66347,120452,3520231,2386601,485656,322796,804169,590567,133419,479,377
2021-07-04T23:59:59+02:00,13257,12156,185909,181377,309390,287865,340834,338113,413882,427349,476654,482951,335403,375109,238861,305344,70725,129110,74304,74318,147505,150136,176000,193744,264984,293656,352113,370745,288310,324382,220910,282070,66292,120332,3507984,2372549,484364,320500,803596,579042,128922,478,375
2021-07-03T23:59:59+02:00,12062,11101,179475,175377,305127,284405,338506,335942,412065,425540,475439,481891,335003,374663,238686,305097,70701,129067,72523,72743,145081,148258,173562,191662,261923,290930,349830,368888,286559,322400,220642,281708,66260,120283,3481606,2356824,482960,320300,803411,574552,122734,478,375
2021-07-02T23:59:59+02:00,10964,10008,175761,171916,302714,282207,336758,334234,410810,424348,474663,481202,334742,374348,238571,304916,70673,129019,69828,70059,141160,144972,169129,187622,255868,285487,344609,364182,283305,318674,220002,280937,66212,120199,3463495,2323635,481478,317514,803223,561962,120216,477,356
2021-07-01T23:59:59+02:00,9868,9077,172093,168479,298673,278916,334262,331962,409011,422768,473561,480237,334322,373885,238370,304644,70626,128940,64946,65341,134852,139646,161845,181112,245617,276629,333810,354401,278519,313400,218149,278683,66033,119886,3440928,2267330,479379,305164,802873,544229,117069,477,352
2021-06-30T23:59:59+02:00,9378,8684,168825,165401,293052,274285,330588,328619,407238,421226,472533,479267,333897,373400,238179,304343,70592,128851,61819,62500,129213,134962,155201,175108,235570,267481,320405,341121,273307,307850,216257,276361,65865,119566,3415807,2212326,477211,292348,802576,525368,113315,476,351
2021-06-29T23:59:59+02:00,8842,8160,165030,161627,288513,270024,327027,325317,405135,419142,470987,477851,333306,372758,237926,303987,70537,128742,59031,59509,124267,130559,149182,169584,223717,256792,311853,332765,266845,300659,214286,273905,65662,119220,3388282,2153106,475215,287690,802246,507964,109713,475,348
2021-06-28T23:59:59+02:00,8437,7780,161712,158170,283481,265705,323717,322461,402991,417212,469496,476536,332785,372144,237692,303675,70493,128648,56761,57164,120373,127051,144837,165500,214487,248381,306064,327364,261892,295356,212522,271669,65515,118952,3364343,2117403,471231,279080,801588,491421,106507,475,345
2021-06-27T23:59:59+02:00,8289,7657,160208,156646,281376,263896,321912,320924,401293,415850,468600,475820,332492,371851,237589,303513,70474,128599,55563,56055,118252,125339,142272,163373,210380,244997,302704,324509,258087,291352,210064,268756,65404,118764,3354332,2101964,469152,275597,800535,475279,103504,475,345
2021-06-26T23:59:59+02:00,7134,6560,156943,153302,279268,262011,319501,318689,400102,414698,467899,475119,332222,371567,237482,303355,70450,128569,55013,55470,116919,124189,140850,162137,208134,242993,300173,322096,256553,289693,209731,268346,65377,118694,3335198,2085181,466332,275509,800529,472782,103371,444,318
2021-06-25T23:59:59+02:00,5911,5444,152630,149020,275873,259054,317438,316723,398788,413450,466897,474294,331932,371233,237354,303199,70422,128519,53725,53844,114446,121493,136770,157570,199373,234542,294489,316224,254830,287573,209141,267545,65306,118576,3310221,2042694,464899,273817,800472,466203,103146,444,318
2021-06-24T23:59:59+02:00,5057,4657,148183,144886,271055,255111,313160,312942,396599,411577,465518,473158,331508,370767,237185,302961,70388,128432,51080,51253,109335,116779,129449,150935,187337,224092,283069,305993,249449,281733,207306,265200,65103,118176,3279028,1980666,462895,262056,800301,452443,101472,443,317
2021-06-23T23:59:59+02:00,4836,4450,145018,141771,267356,251955,307914,308137,394099,409229,464108,471838,330981,370144,236955,302649,70340,128325,49139,49171,105539,112868,123782,145261,177446,215428,271106,294011,244840,276923,205973,263499,64942,117816,3251455,1924384,459366,252201,800139,441743,99696,441,316
2021-06-22T23:59:59+02:00,4586,4221,141942,138643,263643,248576,301789,302702,391461,406668,462563,470353,330433,369535,236735,302296,70292,128218,47450,47433,101934,109567,118990,140686,164862,204289,260202,283717,240775,272453,204052,261088,64690,117345,3219384,1866069,457437,244487,799949,430778,98427,439,308
2021-06-21T23:59:59+02:00,4327,3976,138676,135701,258941,244680,296539,297829,388420,403798,461090,468998,329915,368974,236509,301979,70251,128105,46216,46204,99551,107348,116252,137981,158643,198517,253317,277073,235413,266616,200115,256569,64503,116968,3187653,1835081,455396,238969,799732,410982,96461,438,308
2021-06-20T23:59:59+02:00,4183,3858,137169,134195,254706,241198,293960,295589,387026,402483,460297,468253,329690,368691,236397,301846,70231,128043,45095,45286,97294,105562,113983,135997,155614,195983,249013,273006,232413,263089,199128,255315,64422,116842,3170207,1814780,453632,235418,799576,403118,94927,438,300
2021-06-19T23:59:59+02:00,3766,3507,135021,132097,251952,238874,292179,293941,385185,400914,459455,467524,329467,368438,236293,301706,70210,128011,44556,44637,96024,104306,112513,134534,154112,194547,245795,269992,231696,262242,198957,255052,64400,116789,3153856,1798838,450811,233840,799566,402840,94827,438,299
2021-06-18T23:59:59+02:00,2817,2593,131740,128956,248428,235827,288163,290529,382785,398789,458117,466362,329091,368037,236138,301470,70183,127962,43768,43721,94443,102524,110223,131864,150560,190512,238934,262715,229975,260239,198472,254413,64325,116655,3128049,1769537,446370,233305,799537,396133,94550,437,299
2021-06-17T23:59:59+02:00,2583,2370,128008,125648,242373,231368,282919,286097,377955,394763,455769,464517,328491,367313,235893,301111,70118,127848,41527,41896,90391,99049,105331,127116,142695,182835,227544,251332,224771,254307,196821,252256,64065,116236,3092993,1713883,443385,229165,799276,385224,90082,360,291
2021-06-16T23:59:59+02:00,2312,2136,124773,122237,237474,227025,278219,281827,372778,390261,453168,462370,327743,366509,235602,300697,70052,127734,39698,40298,86853,96021,100984,123292,134467,175497,215443,239426,218547,247204,194900,249930,63813,115748,3059433,1654132,437844,223563,798759,377132,87469,358,290
2021-06-15T23:59:59+02:00,1925,1803,119854,117367,231492,221876,272866,276832,367712,385624,450313,459948,326870,365531,235249,300182,69970,127549,38078,38690,83532,92976,97017,119240,127417,169125,203097,227401,212521,240415,192938,247502,63502,115178,3014680,1596866,435915,217726,798189,369453,84753,358,287
2021-06-14T23:59:59+02:00,1663,1528,115789,113201,226256,216960,267497,271853,362419,380871,447194,457349,326085,364672,234936,299793,69908,127429,37098,37801,81250,90886,94307,116722,123308,165377,196496,220902,209404,236900,191802,246029,63283,114788,2972482,1567278,433560,215450,797928,361784,82000,356,286
2021-06-13T23:59:59+02:00,1589,1443,114292,111824,223808,214857,264953,269590,360161,378911,446020,456320,325809,364365,234800,299620,69876,127354,36234,37069,79392,89217,92296,114907,120479,162776,192626,217195,206319,233464,190771,244658,63051,114377,2957479,1553287,431116,208183,797620,353573,79940,356,284
2021-06-12T23:59:59+02:00,1438,1306,111640,109079,221914,213127,263569,268315,358725,377511,445122,455551,325522,364055,234708,299517,69858,127326,35865,36665,78406,88123,91046,113612,118902,161217,189065,213893,205281,232337,189369,242999,63041,114345,2941302,1540140,430137,208174,797597,346188,79809,355,283
2021-06-11T23:59:59+02:00,1290,1170,109099,106563,219020,210503,259901,265122,355589,374777,443404,454074,325084,363604,234571,299309,69831,127271,35189,35554,76399,84747,88811,110081,114798,156068,182368,206442,203180,229967,188765,242229,62979,114246,2916873,1512647,427339,207477,797409,332723,79117,355,282
2021-06-10T23:59:59+02:00,1127,1016,104334,102155,212942,205736,252843,259296,349492,369476,438896,450301,324222,362630,234248,298860,69747,127118,33607,34070,72396,80572,83888,104580,108126,147859,170029,192792,197106,223080,187034,240088,62726,113842,2873214,1465535,420229,205732,796557,305688,74975,353,277
2021-06-09T23:59:59+02:00,979,885,100411,98446,206970,200998,246023,253578,342827,363522,435215,447270,323541,361880,233977,298477,69682,126985,32074,32812,69163,77924,80189,101412,103403,143582,158881,182035,186484,211090,185172,237842,62453,113347,2834167,1411506,411685,201754,796041,294413,70323,330,273
2021-06-08T23:59:59+02:00,796,704,95879,93897,200335,195431,239060,247560,334573,356244,430103,442590,322698,360868,233603,297990,69601,126848,30999,31954,66576,75624,76906,98686,98824,139661,151285,174547,177774,201379,183365,235596,62219,112980,2782147,1372324,405917,196835,795447,283546,65803,330,261
2021-06-07T23:59:59+02:00,638,562,92661,90794,194270,190723,232497,242315,326733,350064,427051,440133,322149,360231,233384,297662,69547,126752,30130,31108,64112,73668,73953,96529,95057,136723,143202,166755,173725,196759,181935,233782,61996,112597,2743119,1345212,399748,193541,794853,272430,60972,328,260
2021-06-06T23:59:59+02:00,600,526,91086,89477,190982,188176,229142,239538,322449,346660,425611,439049,321877,359935,233276,297504,69523,126705,29528,30552,62340,71987,71873,94518,91864,133655,137511,160958,171185,194125,180825,232380,61765,112217,2727692,1333353,392351,183848,794368,261977,58224,326,259
2021-06-05T23:59:59+02:00,520,446,89141,87459,186111,183955,226677,237404,320632,345033,424611,438131,321591,359616,233128,297335,69509,126673,29073,29796,61139,70036,70476,92370,90188,131386,132753,155627,168178,190455,180339,231722,61731,112151,2704202,1309728,392218,183381,794225,256581,57841,325,258
2021-06-04T23:59:59+02:00,420,361,86787,84929,182447,180346,222670,233455,317038,341392,422245,435936,321132,359079,232931,297105,69471,126609,28606,29124,60020,68383,69196,90290,88396,128769,129385,151967,163944,185685,179346,230455,61683,112064,2674934,1290897,388393,182606,794104,246493,57426,325,257
2021-06-03T23:59:59+02:00,327,287,83492,81857,176712,175674,215404,227356,309322,334688,414484,429074,320095,357893,232560,296651,69415,126475,27715,28112,58127,66191,66800,87541,84761,124652,122623,145295,157590,178075,177773,228427,61570,111828,2625947,1261681,378141,177279,793676,233735,54490,323,251
2021-06-02T23:59:59+02:00,276,228,81412,79687,172628,171948,211758,224197,305738,331339,412437,427239,319686,357436,232406,296443,69387,126424,27248,27634,57000,65075,65204,86268,82701,122713,117646,140407,149703,169104,177052,227471,61485,111659,2597150,1229453,376755,175308,793647,230114,53596,320,245
2021-06-01T23:59:59+02:00,177,160,77145,75861,164336,165379,202385,216446,296632,323452,404230,419394,318167,355816,231862,295698,69272,126193,25697,26218,52688,62121,60364,82977,77279,118207,110214,133189,138599,155692,174949,224738,61277,111235,2538374,1179309,365097,171196,792879,218315,46714,318,240
2021-05-31T23:59:59+02:00,155,143,74396,73375,158670,161057,195068,210467,289236,317065,398478,414424,317164,354702,231472,295172,69182,126022,24783,25158,50062,59899,57193,80435,73674,114927,105708,128739,134446,150781,173577,223013,61107,110903,2497906,1156872,355698,168857,792232,207898,40861,317,238
2021-05-30T23:59:59+02:00,143,135,73331,72289,156178,159000,192421,208070,286421,314495,396555,412665,316797,354275,231311,294928,69144,125941,24179,24369,48470,58169,55451,78579,71443,112359,103046,125871,132287,148255,172783,222075,61013,110692,2481787,1147098,353176,167547,791595,196492,37986,316,234
2021-05-29T23:59:59+02:00,140,133,72721,71696,154667,157598,190120,206039,284581,312907,395717,411892,316576,354030,231231,294848,69133,125922,23856,23844,47550,56671,54110,76701,69517,109509,100728,123070,129481,144830,172131,221167,60986,110640,2467886,1133478,353014,167481,791528,185946,37966,316,233
2021-05-28T23:59:59+02:00,136,130,71630,70579,152273,155338,186457,202497,281310,309769,393858,410122,316163,353526,231082,294632,69114,125865,23325,22842,45943,54545,52281,74137,67472,105547,96398,117171,125102,139775,171156,219858,60939,110526,2444051,1110851,351963,167268,791315,171388,37587,315,230
2021-05-27T23:59:59+02:00,125,120,68315,67561,145785,150397,178262,196240,274914,304604,387537,404433,314893,352069,230615,294098,69042,125680,22003,21155,42687,51495,48399,70315,62917,99529,90035,109655,121168,135149,168357,216155,60766,110212,2399428,1082400,344334,164525,789489,151285,31859,315,224
2021-05-26T23:59:59+02:00,121,117,66158,65383,140826,146311,172158,191167,268159,298931,380787,397728,313368,350456,230124,293394,68939,125467,21260,20238,40863,49357,46044,67581,59877,95733,85437,104534,116182,129424,164564,210817,60556,109784,2362086,1050458,331128,162947,787664,139791,29125,314,223
2021-05-25T23:59:59+02:00,120,110,64127,63390,136617,142819,167100,186873,261089,292647,375362,392338,312068,349027,229709,292744,68855,125289,20681,19573,39461,47838,44208,65565,57398,92731,81351,100158,111244,123735,159027,203571,60384,109477,2324471,1018915,323611,159523,785119,130550,27488,310,217
2021-05-24T23:59:59+02:00,117,108,62883,62175,133860,140709,163816,184459,254133,286656,370428,387654,311237,348106,229421,292356,68783,125159,20339,19167,38442,46764,42862,64076,55720,90716,79115,97645,109817,122078,158419,202779,60271,109275,2300715,1009546,312491,158221,783313,123855,25940,309,213
2021-05-23T23:59:59+02:00,112,108,62385,61659,132760,139813,162620,183423,252889,285635,368841,386223,310617,347446,229248,292128,68763,125123,20107,18980,37891,46208,42105,63373,54553,89717,77625,96279,108640,120680,157441,201557,60200,109133,2289206,1001356,311903,155138,783269,122259,25812,309,211
2021-05-22T23:59:59+02:00,109,106,61689,61038,131271,138741,160245,181799,249919,283347,366360,383998,310085,346852,229071,291862,68736,125073,19788,18560,37280,45606,41464,62841,53897,88991,76854,95133,107090,118876,156668,200588,60173,109079,2271229,994651,311888,155134,783227,118827,24348,309,211
2021-05-21T23:59:59+02:00,105,102,60357,59595,128361,136144,156956,178477,244678,278581,360262,378309,309152,345757,228775,291465,68675,124965,19427,18193,36666,44836,40812,61788,52944,87596,75130,92829,103847,114924,155528,199137,60081,108904,2235142,981619,310247,154808,781649,112224,24064,306,209
2021-05-20T23:59:59+02:00,98,100,57305,56799,122618,131264,150019,172161,234356,269822,351226,370018,306611,343008,228008,290452,68543,124745,18129,17257,34485,42589,38357,58886,50126,83820,71195,88330,99721,110274,153067,196123,59899,108548,2177096,962312,303583,152857,775681,94537,21165,298,209
2021-05-19T23:59:59+02:00,97,98,55091,54606,117609,126582,142844,165542,223810,260461,340668,359106,303964,340135,227257,289398,68392,124468,17548,16469,33259,41000,36948,56824,48113,81038,67951,84749,95835,105792,149441,191394,59637,108057,2111132,938893,297326,150876,772689,85024,19334,297,195
2021-05-18T23:59:59+02:00,92,93,52992,52643,112820,122322,136461,159967,212235,250086,330784,349306,301291,337163,226371,288193,68240,124214,17029,15864,32046,39537,35592,55028,46303,78627,65061,81519,91829,101259,146247,187334,59424,107622,2051227,918652,287954,148018,769089,76367,17350,292,195
2021-05-17T23:59:59+02:00,89,90,51958,51650,110484,120264,133642,157310,205707,244065,323204,342219,299494,335189,225780,287369,68133,124001,16573,15415,30994,38491,34420,53738,44821,76825,62798,79123,86990,95391,144783,185447,59273,107307,2024403,906946,275643,140547,765658,69674,15286,290,192
2021-05-16T23:59:59+02:00,88,87,51170,50993,109040,118938,131901,155647,202735,241381,315769,335260,298474,334057,225470,286882,68081,123903,16289,15040,30244,37709,33547,52817,43752,75512,61465,77648,83571,91313,143991,184369,59186,107167,2009066,900859,265208,133766,762409,65527,13531,288,188
2021-05-15T23:59:59+02:00,88,87,50631,50359,108041,117950,130888,154535,200800,239446,312198,332050,297852,333371,225274,286611,68061,123839,16149,14876,29990,37402,33262,52386,43264,74865,60614,76666,82974,90496,143475,183701,59150,107120,1992868,895618,265189,133619,761538,64396,12821,286,187
2021-05-14T23:59:59+02:00,87,87,49370,48934,105784,115850,127297,151081,192591,232374,305880,326164,296872,332232,224989,286162,68014,123744,15651,14446,29204,36582,32492,51194,42185,73081,59049,74711,81070,88009,142861,182714,59110,107034,1955594,885965,263488,132746,756979,58970,11774,284,186
2021-05-13T23:59:59+02:00,83,86,47449,46987,101939,112619,122588,146966,182563,223790,295266,316341,293901,328806,224178,285020,67914,123537,14786,13999,28348,35885,31730,50292,41238,71986,57540,73144,77289,83656,140096,179104,59000,106818,1903971,873409,254874,125690,750741,55114,10757,280,183
2021-05-12T23:59:59+02:00,81,84,46535,46280,100020,111189,120525,145307,180015,221681,290531,311013,292736,327538,223938,284699,67876,123452,14621,13849,28028,35666,31328,50002,40792,71611,56999,72577,75945,82030,139317,177970,58914,106658,1880893,867668,252709,123897,750252,54843,9957,274,182
2021-05-11T23:59:59+02:00,77,78,44286,44804,95991,108111,114719,140578,166644,210407,278882,300253,289334,323627,222981,283294,67726,123152,14193,13281,27018,34238,30194,48194,39486,69332,55280,70310,72857,78442,137961,176136,58755,106299,1822026,855379,243005,121203,741736,46971,8479,270,179
2021-05-10T23:59:59+02:00,76,74,43034,43829,93389,106103,111459,137946,158256,203379,271003,293146,287155,321177,222407,282431,67602,122910,13851,12837,26255,33252,29398,46934,38489,67474,54051,68578,70769,75885,136814,174626,58635,106010,1786459,846508,236960,120150,734753,39759,7503,266,171
2021-05-09T23:59:59+02:00,75,74,41911,43058,90706,104347,108793,136177,153247,199959,265478,288198,285916,319792,222030,281902,67536,122764,13536,12619,25560,32582,28662,46130,37693,66512,53113,67630,69537,74483,136216,173791,58580,105879,1767133,841925,229857,119169,728756,34976,6513,262,169
2021-05-08T23:59:59+02:00,74,74,41620,42756,89861,103618,107699,135321,151799,198744,262918,286133,285415,319250,221911,281723,67520,122732,13434,12558,25432,32489,28517,46001,37504,66317,52773,67312,68570,73558,135147,172427,58533,105786,1755098,837312,229346,118422,728533,34198,6500,243,153
2021-05-07T23:59:59+02:00,72,73,40695,42039,87927,102280,104872,133110,147174,194936,256664,280624,284076,317650,221563,281265,67467,122609,12687,12075,24606,31751,27751,44938,36640,65054,51585,65798,66321,70873,132921,169606,58443,105608,1729313,827641,226136,116151,724406,27394,5545,240,150
2021-05-06T23:59:59+02:00,68,72,38049,40314,83173,98823,98877,128352,136983,186420,240205,266206,278948,311853,220278,279576,67292,122292,11999,11558,23664,30644,26753,43588,35282,63050,49847,63820,63831,67746,130808,166841,58328,105390,1663722,816543,216219,113037,713503,19012,4630,228,149
2021-05-05T23:59:59+02:00,66,69,36161,39116,79511,96236,94272,124704,129155,179886,225440,252156,272760,304706,218702,277582,67046,121769,11764,11283,23124,29918,26150,42665,34356,61650,48694,62408,61217,64636,127863,163141,58230,105139,1597475,804263,211141,109467,707451,15028,3555,228,145
2021-05-04T23:59:59+02:00,66,67,35057,38008,76787,93914,90766,121661,123589,175150,214813,241874,267266,298257,217259,275736,66837,121300,11602,11079,22718,29377,25692,41889,33636,60560,47582,61132,58498,61455,125496,160208,58080,104903,1548397,792376,206021,106829,701369,11877,2901,226,143
2021-05-03T23:59:59+02:00,65,65,34187,36953,74495,92095,87889,119307,119147,171502,208148,235865,263983,294383,216456,274644,66716,121004,11355,10806,22324,28798,25208,41188,32949,59593,46559,59990,55713,58115,121720,155310,57823,104466,1516598,776524,202909,105114,696429,9115,1241,224,140
2021-05-02T23:59:59+02:00,65,65,33835,36634,73319,91192,86418,118213,116719,169635,205046,233351,263022,293292,216167,274229,66647,120895,11283,10734,22134,28585,24978,40901,32607,59187,46105,59514,54521,56652,118654,151624,57739,104335,1505978,771501,200110,99550,692553,8211,371,223,136
2021-05-01T23:59:59+02:00,64,65,33518,36260,72557,90398,85344,117172,115248,168271,201960,230319,262332,292468,215957,273949,66636,120856,11269,10718,22081,28555,24918,40863,32545,59130,46021,59438,54279,56360,118495,151428,57730,104318,1490881,770191,200103,99510,692288,8162,365,222,136
2021-04-30T23:59:59+02:00,61,63,32974,35660,71347,89175,83883,115440,111468,164702,194560,223197,260338,290100,215509,273341,66576,120750,10947,10523,21719,28276,24641,40438,32220,58566,45558,58803,53381,55195,117543,150241,57675,104198,1457973,766510,199777,97518,691488,5814,166,219,132
2021-04-29T23:59:59+02:00,59,61,31474,34712,68422,87146,80245,112837,106352,160589,181739,211648,252402,280994,214311,271708,66441,120404,10641,10309,21242,27828,24210,39938,31633,57823,44749,57869,51545,53001,115695,148004,57575,104003,1403050,757673,192498,94835,686113,3495,145,210,130
2021-04-28T23:59:59+02:00,58,59,30237,34100,66552,85835,77763,111015,102922,157734,172049,202478,241542,268391,213031,270022,66244,120077,10456,10150,20943,27475,23846,39468,31209,57166,44022,57042,49419,50383,113113,144768,57452,103790,1350392,748120,189131,90282,680735,2269,115,203,126
2021-04-27T23:59:59+02:00,55,58,29478,33416,64976,84371,75752,109206,100163,155334,167324,197751,233039,258579,211881,268406,66124,119854,10331,10039,20662,27186,23610,39134,30848,56670,43338,56350,47414,47837,110474,141336,57335,103590,1316355,738312,186823,86270,672737,1547,114,197,121
2021-04-26T23:59:59+02:00,54,58,29049,33031,63874,83488,74251,108040,97878,153621,158701,189733,228850,253735,211171,267409,66031,119654,10236,9950,20447,26999,23374,38916,30552,56331,42718,55771,45607,45686,108579,138851,57239,103436,1287392,730339,185378,83166,666007,1166,110,193,119
2021-04-25T23:59:59+02:00,54,57,28797,32791,63099,82965,73188,107304,96149,152392,153313,184859,224512,248849,210581,266629,65964,119531,10181,9916,20369,26923,23288,38834,30441,56205,42558,55612,45195,45191,107898,137944,57211,103365,1274625,728678,179233,81403,657324,1035,107,192,116
2021-04-24T23:59:59+02:00,54,56,28455,32365,62160,81742,72002,105858,94601,150734,148408,179713,221724,245516,210111,265955,65930,119481,10166,9898,20328,26881,23235,38768,30360,56119,42409,55475,44950,44882,107648,137650,57190,103337,1249763,727591,179204,80702,656042,991,106,192,113
2021-04-23T23:59:59+02:00,52,56,27709,31740,60590,80233,70211,103839,92004,148090,143627,175317,217171,239970,209455,264966,65867,119366,10113,9835,20219,26795,23104,38618,30125,55910,42045,55142,44332,44125,106586,136364,57034,103062,1224886,724240,178023,78223,647493,939,105,189,108
2021-04-22T23:59:59+02:00,50,55,27094,31140,59053,78796,67745,101622,87880,144598,135585,167827,208130,228961,207412,262333,65668,118967,9988,9739,19969,26496,22749,38184,29609,55396,41288,54502,43163,42801,104594,133915,56805,102664,1183335,716761,170572,74280,639148,815,105,184,106
2021-04-21T23:59:59+02:00,50,53,26601,30618,57726,77692,65861,99989,84838,141958,128395,161007,195050,213613,205261,259444,65442,118540,9857,9653,19738,26247,22462,37859,29256,54946,40735,53971,42315,41782,102406,131131,56550,102253,1131826,710215,167687,70198,632766,743,105,177,105
2021-04-20T23:59:59+02:00,49,52,26176,30147,56566,76548,64186,98408,82290,139382,123310,155938,183572,200152,202831,256304,65203,118109,9754,9562,19519,26059,22169,37590,28845,54534,40195,53438,41499,40849,100188,128142,56211,101716,1089170,702666,164203,66946,625991,663,103,175,97
2021-04-19T23:59:59+02:00,49,51,25809,29790,55594,75726,62899,97229,80163,137454,119787,152551,177817,193306,201122,254064,65017,117775,9644,9469,19287,25839,21924,37316,28529,54142,39682,52909,40702,39938,97088,124176,55806,101003,1064593,692315,162371,64521,619383,624,102,169,97
2021-04-18T23:59:59+02:00,48,46,25501,29530,54824,75181,61774,96280,78305,136024,116422,150155,172707,187748,200111,252832,64905,117581,9570,9394,19098,25665,21747,37148,28311,53862,39422,52656,40372,39548,95872,122629,55623,100703,1050590,688431,160701,62586,608821,609,102,167,96
2021-04-17T23:59:59+02:00,47,45,25392,29438,54452,74985,61258,95926,77651,135424,115576,149413,168453,182859,199576,252106,64871,117516,9525,9335,18960,25478,21558,36918,28084,53586,39157,52387,40071,39226,95108,121701,55558,100619,1039701,684409,160673,62271,604751,597,102,167,96
2021-04-16T23:59:59+02:00,47,45,25018,29190,53462,74375,59970,95046,76025,134092,111425,145267,160805,174079,197919,249900,64762,117307,9317,9160,18565,25047,20977,36342,26971,52681,37130,50782,36748,36287,91913,118172,55155,99964,1013768,669310,159881,55345,595220,562,102,166,94
2021-04-15T23:59:59+02:00,43,41,24541,28737,52206,73206,58005,93316,72751,131246,105953,139976,152930,165092,193261,244024,64464,116687,9143,8997,18196,24622,20484,35681,26291,51886,35736,49550,34632,34240,88796,114434,54647,99106,981519,656191,157824,49748,577269,510,101,164,92
2021-04-14T23:59:59+02:00,41,37,24200,28412,51269,72265,56664,91923,70362,129083,101956,136205,143724,154700,185519,234133,64121,116019,8736,8724,17722,24114,19947,35036,25376,51007,34445,48427,32584,32080,85813,110787,54156,98245,943628,641285,155149,45513,561990,411,100,159,91
2021-04-13T23:59:59+02:00,41,37,23963,28195,50569,71727,55720,91094,68727,127670,98224,132766,131881,141567,179121,225796,63783,115430,8501,8552,17376,23708,19526,34495,24709,50212,33377,47410,31199,30715,83656,108404,53799,97701,910337,631947,150628,41116,545480,288,100,157,89
2021-04-12T23:59:59+02:00,40,36,23754,28006,50013,71213,54853,90361,67258,126380,95591,130438,124760,133523,175890,221841,63511,114939,8264,8365,17012,23410,19155,34059,24236,49675,32709,46784,29668,29173,81993,106461,53473,97180,893904,623497,149083,37857,529555,274,98,154,87
2021-04-11T23:59:59+02:00,39,36,23580,27844,49487,70789,54121,89904,66111,125575,93729,128957,119266,127505,171969,217232,63341,114641,8130,8230,16715,23130,18837,33749,23877,49294,32260,46396,29030,28504,80972,105212,53264,96860,886420,618193,144668,36028,513177,256,93,152,84
2021-04-10T23:59:59+02:00,39,36,23519,27786,49320,70652,53921,89745,65781,125305,93203,128520,117181,124976,170528,215381,63299,114541,7541,7624,15824,22341,17873,32904,22753,48256,31149,45398,28366,27790,78877,102605,52997,96424,879419,602842,143811,35646,510645,251,88,152,84
2021-04-09T23:59:59+02:00,38,36,23271,27536,48818,70161,53280,89060,64782,124181,91375,126608,108339,114021,167139,210971,63100,114183,6581,6723,14292,21012,16140,31335,20606,46285,28931,43382,26579,25964,75371,98426,52451,95584,859981,575310,136744,34132,500322,239,80,145,78
2021-04-08T23:59:59+02:00,38,36,22974,27290,48238,69670,52522,88355,63471,123094,88949,124438,98016,102011,161580,204098,62759,113600,5935,6130,13103,19992,14878,29992,18965,44560,26423,41038,23545,22982,70711,92644,51307,93834,841234,543665,127825,32188,482238,209,70,143,78
2021-04-07T23:59:59+02:00,36,35,22661,27065,47434,69213,51595,87741,62080,122109,85803,121990,88821,91698,154567,195302,62465,113038,5555,5805,12440,19318,14059,29163,17919,43508,24508,39138,21005,20454,66750,87873,50311,92218,820804,520167,122224,29704,460789,179,63,139,76
2021-04-06T23:59:59+02:00,35,35,22448,26904,46904,68832,51004,87217,61047,121333,83689,120242,81054,82883,148202,187334,62122,112409,5361,5646,12088,18961,13706,28730,17383,42943,23642,38327,19877,19422,63587,83774,49387,90835,801520,506781,119007,26755,443334,167,58,135,73
2021-04-05T23:59:59+02:00,35,34,22349,26779,46593,68486,50617,86815,60500,120641,82503,119087,76571,77783,143188,181224,61921,112093,5222,5507,11825,18709,13412,28418,17060,42570,23197,37866,19413,18951,60700,80217,48688,89768,792068,497435,117252,23961,428066,162,55,133,73
2021-04-04T23:59:59+02:00,35,34,22301,26720,46472,68218,50447,86500,60218,120138,81993,118455,75125,76075,142482,180250,61884,112011,5218,5500,11807,18696,13400,28402,17041,42553,23099,37794,19006,18628,59262,78369,48481,89457,789525,492639,117144,23959,422863,155,51,130,71
2021-04-03T23:59:59+02:00,35,34,22239,26639,46349,68109,50283,86325,59902,119825,81424,117874,73779,74439,141364,178713,61801,111862,5209,5491,11794,18678,13377,28382,17007,42506,22993,37720,18869,18477,58911,77807,48392,89310,783153,490850,117102,23959,420915,155,50,129,71
2021-04-02T23:59:59+02:00,35,34,22161,26556,46189,67943,50064,86076,59432,119374,80545,117059,72223,72552,139082,175726,61604,111502,5190,5453,11746,18635,13321,28299,16918,42357,22718,37242,18510,18112,56565,74915,47576,88204,774023,482348,115327,23303,418985,155,46,126,69
2021-04-01T23:59:59+02:00,32,32,21966,26352,45771,67421,49416,85332,58555,118431,78654,115382,68949,69115,134983,170529,61278,110919,5043,5309,11474,18370,13098,28063,16595,42048,22213,36798,17690,17367,51711,68874,45896,85745,762309,464269,109216,21932,411773,142,41,123,68
2021-03-31T23:59:59+02:00,32,32,21639,26134,45369,66896,48917,84681,57820,117491,77492,114138,66899,66793,130216,164406,60873,110188,4965,5258,11375,18248,12937,27912,16354,41777,21618,36286,16558,16462,46487,62445,44513,83759,752513,445890,102044,20985,405647,138,36,120,62
2021-03-30T23:59:59+02:00,32,31,21461,25911,44967,66277,48410,83882,57108,116438,76352,112758,65054,64765,125827,158648,60404,109287,4898,5173,11271,18122,12745,27722,16026,41452,21041,35736,15725,15659,43721,59028,43395,81957,742302,434003,97809,19620,397696,109,32,115,61
2021-03-29T23:59:59+02:00,31,31,21263,25673,44506,65727,47933,83189,56371,115358,75120,111323,62563,62010,119071,149997,59632,107891,4801,5100,11166,18008,12591,27556,15779,41129,20584,35267,15073,15118,41133,56042,42287,80135,721728,422797,94377,18941,391780,94,30,114,60
2021-03-28T23:59:59+02:00,31,31,21056,25381,44006,65040,47416,82447,55690,114350,74177,110215,61300,60573,114359,144011,59188,107133,4746,5041,11021,17861,12332,27256,15587,40882,20416,35034,14833,14874,40051,54620,41939,79596,715180,418472,87054,17611,384366,72,30,113,57
2021-03-27T23:59:59+01:00,31,31,20936,25224,43714,64674,47048,81918,55189,113660,73502,109476,60139,59486,112872,142295,59121,107051,4733,5029,10994,17842,12314,27226,15226,40453,20016,34598,14540,14662,39564,53931,41464,78778,709885,414413,86351,16956,380324,67,30,113,57
2021-03-26T23:59:59+01:00,31,30,20683,24710,42908,62965,46076,79891,53847,110627,71482,105848,58116,57594,110114,139047,58792,106532,4714,4996,10970,17790,12244,27134,15148,40343,19675,34002,14069,14010,36490,50089,39406,75531,698449,399886,83029,16737,368007,54,27,112,57
2021-03-25T23:59:59+01:00,31,28,20251,24037,42034,61197,44978,77336,52332,107093,69086,102074,55517,54954,106801,135072,58221,105537,4668,4940,10879,17687,12122,26988,14964,40122,19398,33695,13592,13519,32633,45034,36408,70992,687004,381519,78831,16138,350938,49,24,110,57
2021-03-24T23:59:59+01:00,31,28,19847,23589,41249,59926,43960,75796,50952,105162,66983,99739,52723,52033,102541,129965,57581,104459,4613,4874,10786,17544,11954,26785,14732,39838,19030,33276,13133,13065,30060,41821,33290,66154,674175,365947,73942,15037,338646,42,19,108,56
2021-03-23T23:59:59+01:00,31,28,19599,23287,40690,59011,43233,74700,49915,103646,65312,97876,50421,49677,99780,126750,57019,103616,4553,4803,10687,17418,11807,26601,14486,39525,18611,32888,12630,12559,27621,38723,29617,60256,666026,348366,70585,14448,328182,41,18,104,56
2021-03-22T23:59:59+01:00,31,28,19375,22872,40050,58128,42568,73659,48968,102257,63835,96237,48580,47782,97380,123993,56545,102840,4494,4756,10599,17302,11676,26422,14327,39283,18369,32586,12316,12184,25783,36369,25654,53873,659701,332127,67773,13894,317857,38,18,100,55
2021-03-21T23:59:59+01:00,31,28,19236,22613,39556,57375,42019,72813,48313,101100,62889,95001,47528,46753,95728,122139,56174,102261,4478,4747,10563,17254,11629,26336,14267,39193,18287,32487,12195,12052,25353,35919,25301,53313,657121,329928,65738,13478,308899,37,16,98,53
2021-03-20T23:59:59+01:00,30,28,19176,22468,39345,56880,41778,72252,48002,100463,62449,94397,46872,45987,93125,118908,55886,101774,4469,4739,10554,17242,11601,26319,14224,39156,18205,32412,12036,11891,24711,35144,24539,52225,650647,326210,65289,13289,304083,37,16,98,53
2021-03-19T23:59:59+01:00,29,27,18822,21902,38210,54751,40496,70253,46261,98371,59560,91633,42410,42106,87899,113135,55184,100693,4448,4725,10521,17191,11536,26207,14131,38984,17969,32113,11682,11608,23040,33083,22853,49664,632841,316865,58066,12927,291036,31,16,91,53
2021-03-18T23:59:59+01:00,29,26,18426,21251,37029,52593,38953,67458,44099,93892,55705,85830,38364,38293,83158,107645,54095,99032,4428,4697,10456,17088,11458,26052,13980,38795,17752,31909,11447,11424,21792,31569,21140,47065,615860,308776,52313,12314,267899,28,16,91,52
2021-03-17T23:59:59+01:00,29,25,18003,20897,36304,51672,38184,66501,43016,92534,53910,83993,35679,35496,79122,102802,53149,97551,4405,4671,10393,16992,11384,25918,13867,38606,17552,31715,11209,11199,20549,30154,19550,44665,599119,301262,47898,11605,262038,25,16,90,52
2021-03-16T23:59:59+01:00,28,25,17645,20478,35557,50602,37367,65300,41913,90852,52058,81999,33462,33471,75076,97844,52264,96234,4355,4621,10320,16864,11293,25764,13768,38369,17418,31469,11038,11018,19265,28632,18066,42338,585805,293466,43198,11171,253359,25,12,88,52
2021-03-15T23:59:59+01:00,28,25,17365,20113,34842,49619,36574,64108,41007,89368,50794,80397,31731,31627,71782,93745,51567,95098,4333,4586,10253,16741,11226,25563,13652,38081,17269,31196,10870,10858,18530,27666,16806,40475,574650,287633,39866,10521,245466,25,1,86,52
2021-03-14T23:59:59+01:00,28,24,17095,19685,33985,48404,35670,62784,39945,87538,49530,78664,30560,30389,69781,91180,51122,94421,4309,4567,10208,16664,11169,25420,13592,37859,17178,31032,10798,10770,18350,27385,16544,39913,567522,286430,37981,9387,235494,16,0,82,52
2021-03-13T23:59:59+01:00,28,24,16280,18620,32483,46366,34092,60643,37899,84453,47393,76105,29202,29034,67761,88550,50853,94028,4309,4567,10206,16658,11166,25413,13583,37852,17172,31023,10761,10738,17601,26494,15484,38443,551132,282141,37695,9386,225163,16,0,82,52
2021-03-12T23:59:59+01:00,27,24,15176,17241,30034,43709,31412,57487,35028,79579,44167,71623,26353,25834,63436,83232,49867,92619,4296,4534,10187,16596,11148,25362,13536,37734,17078,30892,10484,10511,16713,25245,14410,36918,522966,276326,36382,9375,207665,13,0,80,51
2021-03-11T23:59:59+01:00,26,24,14131,15772,27779,41010,29087,54287,32433,75178,40400,66709,22934,22342,57402,75888,47927,89771,4255,4494,10107,16477,11037,25137,13418,37423,16912,30588,10176,10297,16077,24400,13739,35643,490765,272314,34787,7931,187695,10,0,78,46
2021-03-10T23:59:59+01:00,26,24,13535,15070,26366,39389,27428,52462,30861,72858,37867,63575,20172,19780,51473,68727,46371,87431,4221,4450,10007,16310,10918,24888,13270,37003,16713,30214,9938,10113,15332,23627,13080,34616,464264,267578,32732,7185,176567,9,0,73,46
2021-03-09T23:59:59+01:00,25,23,13252,14602,25240,38345,26007,51273,29791,71197,36487,61738,18982,18651,47949,64272,45242,85634,4197,4424,9922,16143,10813,24628,13117,36682,16536,29975,9813,10011,14666,22789,12584,33840,450605,263852,30196,6352,168044,9,0,73,44
2021-03-08T23:59:59+01:00,24,23,12921,13993,24158,37231,24731,50133,28850,69711,35248,60113,17897,17766,43811,59272,44011,83641,4182,4388,9861,15944,10711,24367,12984,36323,16407,29710,9729,9927,14171,22184,12268,33401,435083,260668,28183,5959,160400,3,0,72,43
2021-03-07T23:59:59+01:00,24,23,12688,13700,23564,36381,24030,49255,28248,68840,34637,59353,17634,17515,42739,57817,43643,83077,4170,4375,9839,15902,10684,24294,12951,36153,16350,29596,9707,9897,13973,21929,12131,33199,430306,259605,26367,5619,156624,0,0,71,41
2021-03-06T23:59:59+01:00,24,22,12575,13408,23162,35647,23499,48467,27195,67309,33537,57589,17245,17185,42092,56925,43341,82608,4167,4361,9828,15876,10666,24260,12941,36111,16332,29565,9689,9856,13926,21891,12028,32988,426232,259225,26303,5335,149421,0,0,71,40
2021-03-05T23:59:59+01:00,24,22,12162,12805,22479,34441,22813,47234,26439,65676,32298,55164,16593,16348,38623,52610,41179,79161,4140,4314,9758,15776,10614,24110,12872,35915,16245,29358,9593,9786,13740,21675,11656,32376,411018,257520,24834,4484,140338,0,0,71,38
2021-03-04T23:59:59+01:00,22,22,11402,11794,21290,32711,21591,45178,25078,63021,30591,52799,15858,15627,34607,47439,38091,74467,4090,4223,9645,15482,10509,23753,12739,35381,16101,28956,9414,9632,13581,21464,11571,32231,392528,254458,22739,4391,126437,0,0,71,34
2021-03-03T23:59:59+01:00,19,22,11092,11296,20599,31488,20815,43812,24163,61267,29540,51150,15369,15121,31988,44110,35002,69690,4050,4160,9564,15311,10430,23501,12633,34958,15923,28610,9226,9505,13455,21249,11425,31960,377021,251816,21943,4222,117696,0,0,66,32
2021-03-02T23:59:59+01:00,19,22,10830,10868,19952,30517,20096,42788,23376,59876,28561,49866,14736,14473,29300,40733,31108,63463,4002,4088,9502,15145,10361,23236,12529,34525,15822,28303,9100,9401,13317,21060,11348,31815,358776,249409,20424,4221,111495,0,0,65,32
2021-03-01T23:59:59+01:00,15,21,10656,10606,19439,29711,19529,41900,22783,58803,27841,48739,14310,14018,27220,38141,26846,56570,3986,4038,9447,14990,10298,22937,12448,34149,15714,27980,9015,9339,13134,20790,11232,31632,341496,246983,19309,4221,106450,0,0,65,32
2021-02-28T23:59:59+01:00,14,21,10488,10403,18968,29061,18994,41158,22302,57947,27351,47942,14102,13776,26606,37480,26440,55967,3970,4024,9422,14956,10279,22886,12431,34079,15686,27934,8988,9315,13002,20610,11169,31482,339030,246125,18443,4184,101652,0,0,65,31
2021-02-27T23:59:59+01:00,14,20,10309,9888,18639,28191,18735,40365,22016,56961,27019,47144,13824,13474,25935,36673,25517,54547,3958,4012,9400,14935,10247,22838,12392,33997,15641,27860,8966,9300,12983,20588,11147,31462,335107,245767,17719,4035,96548,0,0,65,31
2021-02-26T23:59:59+01:00,13,19,9511,9099,17733,26744,17947,38149,21083,54101,25557,44315,13354,13072,24342,34681,23988,52239,3877,3944,9322,14774,10173,22583,12311,33630,15524,27565,8886,9219,12916,20520,11106,31393,325960,243859,17465,3961,82619,0,0,65,29
2021-02-25T23:59:59+01:00,13,19,8351,8245,16406,25131,16676,35879,19836,51202,23839,41519,12873,12666,23058,33086,22487,49952,3754,3799,9160,14459,9951,21978,12056,32774,15196,26910,8688,9066,12652,20194,10965,31123,318307,239706,16676,3098,66346,0,0,64,27
2021-02-24T23:59:59+01:00,12,18,7985,7721,15747,24091,16045,34640,19121,49683,23038,40313,12472,12329,21745,31580,20805,47324,3682,3732,9019,14167,9773,21523,11853,32147,14933,26371,8546,8929,12509,20021,10900,30912,310027,236928,15697,2165,59033,0,0,64,27
2021-02-23T23:59:59+01:00,12,18,7501,7241,14927,22913,15356,33414,18399,48271,22315,39240,12162,12000,20395,29999,19186,44758,3641,3656,8899,13964,9635,21124,11663,31566,14633,25869,8375,8787,12380,19810,10830,30680,301876,234087,14883,1501,51433,0,0,63,26
2021-02-22T23:59:59+01:00,11,16,7393,7034,14542,22293,15004,32686,17932,47260,21820,38505,11960,11748,19640,28985,17866,42801,3611,3553,8762,13671,9471,20622,11408,30821,14256,25272,8127,8593,12179,19558,10724,30377,295980,230767,14270,313,47331,0,0,61,26
2021-02-21T23:59:59+01:00,11,16,7303,6909,14218,21847,14582,32101,17514,46606,21379,38008,11853,11646,19477,28772,17619,42466,3572,3513,8678,13548,9394,20406,11336,30529,14131,25001,8064,8531,12123,19449,10653,30214,294829,228916,13898,299,43683,0,0,59,26
2021-02-20T23:59:59+01:00,11,16,7186,6859,14092,21767,14466,31965,17395,46455,21221,37827,11754,11561,18692,27849,16547,40977,3569,3507,8668,13540,9383,20385,11321,30504,14118,24990,8059,8522,12058,19385,10598,30145,290530,228528,13700,298,42490,0,0,59,25
2021-02-19T23:59:59+01:00,8,15,6881,6607,13737,21326,14094,31294,16918,45657,20513,36954,11150,11159,17642,26512,15386,39363,3489,3484,8592,13512,9340,20328,11283,30411,14059,24895,8016,8461,11836,19114,10405,29814,284118,226818,13324,296,37852,0,0,56,24
2021-02-18T23:59:59+01:00,8,15,6482,6131,13110,20180,13450,29915,16101,43783,19636,35374,10918,10940,17045,25753,14807,38476,3303,3347,8257,12970,9046,19577,10931,29364,13690,24065,7811,8152,11247,18160,9907,28660,280517,218266,12742,296,28940,0,0,56,23
2021-02-17T23:59:59+01:00,8,14,6316,5787,12663,19299,12955,28724,15399,42058,18988,34044,10688,10687,16286,24938,14029,37285,3054,3187,7917,12454,8744,18785,10561,28319,13295,23214,7576,7916,10688,17305,9467,27841,275833,210100,12010,294,22394,0,0,56,23
2021-02-16T23:59:59+01:00,8,14,5990,5486,12122,18464,12448,27646,14853,40675,18393,33004,10533,10583,15613,24104,13519,36495,2871,3067,7614,11999,8438,18061,10164,27227,12829,22314,7306,7621,9967,16129,8740,26288,272286,200566,11511,138,16222,0,0,54,23
2021-02-15T23:59:59+01:00,8,14,5884,5305,11825,17820,12179,26863,14505,39680,18041,32232,10405,10470,15048,23445,13156,35954,2781,2986,7421,11675,8219,17554,9862,26380,12478,21630,7024,7335,9264,15070,8225,25006,269166,192888,10905,92,12834,0,0,52,22
2021-02-14T23:59:59+01:00,8,14,5614,5190,11574,17549,11954,26427,14270,39232,17848,31955,10360,10418,14812,23105,12989,35560,2731,2948,7307,11509,8090,17348,9686,26048,12299,21328,6928,7211,9042,14686,8037,24470,268158,189647,9967,90,10827,0,0,49,22
2021-02-13T23:59:59+01:00,8,14,5554,5152,11524,17512,11923,26395,14242,39200,17828,31936,10344,10390,14785,23072,12975,35542,2727,2945,7302,11502,8078,17326,9670,26011,12272,21285,6898,7177,8887,14472,7684,23842,267912,188136,9962,11,10596,0,0,48,21
2021-02-12T23:59:59+01:00,8,13,5035,4834,10952,17148,11605,25840,13922,38551,17494,31290,10230,10282,14601,22856,12894,35432,2677,2912,7208,11344,7977,17095,9520,25618,12055,20838,6716,6944,8525,13909,7090,22500,266204,182988,9951,9,6905,0,0,47,21
2021-02-11T23:59:59+01:00,8,12,4571,4533,10362,16467,11191,25033,13441,37286,17000,30427,9911,10017,14318,22405,12611,34742,2506,2637,6608,10148,7288,15356,8653,22997,11002,18752,6059,6226,7475,12286,6271,20165,262958,164491,8302,6,3149,0,0,43,16
2021-02-10T23:59:59+01:00,8,12,4323,4365,10026,16012,10881,24489,13129,36400,16584,29675,9695,9879,14135,22200,12519,34533,2144,2344,5670,8684,6480,13310,7661,20079,9874,16713,5505,5639,6487,10618,5493,18100,260298,144865,7801,5,839,0,0,41,4
2021-02-09T23:59:59+01:00,8,11,4259,4266,9902,15744,10771,24086,12955,35778,16370,29201,9513,9737,13940,21985,12377,34302,1745,1989,4888,7412,5706,11510,6738,17549,8783,14708,4926,5007,5436,9061,4761,15998,257824,126279,7022,1,432,0,0,40,4
2021-02-08T23:59:59+01:00,8,11,4224,4211,9808,15531,10662,23725,12836,35315,16226,28841,9420,9669,13736,21699,12268,34104,1579,1793,4329,6414,5044,9927,5913,15013,7754,12847,4364,4472,4445,7454,3990,13905,255432,109300,6506,1,426,0,0,40,4
2021-02-07T23:59:59+01:00,8,11,4059,4144,9651,15393,10560,23560,12755,35051,16114,28645,9378,9624,13589,21515,12193,33959,1364,1546,3908,5741,4628,9047,5486,13852,7267,11885,4108,4210,4216,7057,3829,13308,254321,101507,5959,1,0,0,0,37,3
2021-02-06T23:59:59+01:00,8,11,4050,4135,9640,15377,10546,23524,12733,35001,16097,28588,9358,9610,13571,21480,12086,33761,1212,1350,3674,5434,4442,8621,5265,13262,6985,11327,3970,4073,4087,6907,3549,12848,253974,97059,5673,1,0,0,0,37,2
2021-02-05T23:59:59+01:00,8,9,3977,4067,9568,15233,10479,23272,12647,34631,15981,28301,9273,9535,13497,21404,11735,33164,1071,1120,3393,4989,4181,8041,4948,12478,6597,10597,3708,3825,3924,6675,3043,11956,252071,90596,4779,0,0,0,0,37,2
2021-02-04T23:59:59+01:00,8,9,3919,3942,9447,14914,10302,22723,12456,33831,15761,27735,9147,9422,13270,21106,11618,32957,806,787,2567,3736,3246,6295,3993,9929,5271,8372,3026,3113,3304,5696,2655,10464,248085,73296,4554,0,0,0,0,33,2
2021-02-03T23:59:59+01:00,8,9,3850,3870,9344,14689,10195,22384,12324,33317,15611,27311,9034,9307,13127,20929,11541,32787,670,619,1938,2820,2512,4861,3018,7630,4036,6311,2208,2242,2415,4221,1926,7843,245331,55300,4378,0,0,0,0,33,2
2021-02-02T23:59:59+01:00,8,9,3782,3774,9244,14495,10095,22003,12181,32749,15406,26857,8903,9191,13003,20715,11457,32519,531,491,1466,2083,1923,3657,2269,5803,3010,4716,1565,1544,1650,2784,1340,5219,242085,40072,4376,0,0,0,0,33,2
2021-02-01T23:59:59+01:00,7,9,3741,3682,9165,14265,9988,21618,12041,32110,15218,26349,8781,9043,12893,20571,11406,32340,395,356,1022,1439,1272,2436,1481,3804,1871,2993,992,988,976,1697,770,3027,238923,25529,4376,0,0,0,0,31,2
2021-01-31T23:59:59+01:00,7,9,3723,3647,9111,14156,9918,21413,11974,31813,15113,26150,8723,8984,12842,20459,11361,32211,365,335,900,1247,1078,2059,1280,3251,1637,2620,891,894,871,1513,699,2720,237424,22368,4261,0,0,0,0,30,2
2021-01-30T23:59:59+01:00,7,9,3722,3644,9101,14142,9904,21390,11961,31793,15101,26136,8719,8979,12773,20390,11293,32133,349,311,840,1163,1021,1935,1216,3061,1562,2483,863,868,852,1473,684,2667,237100,21355,4168,0,0,0,0,30,2
2021-01-29T23:59:59+01:00,7,9,3662,3628,9040,14111,9875,21336,11928,31714,15053,26067,8694,8955,12585,20165,11113,31889,281,227,718,988,877,1572,1058,2667,1349,2156,772,775,802,1418,666,2614,235867,18945,4038,0,0,0,0,27,2
2021-01-28T23:59:59+01:00,7,9,3543,3542,8834,13721,9655,20822,11695,31133,14724,25566,8556,8853,12147,19541,10755,31307,133,58,295,361,383,614,465,1155,613,968,408,430,471,815,382,1582,231059,9136,3427,0,0,0,0,25,1
2021-01-27T23:59:59+01:00,7,9,3312,3407,8540,13303,9353,20198,11309,30298,14326,24827,8335,8640,11593,18734,10326,30538,81,34,204,222,249,415,309,807,434,666,310,313,350,608,287,1160,224311,6451,2814,0,0,0,0,25,1
2021-01-26T23:59:59+01:00,6,9,3146,3309,8258,12960,9089,19628,11001,29538,13921,24189,8093,8415,11002,17810,9674,29381,76,30,189,212,233,381,293,755,403,602,295,287,323,545,260,1030,217532,5916,1967,0,0,0,0,24,1
2021-01-25T23:59:59+01:00,6,9,3057,3215,7975,12477,8798,18922,10614,28530,13435,23422,7801,8212,10372,16991,9214,28477,68,22,169,191,199,325,254,635,351,497,258,242,269,467,211,842,211184,5002,413,0,0,0,0,22,1
2021-01-24T23:59:59+01:00,6,9,3013,3194,7890,12399,8724,18797,10505,28370,13306,23239,7757,8175,10307,16879,9166,28381,67,21,165,187,197,311,251,614,342,483,249,238,267,460,207,827,209876,4888,310,0,0,0,0,22,1
2021-01-23T23:59:59+01:00,6,9,3012,3193,7889,12396,8720,18787,10503,28356,13300,23234,7750,8172,10183,16712,8837,27793,66,21,165,187,196,310,249,614,340,483,249,238,267,460,207,825,208614,4879,308,0,0,0,0,21,1
2021-01-22T23:59:59+01:00,6,9,2950,3147,7765,12283,8637,18645,10392,28183,13218,23119,7719,8137,9985,16408,8316,26767,65,21,164,187,196,310,249,614,339,483,249,238,267,460,207,825,205452,4876,307,0,0,0,0,18,1
2021-01-21T23:59:59+01:00,6,9,2868,2977,7266,11367,8150,17496,9851,26553,12609,21901,7430,7810,9343,15454,7791,25698,59,19,147,173,178,279,221,535,302,443,223,210,235,380,177,691,194343,4274,307,0,0,0,0,16,1
2021-01-20T23:59:59+01:00,6,9,2505,2630,6382,9955,7402,15534,8894,23711,11495,19822,6822,7154,8243,13679,6967,23458,57,19,146,168,175,277,213,521,290,421,211,203,229,355,163,653,174425,4103,304,0,0,0,0,16,1
2021-01-19T23:59:59+01:00,6,9,2064,2274,5480,8565,6539,13632,7870,20917,10210,17579,6058,6270,6852,11478,5938,20394,41,11,97,124,119,172,150,358,191,293,134,115,141,237,114,486,151966,2783,221,0,0,0,0,16,1
2021-01-18T23:59:59+01:00,5,9,1790,1983,4720,7179,5580,11384,6661,17309,8774,14858,5163,5381,5449,9212,4857,16898,22,6,38,46,52,80,66,164,77,146,60,54,66,131,62,220,127163,1290,97,0,0,0,0,16,1
2021-01-17T23:59:59+01:00,4,9,1511,1691,4206,6382,5065,10248,6118,15731,8131,13585,4819,5026,5073,8534,4526,15888,8,2,8,15,15,29,20,51,30,56,23,23,20,31,13,47,116498,390,91,0,0,0,0,15,1
2021-01-16T23:59:59+01:00,4,8,1344,1488,3988,6058,4884,9807,5855,15059,7799,12887,4625,4793,4856,8255,4167,15282,0,0,0,1,1,3,1,1,2,2,0,1,1,0,0,1,111191,13,8,0,0,0,0,14,1
2021-01-15T23:59:59+01:00,4,8,1193,1262,3734,5635,4628,9240,5564,14215,7387,12087,4330,4497,4669,7947,3630,14234,0,0,0,0,0,0,0,0,1,0,0,0,0,0,0,0,104297,0,4,0,0,0,0,14,1
2021-01-14T23:59:59+01:00,3,5,918,949,2984,4445,3761,7411,4612,11450,5977,9724,3515,3615,3917,6703,3141,12403,0,0,0,0,0,0,0,0,1,0,0,0,0,0,0,0,85559,0,0,0,0,0,0,14,1
2021-01-13T23:59:59+01:00,3,4,779,795,2510,3713,3175,6180,3836,9496,4872,7828,2630,2697,2961,5110,2406,9494,0,0,0,0,0,0,0,0,1,0,0,0,0,0,0,0,68510,0,0,0,0,0,0,13,1
2021-01-12T23:59:59+01:00,2,4,647,664,2102,3044,2616,5025,3072,7644,3843,6148,1894,1873,2032,3469,1706,6490,0,0,0,0,0,0,0,0,1,0,0,0,0,0,0,0,52302,0,0,0,0,0,0,1,1
2021-01-11T23:59:59+01:00,1,1,499,527,1751,2465,2102,4014,2376,5806,2855,4463,1220,1163,1217,2036,941,3699,0,0,0,0,0,0,0,0,1,0,0,0,0,0,0,0,37158,0,0,0,0,0,0,1,1
2021-01-10T23:59:59+01:00,1,1,441,457,1489,2038,1758,3287,1965,4817,2372,3733,1074,1033,1071,1787,840,3242,0,0,0,0,0,0,0,0,1,0,0,0,0,0,0,0,31419,0,0,0,0,0,0,1,1
2021-01-09T23:59:59+01:00,1,1,410,412,1364,1860,1612,2995,1811,4367,2185,3401,998,961,1010,1732,822,3199,0,0,0,0,0,0,0,0,1,0,0,0,0,0,0,0,29152,0,0,0,0,0,0,1,1
2021-01-08T23:59:59+01:00,1,1,312,282,1112,1510,1330,2322,1486,3574,1806,2782,863,851,921,1609,774,3043,0,0,0,0,0,0,0,0,1,0,0,0,0,0,0,0,24588,0,0,0,0,0,0,1,1
2021-01-07T23:59:59+01:00,1,0,146,76,400,509,489,801,600,1382,787,1217,480,497,572,971,472,1927,0,0,0,0,0,0,0,0,1,0,0,0,0,0,0,0,11330,0,0,0,0,0,0,0,1
2021-01-06T23:59:59+01:00,1,0,111,44,269,285,316,523,403,938,536,837,371,377,435,756,365,1460,0,0,0,0,0,0,0,0,1,0,0,0,0,0,0,0,8030,0,0,0,0,0,0,0,1
2021-01-05T23:59:59+01:00,1,0,87,31,190,230,249,436,324,828,453,715,354,361,418,723,358,1406,0,0,0,0,0,0,0,0,1,0,0,0,0,0,0,0,7167,0,0,0,0,0,0,0,1
2021-01-04T23:59:59+01:00,1,0,69,25,173,193,205,341,260,644,358,517,278,268,298,525,241,947,0,0,0,0,0,0,0,0,1,0,0,0,0,0,0,0,5345,0,0,0,0,0,0,0,1
2021-01-03T23:59:59+01:00,1,0,67,21,167,188,200,324,258,629,348,500,270,266,294,512,239,930,0,0,0,0,0,0,0,0,1,0,0,0,0,0,0,0,5216,0,0,0,0,0,0,0,1
2021-01-02T23:59:59+01:00,1,0,67,21,167,188,200,324,255,629,345,500,270,266,294,512,239,929,0,0,0,0,0,0,0,0,1,0,0,0,0,0,0,0,5209,0,0,0,0,0,0,0,1
2021-01-01T23:59:59+01:00,1,0,66,21,166,188,200,323,254,629,342,498,270,266,294,511,239,929,0,0,0,0,0,0,0,0,1,0,0,0,0,0,0,0,5199,0,0,0,0,0,0,0,1
2020-12-31T23:59:59+01:00,1,0,66,21,166,186,200,322,253,628,341,497,270,266,294,511,239,929,0,0,0,0,0,0,0,0,1,0,0,0,0,0,0,0,5192,0,0,0,0,0,0,0,1
2020-12-30T23:59:59+01:00,1,0,65,21,166,185,198,319,253,626,341,495,270,266,294,511,238,929,0,0,0,0,0,0,0,0,1,0,0,0,0,0,0,0,5180,0,0,0,0,0,0,0,1
2020-12-29T23:59:59+01:00,1,0,46,12,118,140,149,216,185,449,240,378,181,167,200,379,176,725,0,0,0,0,0,0,0,0,1,0,0,0,0,0,0,0,3763,0,0,0,0,0,0,0,1
2020-12-28T23:59:59+01:00,1,0,25,8,64,77,85,122,103,256,119,232,99,94,103,201,103,388,0,0,0,0,0,0,0,0,1,0,0,0,0,0,0,0,2081,0,0,0,0,0,0,0,1
2020-12-27T23:59:59+01:00,0,0,12,3,17,26,40,47,37,90,38,94,32,29,40,73,32,145,0,0,0,0,0,0,0,0,0,0,0,0,0,0,0,0,755,0,0,0,0,0,0,0,0
