Datum,<24_1_m,<24_1_w,25-34_1_m,25-34_1_w,35-44_1_m,35-44_1_w,45-54_1_m,45-54_1_w,55-64_1_m,55-64_1_w,65-74_1_m,65-74_1_w,75-84_1_m,75-84_1_w,>84_1_m,>84_1_w,<24_2_m,<24_2_w,25-34_2_m,25-34_2_w,35-44_2_m,35-44_2_w,45-54_2_m,45-54_2_w,55-64_2_m,55-64_2_w,65-74_2_m,65-74_2_w,75-84_2_m,75-84_2_w,>84_2_m,>84_2_w,bp_1,bp_2,mo_1,mo_2,az_1,az_2,ja
2021-06-06T23:59:59+02:00,102721,102374,188422,184519,226283,240335,331761,356132,415713,430797,305797,345406,217510,282432,56890,107988,33658,36056,61991,70907,69864,95078,93749,135996,135554,156234,167889,192221,173089,226048,50434,95460,2671768,1304530,385477,178950,782172,254910,55944
2021-06-05T23:59:59+02:00,101799,101344,186023,182464,224986,239244,330475,354979,415033,430142,305693,345307,217466,282380,56887,107976,33196,35319,60933,69140,68622,93164,92193,133981,130711,150800,165527,189270,172728,225518,50407,95423,2659236,1281732,385361,178948,782134,250610,55748
2021-06-04T23:59:59+02:00,99752,99166,183105,179539,221714,235886,327424,351913,413337,428586,305360,344916,217320,282217,56861,107935,32686,34582,59887,67562,67426,91122,90488,131538,127341,147044,161824,185112,171961,224536,50373,95354,2636148,1263721,381700,178639,782047,241165,55417
2021-06-03T23:59:59+02:00,96130,95791,177640,175021,214999,230202,319555,345098,406955,422769,304524,343964,217004,281825,56821,107828,31671,33405,58051,65475,65147,88366,86566,127243,121057,140571,156065,178247,170750,222927,50285,95159,2589784,1235901,372307,173925,781680,228629,52636
2021-06-02T23:59:59+02:00,93943,93521,174131,171878,211784,227365,316063,341896,405308,421273,304180,343582,216879,281649,56797,107789,31195,32875,56944,64435,63782,87178,84556,125194,117244,136547,149004,170163,170173,222158,50225,95014,2563810,1207852,370941,171973,781676,225076,51892
2021-06-01T23:59:59+02:00,89073,89194,166015,165464,202869,219962,307225,334253,398024,414224,302895,342198,216424,281001,56703,107603,29434,31275,52662,61621,59210,84034,79165,120692,110125,129287,138557,157534,168544,219972,50057,94662,2507064,1159311,359912,168343,780982,213833,45450
2021-05-31T23:59:59+02:00,85882,86370,160426,161226,195585,214011,300033,328044,393002,409790,302033,341204,216082,280549,56628,107472,28360,30083,50036,59499,56191,81559,75582,117408,105795,124875,134657,152949,167456,218543,49910,94392,2467350,1137501,350989,166147,780383,203857,39896
2021-05-30T23:59:59+02:00,84653,85164,157982,159206,193019,211673,297279,325562,391408,408278,301702,340831,215944,280339,56594,107402,27672,29170,48471,57865,54524,79722,73333,114842,103271,122135,132682,150615,166783,217734,49836,94215,2451757,1127987,348548,164877,779784,192884,37227
2021-05-29T23:59:59+02:00,83962,84499,156368,157692,190736,209689,295573,324065,390611,407529,301524,340625,215869,280277,56588,107385,27292,28510,47491,56380,53196,77805,71345,111911,100937,119367,130107,147435,166206,216952,49814,94168,2437946,1114564,348413,164819,779701,182426,37212
2021-05-28T23:59:59+02:00,82703,83205,153896,155383,187100,206115,292459,321111,388908,405870,301198,340201,215736,280081,56570,107341,26669,27307,45806,54304,51468,75178,69236,107893,96652,113694,125947,142581,165393,215878,49778,94070,2414461,1092379,347377,164611,779470,168119,36849
2021-05-27T23:59:59+02:00,78807,79753,147391,150432,179173,200039,286143,316012,382984,400431,300176,339027,215340,279594,56514,107185,25119,25366,42525,51280,47717,71414,64574,101654,90482,106517,122427,138359,162848,212543,49632,93795,2370512,1064517,339861,162004,777701,148630,31204
2021-05-26T23:59:59+02:00,76268,77309,142397,146280,173100,194948,279567,310446,376568,393977,299015,337745,214916,278975,56432,107014,24248,24307,40672,49130,45398,68656,61445,97784,85915,101517,117706,132781,159362,207661,49463,93448,2333714,1033153,327028,160467,775954,137439,28537
2021-05-25T23:59:59+02:00,73903,75048,138251,142796,167975,190642,272345,303991,371656,389019,297978,336571,214562,278386,56363,106872,23577,23533,39258,47583,43597,66617,58900,94705,81669,96975,113104,127390,154263,200952,49324,93206,2296565,1002388,319610,157087,773503,128325,26956
2021-05-24T23:59:59+02:00,72453,73702,135553,140708,164359,187960,265463,297890,367416,384956,297291,335782,214309,278033,56305,106767,23174,23042,38215,46497,42265,65142,57190,92649,79455,94542,111867,125888,153745,200268,49237,93040,2273133,993290,308909,155831,771747,121765,25433
2021-05-23T23:59:59+02:00,71897,73136,134430,139842,163236,186984,264194,296818,365893,383579,296769,335196,214171,277856,56286,106735,22908,22823,37671,45942,41494,64440,55990,91639,78091,93227,110632,124443,152982,199289,49181,92915,2261930,985318,308352,152943,771705,120199,25310
2021-05-22T23:59:59+02:00,71108,72441,132923,138790,160788,185282,261243,294531,363682,381558,296294,334639,214025,277627,56262,106693,22533,22332,37071,45380,40855,63924,55352,90861,77378,92140,108728,122227,152622,198809,49162,92869,2244299,978731,308335,152943,771662,116808,23863
2021-05-21T23:59:59+02:00,69602,70785,130022,136211,157488,181971,255833,289621,358157,376280,295545,333745,213758,277265,56213,106602,22122,21893,36475,44630,40217,62868,54328,89386,75622,89843,105479,118187,151780,197734,49085,92727,2208972,965965,306711,152628,770096,110296,23589
2021-05-20T23:59:59+02:00,66142,67646,124280,131321,150255,175544,245549,280745,349922,368615,293398,331416,213102,276385,56108,106415,20648,20741,34309,42448,37865,59944,51366,85510,71733,85499,101688,113861,149562,195001,48940,92434,2152000,947172,300208,150735,764170,93010,20733
2021-05-19T23:59:59+02:00,63572,65123,119192,126518,142487,168594,235718,271785,339456,357755,291441,329234,212458,275474,55982,106176,19980,19805,33109,40907,36467,57867,49272,82652,68440,81907,97992,109598,146183,190551,48725,92021,2087001,924153,294078,148804,761238,83705,18914
2021-05-18T23:59:59+02:00,61157,62873,114357,122215,135816,162754,224276,261469,330187,348460,289189,326680,211691,274421,55854,105974,19376,19067,31916,39465,35136,56057,47381,80188,65360,78528,94290,105336,143245,186816,48551,91644,2028010,904330,284912,145979,757750,75181,16966
2021-05-17T23:59:59+02:00,59916,61716,112008,120159,132984,159994,217603,255307,323028,341777,287644,324951,211183,273681,55772,105807,18857,18513,30896,38458,33995,54784,45866,78379,63088,76085,89487,99517,142091,185273,48421,91382,2001593,893001,272852,138577,754420,68684,14930
2021-05-16T23:59:59+02:00,59024,60946,110576,118848,131236,158314,214501,252545,315794,334956,286823,323986,210908,273250,55726,105727,18511,18088,30165,37687,33146,53877,44762,77043,61796,74633,86060,95442,141489,184433,48353,91265,1986488,887077,262509,131875,751224,64693,13203
2021-05-15T23:59:59+02:00,58422,60254,109584,117882,130217,157155,212367,250461,312491,331988,286280,323376,210737,273002,55712,105672,18352,17904,29909,37381,32871,53439,44263,76373,60983,73704,85416,94590,141073,183867,48324,91229,1970492,881944,262497,131735,750369,63591,12506
2021-05-14T23:59:59+02:00,56973,58637,107264,115763,126552,153586,203826,243143,306918,326726,285483,322405,210487,272616,55671,105596,17784,17426,29133,36552,32123,52221,43143,74522,59395,71798,83645,92179,140557,183064,48295,91159,1933729,872516,260843,130884,745860,58217,11477
2021-05-13T23:59:59+02:00,54740,56388,103468,112590,121787,149434,193351,234143,296918,317329,283006,319522,209800,271629,55592,105423,16809,16921,28342,35870,31368,51313,42209,73454,57822,70111,79471,87348,138461,180288,48204,90971,1882824,860206,252374,123940,739700,54429,10484
2021-05-12T23:59:59+02:00,53672,55540,101547,111198,119739,147789,190824,232026,291981,311691,282294,318765,209585,271347,55561,105349,16609,16755,28034,35654,30988,51028,41773,73080,57252,69505,78163,85718,137807,179351,48129,90836,1860027,854712,250232,122216,739224,54164,9687
2021-05-11T23:59:59+02:00,51138,53851,97409,108021,113946,142987,176853,220303,281149,301426,279454,315429,208781,270127,55441,105098,16098,16054,27032,34228,29886,49241,40459,70752,55466,67277,75172,82185,136646,177766,48008,90524,1801966,842671,240630,119567,730830,46406,8247
2021-05-10T23:59:59+02:00,49687,52728,94790,105989,110737,140380,167995,212903,273906,294730,277587,313306,208275,269347,55338,104896,15699,15511,26284,33262,29118,47975,39440,68814,54195,65592,73154,79671,135652,176435,47906,90283,1766940,833952,234639,118550,723968,39282,7304
2021-05-09T23:59:59+02:00,48361,51799,92139,104282,108077,138629,162815,209320,268629,289912,276646,312223,207940,268877,55285,104766,15324,15238,25609,32606,28406,47160,38671,67850,53202,64652,72002,78286,135145,175718,47861,90176,1747967,829502,227598,117591,718067,34586,6324
2021-05-08T23:59:59+02:00,48011,51446,91272,103566,107037,137772,161292,208055,266258,287966,276213,311763,207834,268715,55273,104739,15207,15169,25488,32516,28258,47038,38477,67641,52793,64296,70992,77251,134245,174551,47822,90097,1736205,824956,227097,116854,717850,33812,6316
2021-05-07T23:59:59+02:00,46959,50615,89303,102235,104162,135476,156260,203950,260650,282841,275086,310404,207546,268301,55226,104638,14375,14600,24692,31798,27526,45961,37577,66350,51544,62724,68605,74419,132405,172173,47748,89959,1710856,815496,223943,114630,713738,27058,5369
2021-05-06T23:59:59+02:00,44030,48638,84427,98694,98130,130688,144759,194370,245615,269195,270778,305526,206472,266850,55079,104382,13597,13989,23781,30711,26539,44559,36177,64340,49770,60708,66057,71177,130641,169869,47655,89762,1646093,804652,214198,111564,703134,18752,4461
2021-05-05T23:59:59+02:00,41925,47253,80695,96085,93497,126936,135960,186979,231586,255514,265505,299287,205130,265149,54885,103939,13323,13644,23260,30003,25932,43610,35232,62903,48588,59255,63257,67844,128143,166677,47574,89557,1580765,792660,209175,108039,697242,14807,3393
2021-05-04T23:59:59+02:00,40616,45954,77943,93781,89948,123847,129915,181728,220894,244963,260972,293866,203904,263576,54714,103543,13134,13401,22870,29460,25472,42846,34495,61773,47410,57904,60428,64529,126113,164152,47458,89364,1532299,781007,204096,105440,691256,11700,2758
2021-05-03T23:59:59+02:00,39596,44743,75578,91927,87078,121491,125112,177779,214449,238966,258171,290526,203226,262631,54616,103288,12857,13085,22476,28893,24992,42123,33810,60788,46311,56705,57250,60578,122919,160055,47251,88998,1500912,765357,201000,103747,686384,8957,1124
2021-05-02T23:59:59+02:00,39182,44341,74362,91048,85609,120389,122485,175757,211582,236583,257386,289589,202982,262263,54556,103192,12776,13009,22288,28678,24764,41822,33471,60387,45823,56168,55481,58540,120556,157100,47177,88890,1490457,760435,198247,98245,682577,8078,266
2021-05-01T23:59:59+02:00,38807,43921,73574,90226,84523,119348,120992,174342,208555,233584,256804,288880,202806,262011,54547,103163,12758,12993,22239,28649,24708,41782,33403,60331,45742,56084,55228,58226,120421,156941,47168,88875,1475509,759138,198245,98208,682306,8033,263
2021-04-30T23:59:59+02:00,38165,43209,72358,88992,83042,117636,116538,170267,201747,226776,255158,286911,202415,261491,54498,103072,12394,12777,21914,28373,24437,41351,33089,59750,45260,55475,54259,56961,119615,155934,47126,88778,1442981,755543,197923,96235,681518,5717,92
2021-04-29T23:59:59+02:00,36451,42115,69394,86980,79473,115014,111002,165810,188453,214374,248552,279299,201460,260117,54391,102774,12058,12526,21441,27933,24025,40839,32491,59006,44434,54516,52299,54603,118042,154022,47042,88610,1388844,746889,190736,93588,676243,3431,73
2021-04-28T23:59:59+02:00,35056,41416,67513,85640,76963,113168,107444,162811,178175,204356,238713,267801,200366,258680,54232,102507,11856,12339,21141,27586,23677,40368,32061,58335,43656,53647,49991,51747,115804,151215,46942,88426,1336675,737533,187411,89089,670941,2212,50
2021-04-27T23:59:59+02:00,34170,40606,65928,84169,74996,111391,104586,160346,173381,199362,230591,258430,199460,257351,54132,102325,11721,12209,20858,27302,23455,40038,31676,57825,42933,52886,47759,48949,113499,148188,46848,88265,1303171,727835,185135,85116,663104,1504,49
2021-04-26T23:59:59+02:00,33654,40152,64825,83295,73501,110222,102096,158501,164371,190736,227140,254403,198899,256528,54059,102150,11616,12107,20652,27127,23223,39821,31369,57484,42264,52229,45803,46584,111895,146071,46769,88142,1274554,720023,183706,82053,656459,1126,47
2021-04-25T23:59:59+02:00,33350,39872,64030,82782,72425,109483,100298,157251,157794,184358,224317,251158,198378,255857,54005,102044,11553,12064,20573,27056,23134,39734,31256,57358,42091,52059,45332,46013,111305,145266,46746,88081,1262019,718360,177595,80309,647973,999,46
2021-04-24T23:59:59+02:00,32931,39347,63080,81557,71242,108025,98684,155561,152505,178757,222092,248430,197995,255293,53974,102003,11539,12046,20528,27013,23084,39672,31168,57271,41937,51903,45080,45701,111088,145010,46729,88055,1237376,717299,177573,79617,646712,956,45
2021-04-23T23:59:59+02:00,32053,38608,61500,80026,69475,105963,95936,152852,147547,174018,218081,243483,197412,254447,53927,101903,11486,11982,20410,26928,22947,39515,30931,57060,41568,51554,44403,44878,110104,143797,46605,87839,1212736,713990,176407,77161,638270,905,44
2021-04-22T23:59:59+02:00,31322,37891,59928,78554,66967,103685,91268,148976,139505,166164,209639,233177,195723,252248,53757,101570,11337,11848,20164,26640,22590,39084,30401,56544,40786,50902,43159,43456,108253,141473,46434,87528,1171538,706631,169013,73237,630002,780,44
2021-04-21T23:59:59+02:00,30748,37300,58546,77401,65053,102061,88081,146166,131750,158558,197303,218628,193960,249858,53564,101203,11199,11747,19932,26400,22309,38759,30039,56098,40238,50376,42221,42335,106190,138806,46240,87192,1120513,700209,166146,69201,623699,720,44
2021-04-20T23:59:59+02:00,30240,36745,57363,76253,63366,100430,85384,143474,126224,152886,186308,205654,191958,247277,53372,100840,11088,11653,19708,26204,22024,38485,29618,55670,39709,49858,41335,41250,104048,135962,45982,86752,1078267,692780,162685,65973,616999,643,43
2021-04-19T23:59:59+02:00,29820,36330,56378,75428,62061,99229,83140,141427,122503,149241,180847,199053,190517,245396,53219,100561,10954,11547,19496,25987,21778,38212,29294,55268,39210,49336,40452,40230,101062,132094,45667,86170,1053958,682603,160870,63598,610499,607,42
2021-04-18T23:59:59+02:00,29461,36027,55585,74868,60907,98255,81133,139934,119008,146618,176060,193804,189669,244326,53132,100399,10870,11459,19304,25816,21607,38046,29081,54990,38963,49097,40072,39782,99881,130586,45525,85938,1040109,678793,159211,61679,600041,596,42
2021-04-17T23:59:59+02:00,29333,35930,55176,74657,60408,97899,80451,139304,117930,145573,172060,189180,189217,243738,53106,100344,10814,11383,19170,25627,21411,37821,28846,54698,38707,48851,39761,39427,99157,129707,45477,85872,1029283,674835,159188,61366,596010,579,42
2021-04-16T23:59:59+02:00,28894,35626,54164,74034,59132,97001,78732,137895,113502,141069,164741,180661,187834,241893,53019,100180,10580,11178,18772,25217,20846,37246,27672,53747,36638,47224,36511,36515,96262,126444,45156,85335,1003563,660245,158420,54594,586569,554,42
2021-04-15T23:59:59+02:00,28338,35095,52865,72829,57115,95217,75294,134878,107663,135314,157093,171838,183856,236806,52778,99659,10387,10982,18397,24777,20354,36611,26949,52916,35223,45968,34356,34419,93339,122851,44757,84645,971537,647423,156375,49056,568900,502,42
2021-04-14T23:59:59+02:00,27925,34697,51929,71883,55725,93798,72827,132621,103269,131099,147944,161374,176893,227835,52503,99107,9928,10670,17943,24271,19822,35974,25973,51992,33959,44851,32165,32095,90597,119415,44368,83947,933947,632758,153711,44856,553944,407,41
2021-04-13T23:59:59+02:00,27646,34437,51213,71321,54797,92969,71060,131115,98839,126910,136411,148368,171289,220444,52226,98617,9663,10466,17599,23853,19401,35443,25282,51187,32897,43838,30762,30693,88612,117204,44097,83503,900946,623781,149215,40484,537674,286,41
2021-04-12T23:59:59+02:00,27396,34205,50631,70799,53931,92229,69508,129739,95893,124185,129133,140109,168844,217378,52000,98195,9401,10248,17244,23560,19038,34991,24797,50659,32189,43198,29195,29102,87054,115337,43839,83076,884656,615456,147693,37246,521997,275,41
2021-04-11T23:59:59+02:00,27177,34023,50112,70383,53201,91760,68304,128886,93796,122427,122828,133207,166192,214132,51868,97948,9250,10098,16939,23279,18738,34688,24422,50274,31770,42834,28518,28396,86087,114141,43670,82812,877289,610230,143306,35471,505820,263,41
2021-04-10T23:59:59+02:00,27097,33954,49957,70259,52993,91605,67969,128604,93215,121896,120324,130168,165298,212927,51831,97858,8577,9417,16043,22520,17798,33829,23261,49218,30727,41892,27837,27665,84061,111579,43445,82430,870341,594994,142459,35093,503326,259,40
2021-04-09T23:59:59+02:00,26804,33664,49482,69776,52336,90911,66901,127408,91150,119639,111253,118852,162633,209432,51669,97573,7489,8412,14510,21160,16052,32265,21030,47206,28683,39974,25992,25802,80693,107481,43014,81748,851082,567723,135444,33591,493131,246,36
2021-04-08T23:59:59+02:00,26478,33390,48883,69269,51593,90198,65514,126279,88500,117095,100710,106545,157844,203479,51406,97091,6739,7747,13323,20119,14780,30908,19324,45449,26166,37614,23007,22771,76127,101834,42121,80314,832572,536512,126595,31660,475285,221,32
2021-04-07T23:59:59+02:00,26106,33126,48077,68825,50683,89582,64000,125203,84935,114173,91454,96002,151719,195715,51161,96608,6317,7375,12642,19427,13952,30083,18259,44342,24162,35616,20464,20240,72287,97115,41327,78994,812349,513266,121033,29197,454164,189,30
2021-04-06T23:59:59+02:00,25851,32937,47572,68446,50112,89048,62873,124378,82566,112084,83197,86541,146334,188898,50891,96074,6101,7196,12285,19077,13614,29638,17695,43761,23278,34831,19336,19151,69094,92954,40604,77882,793189,500083,117841,26287,436947,177,30
2021-04-05T23:59:59+02:00,25732,32794,47264,68094,49727,88642,62289,123660,81208,110756,78215,80834,142172,183703,50721,95819,5948,7036,12008,18825,13328,29324,17369,43385,22841,34385,18854,18643,66123,89262,40103,77076,783826,490882,116100,23506,421878,173,28
2021-04-04T23:59:59+02:00,25683,32726,47135,67816,49549,88323,62016,123144,80642,110098,76772,79075,141569,182865,50693,95752,5945,7027,11995,18817,13317,29308,17354,43363,22703,34296,18467,18293,64645,87367,39970,76873,781312,486124,116003,23504,416719,165,26
2021-04-03T23:59:59+02:00,25611,32639,47013,67703,49390,88147,61663,122799,80088,109495,75302,77312,140620,181528,50625,95630,5937,7018,11979,18801,13294,29285,17315,43318,22599,34213,18323,18146,64288,86792,39908,76762,774983,484363,115965,23504,414794,165,25
2021-04-02T23:59:59+02:00,25526,32546,46851,67540,49156,87884,61154,122324,79192,108629,73563,75156,138603,178885,50471,95344,5915,6979,11935,18760,13240,29204,17219,43137,22323,33750,17945,17790,61837,83760,39275,75868,765925,475958,114196,22869,412880,165,24
2021-04-01T23:59:59+02:00,25291,32283,46427,67034,48509,87122,60264,121368,77269,106939,69584,70800,135365,174732,50225,94891,5739,6794,11680,18522,13016,28981,16896,42818,21812,33293,17092,16998,56848,77431,37935,73859,754335,458118,108162,21504,405783,150,21
2021-03-31T23:59:59+02:00,24935,32020,46014,66517,48030,86478,59517,120368,76093,105705,67257,68094,131000,169088,49893,94292,5654,6737,11576,18398,12868,28834,16636,42518,21189,32768,15914,16077,51547,70776,36844,72283,744664,439967,101082,20564,399733,147,20
2021-03-30T23:59:59+02:00,24743,31753,45605,65889,47534,85672,58779,119277,74947,104339,65136,65763,126953,163676,49521,93537,5584,6643,11471,18277,12669,28652,16295,42183,20609,32203,15055,15256,48716,67217,35957,70769,734543,428265,96884,19233,391877,120,16
2021-03-29T23:59:59+02:00,24510,31465,45142,65342,47056,84967,58023,118156,73675,102902,62118,62223,120848,155845,48902,92382,5487,6570,11376,18171,12508,28485,16049,41845,20142,31735,14400,14705,45975,63978,35100,69291,714169,417166,93472,18610,386095,103,16
2021-03-28T23:59:59+02:00,24263,31118,44646,64656,46551,84230,57331,117147,72741,101792,60188,60019,116855,150662,48542,91757,5427,6500,11230,18026,12255,28179,15880,41624,19974,31507,14158,14470,44846,62475,34846,68887,707685,412921,86192,17340,378801,85,16
2021-03-27T23:59:59+01:00,24126,30926,44360,64291,46172,83690,56822,116457,72012,101045,59086,58932,115473,149065,48493,91696,5414,6488,11200,18005,12236,28149,15473,41133,19606,31116,13877,14273,44254,61600,34499,68278,702474,408901,85496,16688,374855,74,16
2021-03-26T23:59:59+01:00,23832,30258,43518,62618,45222,81616,55431,113274,70001,97715,56940,56944,112990,146044,48238,91278,5394,6450,11176,17955,12165,28055,15390,41021,19240,30480,13398,13658,40738,57144,32981,65728,691184,394500,82203,16473,362708,62,16
2021-03-25T23:59:59+01:00,23371,29430,42605,60824,44130,79022,53838,109655,67636,94177,54238,54230,109928,142284,47789,90471,5343,6389,11083,17847,12044,27917,15207,40789,18948,30168,12896,13137,36322,51262,30740,62269,679832,376483,78014,15881,345958,59,15
2021-03-24T23:59:59+01:00,22899,28886,41846,59555,43133,77491,52375,107694,65570,91915,51336,51200,105963,137421,47273,89573,5281,6316,10986,17704,11874,27714,14965,40480,18584,29768,12438,12672,33210,47247,28245,58324,667120,361034,73160,14783,334027,56,12
2021-03-23T23:59:59+01:00,22620,28503,41257,58653,42435,76386,51298,106141,63907,90081,49015,48744,103328,134428,46842,88865,5215,6241,10887,17571,11725,27533,14708,40161,18169,29365,11924,12192,30267,43362,25219,53359,659132,343713,69827,14195,323720,55,11
2021-03-22T23:59:59+01:00,22335,28022,40638,57776,41774,75344,50313,104708,62422,88472,47146,46840,101081,131799,46476,88222,5142,6186,10812,17443,11590,27367,14543,39924,17926,29047,11621,11826,27895,40254,21889,47851,652911,327680,67031,13647,313601,54,11
2021-03-21T23:59:59+01:00,22170,27692,40135,57022,41242,74487,49650,103547,61475,87290,46066,45776,99522,130011,46177,87731,5127,6177,10776,17393,11542,27279,14485,39833,17842,28945,11498,11702,27438,39753,21589,47367,650355,325521,65010,13236,304800,54,10
2021-03-20T23:59:59+01:00,22099,27510,39924,56505,41000,73957,49331,102881,61024,86713,45351,44958,97020,126851,45933,87302,5118,6170,10765,17382,11515,27262,14440,39793,17748,28861,11338,11540,26715,38887,20936,46395,643927,321829,64567,13047,300036,54,10
2021-03-19T23:59:59+01:00,21674,26782,38763,54432,39725,71969,47493,100734,58050,83931,40853,41043,92129,121312,45378,86414,5097,6157,10733,17321,11451,27157,14352,39613,17496,28559,10997,11272,24756,36458,19588,44255,626266,312597,57383,12685,287200,44,10
2021-03-18T23:59:59+01:00,21212,25955,37516,52276,38188,69057,45218,96069,54189,78459,36830,37212,87600,116010,44509,85038,5071,6119,10667,17219,11371,27003,14201,39418,17278,28371,10757,11087,23248,34531,18187,42113,609460,304589,51656,12076,264384,39,10
2021-03-17T23:59:59+01:00,20737,25539,36796,51346,37413,68102,44091,94623,52370,76664,34010,34238,83803,111337,43724,83812,5041,6089,10607,17123,11302,26864,14082,39230,17061,28181,10536,10866,21774,32801,16863,40070,592901,297143,47274,11372,258590,36,10
2021-03-16T23:59:59+01:00,20328,25040,36026,50273,36614,66883,42906,92931,50519,74714,31788,32147,79960,106537,43007,82721,4985,6031,10535,16994,11211,26707,13985,38990,16916,27954,10369,10685,20275,30995,15637,38079,579889,289436,42597,10939,250065,34,9
2021-03-15T23:59:59+01:00,20004,24594,35301,49298,35831,65645,41970,91440,49243,73153,30043,30253,76726,102484,42469,81775,4961,5987,10472,16869,11140,26505,13865,38696,16768,27689,10201,10527,19360,29796,14602,36487,568840,283671,39284,10293,242268,31,0
2021-03-14T23:59:59+01:00,19686,24059,34402,48087,34966,64325,40870,89547,48049,71531,28849,29006,74769,99959,42122,81221,4936,5964,10421,16787,11082,26355,13809,38469,16677,27547,10126,10441,19176,29493,14356,35960,561763,282488,37422,9159,232423,22,0
2021-03-13T23:59:59+01:00,18771,22931,32939,46231,33474,62335,38803,86559,46065,69300,27584,27698,72788,97372,41944,80947,4936,5964,10419,16782,11078,26348,13804,38463,16672,27539,10079,10400,18307,28417,13455,34713,545459,278265,37137,9158,223296,22,0
2021-03-12T23:59:59+01:00,17482,21316,30420,43568,30862,59101,35818,81497,42951,65136,24779,24556,68520,92065,41210,79851,4924,5928,10400,16722,11059,26293,13760,38346,16574,27385,9810,10199,17263,26959,12570,33431,517548,272522,35827,9148,205905,19,0
2021-03-11T23:59:59+01:00,16254,19567,28160,40938,28588,55832,33116,76980,39222,60420,21393,21061,62513,84655,39684,77553,4877,5884,10323,16605,10948,26052,13637,38029,16400,27108,9516,9980,16589,26056,11974,32253,485655,268567,34241,7715,186180,15,0
2021-03-10T23:59:59+01:00,15570,18713,26674,39322,26989,53994,31508,74550,36605,57341,18701,18543,56550,77331,38482,75698,4834,5825,10227,16436,10837,25793,13486,37609,16198,26777,9288,9797,15764,25171,11422,31358,459367,263864,32205,7012,175137,12,0
2021-03-09T23:59:59+01:00,15235,18146,25464,38291,25648,52779,30423,72846,35226,55589,17539,17457,52980,72745,37581,74191,4803,5787,10145,16260,10727,25535,13322,37288,16042,26561,9160,9692,15039,24253,11008,30689,445872,260186,29687,6179,166710,12,0
2021-03-08T23:59:59+01:00,14845,17447,24298,37210,24448,51612,29472,71316,34000,54037,16462,16607,48734,67483,36612,72581,4787,5733,10079,16059,10622,25278,13183,36928,15924,26328,9089,9603,14487,23596,10758,30318,430464,257046,27683,5789,159144,3,0
2021-03-07T23:59:59+01:00,14579,17086,23684,36365,23734,50717,28893,70437,33436,53364,16206,16366,47595,65940,36348,72149,4773,5718,10060,16018,10594,25190,13150,36756,15868,26236,9069,9569,14273,23314,10646,30152,425741,256000,25876,5451,155407,0,0
2021-03-06T23:59:59+01:00,14443,16719,23253,35652,23210,49890,27784,68811,32372,51715,15900,16129,46880,64921,36140,71826,4769,5698,10048,15997,10579,25156,13140,36714,15850,26205,9049,9532,14226,23273,10548,29948,421697,255627,25813,5170,148258,0,0
2021-03-05T23:59:59+01:00,13971,15999,22561,34491,22546,48615,26998,67135,31146,49371,15278,15376,42965,59979,34530,69088,4739,5637,9978,15899,10524,25008,13073,36518,15767,26004,8955,9476,14035,23053,10203,29363,406547,253960,24366,4337,139254,0,0
2021-03-04T23:59:59+01:00,13111,14813,21352,32788,21360,46539,25585,64364,29513,47278,14565,14661,38336,53878,32219,65494,4688,5533,9869,15603,10428,24644,12941,35997,15628,25655,8802,9342,13877,22840,10135,29233,388231,251034,22296,4245,125445,0,0
2021-03-03T23:59:59+01:00,12754,14228,20654,31588,20591,45162,24654,62610,28535,45775,14099,14188,35191,49751,29738,61596,4644,5458,9786,15424,10348,24391,12834,35563,15436,25346,8650,9223,13743,22611,10004,28983,372836,248424,21527,4084,116863,0,0
2021-03-02T23:59:59+01:00,12457,13720,20007,30633,19880,44131,23852,61205,27608,44575,13475,13581,31979,45557,26508,56334,4590,5375,9724,15259,10280,24112,12735,35134,15334,25065,8532,9127,13600,22417,9940,28856,354812,246059,20077,4083,110722,0,0
2021-03-01T23:59:59+01:00,12245,13378,19494,29814,19329,43283,23261,60116,26928,43502,13071,13145,29328,42164,22903,50355,4567,5314,9673,15097,10212,23812,12655,34722,15235,24794,8455,9072,13403,22120,9849,28710,337694,243669,19018,4083,105712,0,0
2021-02-28T23:59:59+01:00,12045,13134,19008,29165,18826,42513,22769,59272,26459,42756,12872,12937,28699,41450,22559,49838,4548,5299,9653,15065,10191,23760,12638,34655,15208,24759,8431,9047,13262,21916,9800,28592,335287,242837,18161,4049,100960,0,0
2021-02-27T23:59:59+01:00,11822,12487,18692,28361,18572,41735,22481,58249,26132,42032,12607,12655,27915,40503,21780,48589,4537,5286,9629,15046,10159,23699,12599,34581,15169,24693,8413,9031,13250,21901,9799,28588,331388,242493,17441,3949,95887,0,0
2021-02-26T23:59:59+01:00,10913,11554,17824,26902,17793,39445,21531,55317,24662,39438,12241,12367,26056,38170,20563,46664,4446,5200,9554,14892,10089,23429,12514,34206,15052,24439,8338,8960,13184,21821,9764,28532,322307,240605,17188,3876,82046,0,0
2021-02-25T23:59:59+01:00,9631,10544,16508,25287,16544,37129,20240,52301,23017,36907,11848,12080,24554,36229,19337,44773,4315,5032,9382,14574,9878,22783,12252,33346,14743,23870,8156,8816,12918,21470,9645,28307,314706,236511,16420,3037,65902,0,0
2021-02-24T23:59:59+01:00,9191,9919,15873,24246,15927,35855,19493,50745,22246,35858,11490,11764,23021,34386,17922,42537,4230,4933,9243,14289,9701,22312,12056,32714,14483,23382,8026,8686,12781,21296,9588,28115,306493,233764,15459,2130,58618,0,0
2021-02-23T23:59:59+01:00,8627,9325,15068,23089,15269,34601,18740,49331,21559,34909,11225,11465,21429,32484,16593,40347,4187,4847,9114,14063,9563,21892,11862,32138,14175,22936,7880,8545,12663,21085,9527,27899,298418,230962,14661,1472,51077,0,0
2021-02-22T23:59:59+01:00,8488,9065,14682,22469,14914,33874,18265,48288,21089,34251,11046,11225,20484,31223,15505,38681,4153,4722,8967,13759,9392,21364,11595,31394,13798,22394,7669,8366,12466,20834,9439,27614,292588,227683,14051,300,47004,0,0
2021-02-21T23:59:59+01:00,8381,8890,14345,22029,14502,33293,17841,47603,20678,33828,10946,11135,20316,30997,15278,38369,4105,4668,8888,13627,9315,21145,11522,31100,13684,22145,7608,8315,12403,20722,9378,27463,291457,225857,13683,287,43383,0,0
2021-02-20T23:59:59+01:00,8247,8833,14229,21944,14387,33168,17717,47432,20523,33665,10840,11047,19420,29899,14361,37099,4102,4662,8880,13618,9304,21124,11507,31074,13671,22139,7605,8307,12331,20646,9335,27414,287220,225489,13487,286,42195,0,0
2021-02-19T23:59:59+01:00,7909,8544,13882,21495,14010,32472,17234,46626,19776,32796,10309,10714,18207,28352,13401,35736,4010,4637,8814,13590,9261,21061,11475,30979,13606,22054,7563,8251,12086,20333,9171,27127,280856,223789,13112,285,37582,0,0
2021-02-18T23:59:59+01:00,7455,7941,13258,20380,13373,31066,16396,44676,18929,31391,10135,10533,17551,27517,12906,34957,3802,4448,8475,13044,8969,20293,11124,29925,13254,21325,7358,7936,11456,19302,8747,26107,277305,215335,12532,285,28712,0,0
2021-02-17T23:59:59+01:00,7256,7503,12807,19502,12865,29824,15690,42871,18318,30254,9931,10311,16686,26561,12258,33925,3522,4232,8131,12539,8681,19457,10740,28850,12885,20593,7133,7703,10848,18370,8378,25401,272618,207233,11801,283,22226,0,0
2021-02-16T23:59:59+01:00,6860,7124,12290,18650,12369,28697,15142,41498,17751,29341,9790,10208,15957,25643,11830,33242,3313,4079,7827,12071,8371,18706,10330,27738,12447,19794,6874,7398,10068,17103,7736,23998,269062,197777,11305,129,16106,0,0
2021-02-15T23:59:59+01:00,6736,6882,11997,18017,12097,27893,14780,40494,17425,28647,9672,10107,15336,24921,11547,32784,3213,3971,7629,11736,8153,18190,10022,26886,12102,19151,6598,7122,9331,15945,7287,22867,265972,190172,10702,84,12742,0,0
2021-02-14T23:59:59+01:00,6444,6741,11757,17739,11877,27448,14549,40048,17239,28407,9630,10058,15083,24550,11406,32429,3158,3924,7513,11571,8020,17985,9850,26537,11930,18878,6491,6990,9110,15541,7125,22373,264972,186964,9767,84,10745,0,0
2021-02-13T23:59:59+01:00,6372,6695,11716,17708,11846,27416,14525,40019,17221,28385,9617,10033,15054,24523,11399,32414,3153,3919,7506,11566,8010,17965,9832,26502,11900,18837,6468,6958,8944,15308,6787,21772,264738,185472,9766,7,10518,0,0
2021-02-12T23:59:59+01:00,5774,6332,11194,17337,11541,26868,14203,39351,16905,27789,9517,9959,14861,24298,11337,32322,3097,3872,7413,11413,7904,17715,9675,26113,11690,18396,6287,6736,8560,14701,6237,20507,263049,180362,9756,6,6861,0,0
2021-02-11T23:59:59+01:00,5243,5964,10640,16667,11127,26015,13714,38102,16438,27012,9225,9712,14576,23843,11083,31674,2899,3500,6778,10190,7231,15910,8794,23442,10654,16534,5672,6056,7473,12919,5526,18424,259868,162047,8119,3,3125,0,0
2021-02-10T23:59:59+01:00,4971,5753,10293,16213,10835,25472,13378,37182,16049,26353,9037,9584,14403,23631,10996,31481,2477,3102,5843,8713,6431,13785,7788,20500,9597,14772,5159,5484,6429,11162,4869,16559,257225,142710,7656,1,827,0,0
2021-02-09T23:59:59+01:00,4895,5628,10170,15940,10728,25061,13200,36539,15838,25927,8861,9455,14203,23418,10878,31278,2038,2640,5045,7446,5650,11934,6876,17937,8543,13026,4605,4840,5345,9485,4242,14694,254791,124382,6879,1,425,0,0
2021-02-08T23:59:59+01:00,4853,5558,10082,15716,10616,24695,13080,36046,15705,25629,8773,9393,13984,23101,10793,31126,1835,2364,4479,6446,4994,10284,6036,15368,7548,11401,4089,4312,4318,7797,3588,12818,252438,107709,6365,1,421,0,0
2021-02-07T23:59:59+01:00,4665,5478,9942,15582,10516,24517,12993,35779,15603,25461,8738,9349,13830,22891,10734,31015,1588,2048,4058,5787,4594,9372,5599,14202,7081,10540,3847,4064,4091,7393,3450,12268,251344,100011,5821,1,0,0,0
2021-02-06T23:59:59+01:00,4656,5465,9930,15567,10502,24477,12973,35729,15585,25410,8720,9332,13808,22858,10634,30821,1406,1800,3831,5510,4414,8916,5373,13598,6800,10019,3728,3959,3969,7236,3179,11825,251001,95591,5538,1,0,0,0
2021-02-05T23:59:59+01:00,4574,5380,9861,15428,10437,24207,12881,35354,15472,25157,8642,9264,13736,22778,10290,30235,1241,1514,3546,5082,4151,8322,5064,12803,6404,9340,3488,3737,3811,6996,2696,10975,249119,89196,4647,0,0,0,0
2021-02-04T23:59:59+01:00,4507,5229,9732,15102,10272,23625,12681,34549,15262,24674,8527,9155,13502,22466,10196,30063,918,1068,2691,3812,3241,6529,4070,10183,5105,7367,2861,3064,3215,5972,2349,9594,245188,72058,4424,0,0,0,0
2021-02-03T23:59:59+01:00,4429,5134,9617,14880,10167,23253,12545,34016,15109,24292,8421,9033,13343,22257,10127,29851,755,834,2029,2880,2503,5043,3113,7801,3884,5574,2070,2219,2362,4475,1718,7221,242287,54495,4257,0,0,0,0
2021-02-02T23:59:59+01:00,4357,5027,9515,14671,10064,22851,12392,33434,14908,23887,8314,8912,13220,22041,10049,29599,599,654,1532,2126,1917,3798,2345,5935,2880,4174,1457,1488,1609,2977,1195,4806,239054,39503,4255,0,0,0,0
2021-02-01T23:59:59+01:00,4312,4915,9424,14433,9957,22428,12252,32784,14728,23434,8200,8777,13122,21904,10005,29432,455,469,1050,1465,1265,2527,1506,3846,1785,2659,912,948,966,1824,683,2774,235920,25142,4255,0,0,0,0
2021-01-31T23:59:59+01:00,4290,4867,9370,14319,9885,22225,12184,32478,14636,23258,8146,8725,13069,21788,9966,29313,415,432,920,1271,1081,2139,1299,3267,1557,2355,825,859,861,1630,620,2490,234442,22026,4144,0,0,0,0
2021-01-30T23:59:59+01:00,4290,4864,9360,14306,9869,22200,12172,32458,14623,23248,8144,8720,13003,21712,9925,29265,397,400,855,1185,1027,2013,1230,3077,1486,2231,803,835,842,1590,607,2441,234127,21023,4099,0,0,0,0
2021-01-29T23:59:59+01:00,4220,4850,9310,14273,9837,22148,12142,32384,14576,23186,8122,8693,12792,21452,9772,29063,320,299,732,1008,882,1637,1077,2689,1280,1939,724,749,793,1534,592,2395,232913,18652,3974,0,0,0,0
2021-01-28T23:59:59+01:00,4084,4728,9105,13878,9620,21625,11898,31800,14268,22742,7992,8598,12317,20757,9473,28567,152,81,291,375,374,634,469,1170,590,862,390,419,469,891,338,1449,228142,8954,3376,0,0,0,0
2021-01-27T23:59:59+01:00,3824,4546,8801,13467,9321,20966,11520,30957,13894,22084,7785,8388,11720,19869,9115,27916,93,51,199,229,245,433,308,816,423,592,293,305,346,660,255,1061,221459,6309,2776,0,0,0,0
2021-01-26T23:59:59+01:00,3637,4419,8516,13107,9059,20383,11204,30174,13501,21529,7564,8165,11087,18876,8540,26867,88,47,185,219,227,393,294,759,390,542,281,279,316,587,233,945,214755,5785,1935,0,0,0,0
2021-01-25T23:59:59+01:00,3538,4285,8217,12612,8764,19653,10804,29162,13022,20841,7318,7973,10420,17963,8149,26092,79,37,164,195,197,334,251,633,341,450,242,238,264,504,188,767,208478,4884,396,0,0,0,0
2021-01-24T23:59:59+01:00,3489,4257,8132,12530,8692,19529,10692,28986,12897,20685,7284,7934,10351,17854,8107,26000,78,35,160,191,195,321,249,612,332,437,234,235,262,496,184,753,207181,4774,298,0,0,0,0
2021-01-23T23:59:59+01:00,3487,4255,8132,12529,8688,19520,10691,28974,12889,20680,7280,7933,10214,17671,7792,25433,78,35,160,191,194,320,247,612,331,437,234,235,262,496,184,753,205931,4769,297,0,0,0,0
2021-01-22T23:59:59+01:00,3416,4203,8009,12416,8607,19369,10583,28814,12817,20573,7250,7903,9986,17326,7306,24454,78,35,159,191,194,320,247,612,331,437,234,235,262,496,184,753,202795,4768,297,0,0,0,0
2021-01-21T23:59:59+01:00,3304,3958,7493,11490,8137,18198,10026,27155,12231,19481,6984,7600,9286,16242,6862,23525,71,32,143,175,178,287,222,537,293,400,211,208,229,409,157,633,191732,4185,297,0,0,0,0
2021-01-20T23:59:59+01:00,2882,3506,6604,10043,7386,16152,9042,24276,11159,17650,6421,6938,8127,14378,6169,21513,70,32,142,169,175,286,214,520,282,382,200,200,220,383,147,598,172003,4020,294,0,0,0,0
2021-01-19T23:59:59+01:00,2381,3032,5686,8658,6506,14166,8017,21419,9918,15633,5686,6047,6690,12006,5281,18760,46,22,95,123,118,176,151,353,181,270,122,112,141,262,99,441,149717,2712,213,0,0,0,0
2021-01-18T23:59:59+01:00,2063,2626,4895,7243,5545,11816,6790,17714,8527,13233,4842,5174,5259,9586,4340,15574,25,11,36,46,54,84,66,155,68,133,59,53,61,140,56,208,125179,1255,90,0,0,0,0
2021-01-17T23:59:59+01:00,1746,2249,4374,6467,5045,10627,6246,16106,7895,12085,4515,4832,4891,8893,4044,14632,11,3,6,14,15,32,19,44,25,49,25,23,15,36,12,42,114595,371,88,0,0,0,0
2021-01-16T23:59:59+01:00,1550,1991,4161,6174,4864,10152,5980,15419,7566,11433,4346,4639,4680,8601,3702,14054,0,0,0,0,2,3,0,0,1,2,0,1,0,0,0,2,109342,11,5,0,0,0,0
2021-01-15T23:59:59+01:00,1378,1708,3904,5771,4607,9568,5689,14553,7149,10669,4067,4373,4496,8279,3191,13050,0,0,0,0,0,0,0,0,0,0,0,0,0,0,0,1,102481,1,3,0,0,0,0
2021-01-14T23:59:59+01:00,1044,1280,3131,4560,3752,7665,4704,11735,5767,8556,3317,3539,3798,7017,2766,11386,0,0,0,0,0,0,0,0,0,0,0,0,0,0,0,0,84042,0,0,0,0,0,0
2021-01-13T23:59:59+01:00,884,1079,2633,3796,3154,6382,3925,9670,4653,6885,2443,2637,2882,5354,2120,8663,0,0,0,0,0,0,0,0,0,0,0,0,0,0,0,0,67181,0,0,0,0,0,0
2021-01-12T23:59:59+01:00,739,909,2203,3106,2588,5185,3155,7805,3646,5387,1734,1794,1977,3677,1504,5942,0,0,0,0,0,0,0,0,0,0,0,0,0,0,0,0,51368,0,0,0,0,0,0
2021-01-11T23:59:59+01:00,590,731,1831,2505,2076,4153,2422,5868,2686,3893,1093,1096,1179,2172,827,3358,0,0,0,0,0,0,0,0,0,0,0,0,0,0,0,0,36493,0,0,0,0,0,0
2021-01-10T23:59:59+01:00,517,627,1558,2061,1729,3400,1995,4850,2232,3276,976,978,1035,1907,737,2941,0,0,0,0,0,0,0,0,0,0,0,0,0,0,0,0,30829,0,0,0,0,0,0
2021-01-09T23:59:59+01:00,482,566,1429,1885,1583,3091,1832,4387,2057,2991,908,913,979,1854,722,2903,0,0,0,0,0,0,0,0,0,0,0,0,0,0,0,0,28590,0,0,0,0,0,0
2021-01-08T23:59:59+01:00,365,414,1173,1515,1311,2417,1505,3599,1705,2460,789,808,894,1726,684,2772,0,0,0,0,0,0,0,0,0,0,0,0,0,0,0,0,24144,0,0,0,0,0,0
2021-01-07T23:59:59+01:00,172,112,405,524,474,820,611,1410,754,1072,448,475,562,1061,415,1764,0,0,0,0,0,0,0,0,0,0,0,0,0,0,0,0,11079,0,0,0,0,0,0
2021-01-06T23:59:59+01:00,130,67,266,292,309,530,410,960,518,737,338,357,422,822,324,1332,0,0,0,0,0,0,0,0,0,0,0,0,0,0,0,0,7814,0,0,0,0,0,0
2021-01-05T23:59:59+01:00,100,51,190,238,242,444,326,843,443,635,326,341,406,787,318,1279,0,0,0,0,0,0,0,0,0,0,0,0,0,0,0,0,6969,0,0,0,0,0,0
2021-01-04T23:59:59+01:00,83,41,169,198,200,350,257,636,353,467,247,252,285,559,210,857,0,0,0,0,0,0,0,0,0,0,0,0,0,0,0,0,5164,0,0,0,0,0,0
2021-01-03T23:59:59+01:00,81,37,163,193,196,334,256,622,343,451,242,249,281,547,208,840,0,0,0,0,0,0,0,0,0,0,0,0,0,0,0,0,5043,0,0,0,0,0,0
2021-01-02T23:59:59+01:00,81,37,163,193,196,334,254,622,342,451,242,249,281,547,208,840,0,0,0,0,0,0,0,0,0,0,0,0,0,0,0,0,5040,0,0,0,0,0,0
2021-01-01T23:59:59+01:00,81,37,162,193,196,333,254,622,341,449,242,249,281,546,208,840,0,0,0,0,0,0,0,0,0,0,0,0,0,0,0,0,5034,0,0,0,0,0,0
2020-12-31T23:59:59+01:00,81,37,162,191,196,332,253,621,340,448,242,249,281,546,208,840,0,0,0,0,0,0,0,0,0,0,0,0,0,0,0,0,5027,0,0,0,0,0,0
2020-12-30T23:59:59+01:00,80,37,162,189,194,330,253,620,340,447,242,249,281,546,208,840,0,0,0,0,0,0,0,0,0,0,0,0,0,0,0,0,5018,0,0,0,0,0,0
2020-12-29T23:59:59+01:00,56,24,115,143,147,224,184,446,239,345,159,159,199,413,152,654,0,0,0,0,0,0,0,0,0,0,0,0,0,0,0,0,3659,0,0,0,0,0,0
2020-12-28T23:59:59+01:00,29,17,65,77,83,127,103,254,112,208,92,92,102,218,93,364,0,0,0,0,0,0,0,0,0,0,0,0,0,0,0,0,2036,0,0,0,0,0,0
2020-12-27T23:59:59+01:00,14,8,17,24,37,53,35,84,35,82,32,28,36,80,30,137,0,0,0,0,0,0,0,0,0,0,0,0,0,0,0,0,732,0,0,0,0,0,0
