Datum,<15_m,<15_w,15-24_1_m,15-24_1_w,25-34_1_m,25-34_1_w,35-44_1_m,35-44_1_w,45-54_1_m,45-54_1_w,55-64_1_m,55-64_1_w,65-74_1_m,65-74_1_w,75-84_1_m,75-84_1_w,>84_1_m,>84_1_w,<24_2_m,<24_2_w,25-34_2_m,25-34_2_w,35-44_2_m,35-44_2_w,45-54_2_m,45-54_2_w,55-64_2_m,55-64_2_w,65-74_2_m,65-74_2_w,75-84_2_m,75-84_2_w,>84_2_m,>84_2_w,bp_1,bp_2,mo_1,mo_2,az_1,az_2,ja,unb_1,unb_2
2021-08-30T23:59:59+02:00,32255,30092,263431,253454,371319,341780,388870,381598,453765,463170,507831,509721,347935,388565,244255,312744,71872,131596,236658,228325,347518,316355,367722,357348,432439,438767,487371,488871,337014,375997,236734,302415,69001,125577,3917144,3692010,517421,492025,807517,758932,252723,482,385
2021-08-29T23:59:59+02:00,32085,29924,262952,253012,370947,341426,388566,381307,453521,462929,507622,509516,347851,388466,244209,312688,71863,131577,236020,227755,347020,315857,367296,356920,432056,438423,487085,488626,336886,375853,236677,302349,68988,125557,3914448,3688460,517321,491647,807492,758687,251752,482,385
2021-08-28T23:59:59+02:00,31997,29831,262729,252835,370773,341275,388412,381188,453398,462815,507549,509466,347829,388445,244198,312677,71862,131574,235704,227498,346776,315667,367080,356758,431874,438262,486962,488536,336847,375813,236655,302324,68987,125553,3913429,3686903,517281,491534,807486,758661,251209,482,385
2021-08-27T23:59:59+02:00,31770,29588,262081,252271,370271,340769,387948,380748,452952,462426,507188,509188,347703,388313,244141,312593,71844,131555,235112,227011,346183,315179,366621,356347,431436,437918,486669,488294,336719,375699,236605,302263,68978,125547,3909699,3683803,517213,491324,807420,758605,249569,482,385
2021-08-26T23:59:59+02:00,31395,29202,261098,251306,369444,339975,387220,380025,452288,461762,506658,508714,347475,388061,244019,312483,71816,131496,233686,225691,344996,314034,365562,355385,430593,437144,486031,487738,336448,375396,236449,302100,68952,125505,3903659,3675802,516973,490692,807373,758261,246984,482,385
2021-08-25T23:59:59+02:00,31043,28874,260206,250469,368719,339222,386584,379343,451667,461182,506119,508275,347246,387812,243899,312328,71782,131430,231724,223882,343565,312676,364417,354225,429622,436203,485259,487041,336080,375017,236306,301870,68909,125421,3898124,3664286,516849,490285,807345,758113,244435,481,383
2021-08-24T23:59:59+02:00,30751,28621,259512,249728,368136,338617,386069,378792,451209,460705,505733,507928,347045,387600,243792,312172,71755,131360,230539,222843,342625,311772,363654,353504,428968,435580,484712,486511,335811,374717,236178,301713,68886,125358,3893500,3657311,516574,489851,807327,757814,242677,481,378
2021-08-23T23:59:59+02:00,30247,28108,258145,248440,367124,337722,385253,378018,450450,460037,505102,507371,346770,387321,243654,311986,71728,131302,229080,221555,341343,310735,362722,352668,428127,434845,484022,485948,335515,374394,236047,301529,68860,125299,3886247,3650089,516433,489393,807293,757541,239357,481,378
2021-08-22T23:59:59+02:00,30108,27996,257744,248078,366780,337402,384984,377755,450218,459797,504920,507228,346679,387228,243615,311928,71712,131276,228370,220892,340667,310085,362196,352173,427700,434444,483706,485689,335357,374219,235985,301427,68841,125262,3884082,3645780,516294,488941,807254,757251,238370,481,378
2021-08-21T23:59:59+02:00,29861,27793,257255,247620,366469,337085,384733,377500,450015,459624,504773,507091,346626,387172,243594,311890,71709,131267,227633,220242,340192,309693,361801,351774,427339,434139,483479,485500,335274,374153,235959,301384,68835,125250,3881568,3642853,516154,487748,807247,757195,237660,481,378
2021-08-20T23:59:59+02:00,29673,27596,256601,246965,365738,336469,384070,376980,449426,459135,504306,506774,346485,387017,243539,311794,71693,131234,225843,218640,338804,308522,360701,350830,426395,433350,482768,484956,335036,373906,235859,301266,68811,125221,3878147,3634722,515839,486605,807235,756830,234825,481,378
2021-08-19T23:59:59+02:00,29348,27287,255644,246131,364766,335700,383307,376304,448721,458519,503754,506297,346251,386760,243432,311650,71661,131163,223105,216222,336520,306715,359014,349371,425012,432099,481625,484008,334624,373486,235668,301029,68777,125151,3872782,3620520,515487,484861,807206,756365,231771,480,378
2021-08-18T23:59:59+02:00,29068,27029,254856,245433,364079,335099,382740,375738,448134,458034,503285,505896,345984,386524,243315,311504,71630,131098,220656,213719,334494,304966,357390,347734,423509,430787,480496,482985,334113,372943,235440,300740,68730,125059,3867764,3607405,515316,480982,807182,755990,229734,480,378
2021-08-17T23:59:59+02:00,28757,26754,254077,244730,363474,334437,382190,375200,447662,457567,502863,505484,345789,386320,243201,311376,71604,131047,217924,210984,332437,303151,355717,346282,422091,429532,479383,482011,333639,372409,235214,300459,68680,124985,3862866,3592521,515019,478217,807155,755573,228041,480,377
2021-08-16T23:59:59+02:00,28476,26497,253398,244093,362914,333889,381734,374746,447235,457133,502454,505121,345608,386116,243106,311216,71573,131008,214783,207937,330169,301057,354216,344847,420899,428411,478449,481177,333259,371978,235032,300190,68642,124899,3858542,3575302,514868,477522,807132,755228,226324,480,377
2021-08-15T23:59:59+02:00,28283,26337,252917,243656,362498,333510,381382,374415,446942,456885,502219,504933,345498,386003,243059,311137,71562,130987,210789,203896,328291,299454,352967,343646,419889,427483,477671,480524,332929,371648,234914,300016,68618,124849,3855769,3557817,514734,476614,807099,754908,225170,480,377
2021-08-14T23:59:59+02:00,28218,26283,252677,243458,362269,333336,381208,374267,446787,456757,502104,504827,345449,385971,243041,311114,71559,130983,209724,202802,327487,298694,352255,342976,419400,427026,477289,480205,332790,371521,234876,299959,68609,124832,3854615,3551181,514664,476251,807095,754833,224483,480,377
2021-08-13T23:59:59+02:00,27968,26043,251983,242877,361776,332913,380780,373843,446355,456398,501769,504572,345321,385822,242977,311040,71547,130955,207855,201026,326072,297391,351003,341799,418359,426091,476543,479571,332549,371233,234764,299817,68591,124780,3850849,3539329,514594,475657,807085,754643,222966,474,377
2021-08-12T23:59:59+02:00,27773,25823,251264,242248,361166,332337,380259,373369,445831,455963,501357,504227,345143,385624,242877,310938,71535,130907,205275,198773,323201,294875,349009,340019,416864,424861,475334,478518,332112,370707,234520,299541,68551,124698,3846973,3522054,514410,474497,807051,753623,220762,474,377
2021-08-11T23:59:59+02:00,27541,25574,250543,241571,360556,331773,379746,372898,445380,455553,500953,503806,344919,385388,242765,310806,71508,130856,202246,195799,320029,291953,346848,337960,415378,423464,474060,477237,331577,370074,234274,299143,68503,124577,3842231,3500327,514198,473437,807014,752690,219248,474,376
2021-08-10T23:59:59+02:00,27301,25318,249718,240849,359864,331242,379220,372362,444891,455084,500512,503418,344731,385195,242681,310671,71485,130812,198064,191693,315386,287771,343885,335201,413270,421529,472483,475794,330906,369408,233987,298741,68448,124461,3837243,3470357,513923,472365,806980,751543,217764,473,376
2021-08-09T23:59:59+02:00,27110,25122,249103,240286,359304,330782,378790,371989,444493,454748,500177,503140,344577,385052,242617,310562,71465,130777,193540,187121,309694,283037,341139,332723,411373,419767,470872,474338,330278,368724,233723,298375,68392,124329,3833664,3440117,513748,469626,806951,750460,216287,473,375
2021-08-08T23:59:59+02:00,26946,24971,248630,239891,358922,330440,378454,371711,444203,454501,499941,502950,344472,384949,242557,310484,71448,130744,192204,185765,308083,281714,339840,331579,410517,419019,470313,473832,330022,368459,233601,298210,68367,124279,3831200,3431124,513598,468275,806901,749986,215071,473,375
2021-08-07T23:59:59+02:00,26799,24798,248109,239442,358530,330111,378121,371432,443910,454266,499716,502777,344401,384856,242522,310435,71440,130733,188547,182184,306044,279869,338128,330065,409190,417764,469391,473045,329672,368089,233471,298022,68333,124243,3828373,3411590,513491,466948,806891,749772,214199,473,372
2021-08-06T23:59:59+02:00,26578,24565,247243,238783,357760,329511,377461,370858,443261,453747,499189,502392,344166,384652,242424,310320,71429,130711,184820,178647,302596,277083,336010,328240,407598,416435,468100,472084,329294,367705,233311,297868,68309,124197,3825842,3392376,512150,465227,806881,748683,210733,473,371
2021-08-05T23:59:59+02:00,26260,24245,246076,237857,356879,328657,376658,370144,442537,453078,498531,501860,343888,384354,242310,310147,71388,130649,180367,174712,297243,272716,331918,324713,404809,413960,465857,470304,328629,367006,233050,297503,68251,124087,3819602,3364632,511896,460541,806821,744995,207754,473,371
2021-08-04T23:59:59+02:00,25891,23903,244939,236874,355896,327755,375892,369438,441918,452483,497965,501343,343616,384087,242191,309978,71362,130579,176908,171420,293499,269598,327520,320823,402566,411874,464160,468759,327940,366311,232779,297156,68193,123986,3813184,3337588,511558,458790,806788,743249,205140,465,368
2021-08-03T23:59:59+02:00,25427,23485,243578,235697,355004,326936,375192,368757,441274,451829,497377,500815,343329,383789,242065,309803,71319,130513,173434,167987,289413,265972,322424,316229,399833,409327,461842,466674,327117,365454,232432,296692,68127,123850,3805314,3305637,511399,456924,806752,741180,203283,465,368
2021-08-02T23:59:59+02:00,25110,23178,242531,234744,354165,326190,374501,368165,440712,451291,496862,500370,343070,383517,241950,309653,71293,130454,169804,164401,284737,262024,316574,311291,397092,406782,459619,464691,326346,364622,232138,296295,68065,123733,3799029,3272280,511154,454969,806698,738656,201433,465,367
2021-08-01T23:59:59+02:00,24959,22991,241905,234146,353574,325687,374067,367785,440279,450971,496517,500093,342935,383355,241875,309536,71280,130427,168260,162957,282262,260038,311952,307578,395239,405213,458147,463449,325921,364142,231972,296079,68038,123674,3795400,3254444,510848,452841,806611,736214,200079,465,367
2021-07-31T23:59:59+02:00,24850,22886,241564,233831,353296,325467,373831,367618,440092,450820,496410,499994,342902,383318,241855,309523,71279,130422,164502,159123,279445,257505,309872,305588,393844,403931,457001,462463,325603,363766,231838,295907,68012,123628,3793807,3231588,510662,451904,806606,735426,199439,465,367
2021-07-30T23:59:59+02:00,24563,22629,240773,233122,352724,324943,373350,367157,439636,450421,496052,499704,342764,383179,241811,309444,71266,130406,160764,155364,276049,254407,306856,302778,391620,401826,455162,460885,325096,363239,231629,295615,67979,123572,3789755,3206574,510308,450706,806589,732238,197848,465,367
2021-07-29T23:59:59+02:00,24216,22292,239237,231858,351571,323874,372389,366253,438790,449632,495247,499082,342435,382869,241676,309265,71229,130342,155923,150898,270682,250241,300966,298016,387281,398353,452118,458487,324264,362400,231319,295209,67919,123476,3782231,3172780,509641,445871,806507,727144,194433,465,367
2021-07-28T23:59:59+02:00,23918,22008,238093,230829,350693,323039,371652,365576,438164,448972,494682,498597,342183,382573,241546,309082,71195,130271,152170,147258,266200,246598,296543,294074,384023,395512,450036,456648,323608,361645,231058,294825,67854,123353,3775566,3142156,509112,443953,806428,724516,192523,464,366
2021-07-27T23:59:59+02:00,23649,21784,237089,229863,349854,322302,370960,364990,437584,448363,494156,498141,341943,382272,241413,308889,71160,130173,147151,142145,260294,241468,291252,289325,380019,391823,446867,453849,322628,360548,230695,294322,67764,123197,3769319,3100666,508568,441661,806373,720784,190882,463,365
2021-07-26T23:59:59+02:00,23417,21548,236122,228900,349074,321603,370368,364446,437031,447880,493707,497779,341716,382034,241286,308733,71137,130116,142809,137763,254758,236689,286091,284858,375563,387877,443356,450830,321678,359585,230368,293844,67690,123060,3763703,3061321,507944,439412,806294,716441,189510,463,365
2021-07-25T23:59:59+02:00,23059,21247,234785,227750,348139,320843,369696,363791,436461,447343,493253,497377,341520,381821,241199,308603,71116,130052,140965,136015,252085,234478,283600,282771,373432,386109,441288,449054,321172,359073,230170,293616,67665,122984,3756680,3046395,507568,437239,806232,712095,188128,463,365
2021-07-24T23:59:59+02:00,22812,21052,233858,226893,347420,320194,369124,363269,435935,446906,492893,497101,341403,381724,241157,308541,71113,130041,138073,133216,249355,232160,281039,280566,371180,384256,440052,448071,320825,358737,230026,293438,67646,122950,3752688,3028082,506800,434234,806215,711759,186285,463,365
2021-07-23T23:59:59+02:00,22396,20666,232358,225560,346105,319265,368082,362411,435059,446121,492197,496570,341168,381454,241068,308428,71092,130005,132600,128379,243998,227870,276569,276789,367493,381070,437409,445875,320127,358016,229772,293129,67592,122869,3745264,2992624,506330,432467,806160,709622,182801,463,364
2021-07-22T23:59:59+02:00,21895,20190,230259,223592,344362,317733,366584,361128,433750,444984,491219,495678,340748,381007,240899,308184,71047,129925,128264,124333,238010,223371,270196,271736,360613,375584,431957,441379,318958,356766,229345,292612,67498,122718,3732878,2950654,504745,426494,806036,703313,180070,463,364
2021-07-21T23:59:59+02:00,21388,19671,228383,221782,342672,316211,364969,359561,432180,443601,490000,494514,340199,380488,240652,307900,70994,129830,124512,120774,232563,219141,264681,267220,352495,368668,427361,437644,317843,355619,228885,292048,67417,122540,3721938,2915234,500994,415641,805813,698538,176791,463,361
2021-07-20T23:59:59+02:00,21085,19392,226920,220317,341445,315052,364010,358690,431328,442815,489285,493877,339861,380120,240508,307679,70967,129741,120182,116549,226222,213975,258860,262057,345388,362573,422674,433340,316751,354366,228473,291466,67322,122359,3712697,2871539,500590,408437,805683,694154,174662,463,360
2021-07-19T23:59:59+02:00,20769,19098,225194,218632,340141,313807,362982,357721,430523,442045,488615,493265,339565,379759,240359,307449,70923,129643,117434,113958,221851,210389,254257,258108,341680,359405,420062,431166,316031,353639,228182,291076,67249,122235,3702179,2846570,500172,403060,805594,689843,173084,463,360
2021-07-18T23:59:59+02:00,20616,18967,223907,217366,338544,312388,361923,356809,429720,441328,488081,492723,339334,379474,240230,307272,70901,129581,115945,112578,219214,208223,251907,256020,339439,357561,418038,429480,315552,353156,228022,290858,67228,122168,3692787,2834330,499633,398795,805520,686153,171761,463,359
2021-07-17T23:59:59+02:00,20223,18546,222756,216312,337968,311852,361338,356299,429205,440879,487669,492436,339230,379357,240188,307217,70898,129571,113877,110480,216759,205924,249451,253832,337018,355431,416593,428220,315218,352767,227887,290691,67204,122128,3687246,2816863,499430,396077,805507,685368,170300,460,359
2021-07-16T23:59:59+02:00,19680,18033,220210,214169,336231,310560,359837,355012,427738,439675,486571,491575,338826,378988,240015,307059,70873,129534,110766,107678,211998,201996,244921,250195,332726,351739,413250,425502,314299,351842,227537,290275,67150,122046,3677057,2789204,498675,393728,805346,681557,164044,460,358
2021-07-15T23:59:59+02:00,19039,17409,217429,211746,334325,308860,358256,353576,426407,438496,485633,490726,338431,378563,239813,306804,70831,129430,106866,104473,203648,195763,237441,244599,326139,346512,406192,419073,312571,350038,226996,289611,67079,121848,3662049,2742741,498077,385311,805227,674144,160952,460,358
2021-07-14T23:59:59+02:00,18194,16683,214997,209429,332635,307333,356859,352241,425193,437299,484608,489772,337979,378101,239575,306494,70777,129344,103268,101150,197193,190617,231739,239943,321854,343045,402026,415451,311264,348728,226594,289054,66999,121694,3647159,2709218,497519,379785,805099,667354,158263,460,355
2021-07-13T23:59:59+02:00,17544,16024,212810,207404,331035,305963,355525,351022,424025,436216,483648,488913,337545,377629,239372,306249,70742,129252,99516,97620,190719,185232,224613,233889,315187,336987,393641,407607,309477,346806,225993,288267,66891,121497,3633352,2666517,496961,367124,804948,657897,156185,458,349
2021-07-12T23:59:59+02:00,16527,15092,209535,204226,328975,304238,353950,349556,422784,435017,482673,488013,337130,377161,239193,306020,70702,129175,96425,94907,185444,180944,217641,228221,308359,330957,388549,403337,307756,344945,225405,287535,66792,121329,3614917,2628280,496405,360002,804770,649492,154402,457,347
2021-07-11T23:59:59+02:00,16019,14618,208180,202956,328240,303527,353290,348937,422225,434518,482229,487671,336944,376958,239133,305915,70681,129135,95007,93622,182680,178638,214652,225940,305674,328809,385724,400952,305291,342323,225027,287066,66739,121231,3608711,2613332,495767,358015,804644,639014,152583,454,346
2021-07-10T23:59:59+02:00,15545,14159,206336,201175,326782,302268,352156,347966,421501,433924,481755,487273,336776,376793,239067,305829,70671,129115,93709,92352,180154,176531,211619,223456,303160,326651,384562,399917,304644,341653,224847,286878,66723,121204,3600134,2596550,495138,357786,804407,637264,149937,454,346
2021-07-09T23:59:59+02:00,15222,13880,204432,199336,325182,300821,351089,347008,420599,433212,481186,486797,336571,376572,238970,305709,70655,129081,90927,89630,176629,173309,207278,219309,298141,322050,381126,396943,303551,340428,224544,286511,66686,121140,3591006,2567593,494275,355731,804217,629676,147344,454,345
2021-07-08T23:59:59+02:00,14759,13452,200942,196355,321869,298155,348721,345025,418890,431765,479751,485731,336135,376129,238793,305463,70610,129006,86628,85870,169388,167664,199157,212921,290778,315951,374195,390743,300843,337518,223773,285578,66569,120882,3575689,2521465,490223,347094,803699,619338,142457,454,345
2021-07-07T23:59:59+02:00,14259,12998,197210,192497,318712,295300,346419,342985,417333,430297,478556,484634,335659,375568,238604,305192,70573,128901,82950,82430,162105,161965,190132,205756,282810,309397,367176,383938,297543,333919,222873,284479,66431,120636,3554444,2473566,488864,333680,803316,609369,139586,453,343
2021-07-06T23:59:59+02:00,13801,12626,193778,189117,315456,292567,343945,340697,415615,428737,477292,483501,335158,375012,238407,304902,70520,128815,79383,78853,155438,156461,182726,199556,273877,301449,360694,377857,294351,330680,221991,283389,66322,120405,3534607,2421117,485801,326706,802897,599871,137152,452,343
2021-07-05T23:59:59+02:00,13404,12290,189395,184878,311416,289243,341438,338373,413952,427197,476152,482429,334685,374494,238233,304658,70487,128730,76328,76037,150328,152386,177965,195435,266977,295190,354588,372325,291080,327238,221108,282274,66213,120236,3511824,2382115,484645,322226,802406,589520,133088,449,341
2021-07-04T23:59:59+02:00,13227,12133,185558,181012,308788,287224,340130,337305,413074,426419,475572,481944,334464,374241,238143,304534,70461,128677,74146,74171,147244,149838,175643,193397,264539,293132,351483,370123,287780,323850,220529,281610,66158,120117,3499615,2368384,483357,319938,801839,578016,128602,449,339
2021-07-03T23:59:59+02:00,12034,11078,179135,175024,304534,283773,337805,335141,411262,424612,474366,480884,334065,373795,237968,304288,70437,128634,72368,72599,144825,147963,173208,191318,261482,290410,349205,368270,286031,321870,220261,281250,66126,120068,3473296,2352686,481957,319740,801655,573531,122423,449,339
2021-07-02T23:59:59+02:00,10938,9986,175427,171566,302127,281579,336058,333443,410014,423427,473592,480200,333807,373481,237852,304107,70409,128586,69678,69914,140913,144682,168785,187287,255431,284974,343991,363567,282782,318147,219622,280480,66078,119984,3455225,2319538,480482,316957,801467,560958,119915,448,318
2021-07-01T23:59:59+02:00,9847,9061,171763,168138,298093,278299,333573,331181,408221,421853,472497,479239,333388,373021,237651,303835,70362,128508,64805,65200,134622,139359,161518,180793,245195,276136,333210,353803,278008,312881,217770,278228,65899,119672,3432720,2263331,478397,304620,801121,543263,116780,448,317
2021-06-30T23:59:59+02:00,9358,8669,168500,165067,292483,273679,329907,327848,406452,420323,471477,478271,332968,372539,237460,303537,70328,128420,61681,62361,128989,134683,154884,174798,235158,267005,319831,340547,272806,307347,215882,275909,65731,119354,3407673,2208409,476238,291824,800827,524449,113033,447,315
2021-06-29T23:59:59+02:00,8822,8146,164712,161298,287957,269428,326353,324555,404358,418245,469937,476860,332383,371903,237209,303183,70273,128311,58899,59376,124053,130285,148872,169281,223323,256327,311290,332198,266352,300167,213916,273455,65528,119009,3380220,2149268,474251,287174,800504,507067,109439,446,312
2021-06-28T23:59:59+02:00,8417,7766,161398,157847,282929,265117,323061,321706,402218,416319,468451,475552,331863,371292,236976,302872,70229,128217,56632,57036,120161,126783,144534,165204,214107,247923,305512,326804,261410,294876,212153,271224,65382,118745,3356340,2113617,470278,278580,799848,490557,106239,446,309
2021-06-27T23:59:59+02:00,8269,7643,159897,156325,280828,263311,321263,320174,400525,414959,467562,474842,331570,371000,236873,302710,70210,128168,55435,55930,118041,125079,141976,163080,210007,244545,302159,323952,257611,290883,209698,268317,65271,118557,3346355,2098207,468206,275106,798799,474441,103244,446,309
2021-06-26T23:59:59+02:00,7117,6547,156635,152987,278723,261425,318857,317940,399336,413808,466863,474141,331299,370717,236767,302553,70186,128138,54888,55346,116710,123932,140556,161847,207763,242543,299629,321542,256080,289225,209365,267907,65244,118487,3327254,2081456,465389,275018,798793,471946,103111,408,275
2021-06-25T23:59:59+02:00,5897,5431,152327,148711,275337,258471,316800,315980,398033,412564,465864,473318,331010,370383,236640,302398,70158,128088,53603,53723,114239,121239,136485,157283,199012,234100,293952,315678,254359,287108,208775,267107,65173,118369,3302324,2039019,463963,273328,798739,465377,102890,408,275
2021-06-24T23:59:59+02:00,5044,4647,147889,144589,270526,254548,312529,312209,395854,410695,464494,472188,330591,369921,236472,302162,70125,128001,50962,51138,109129,116535,129174,150652,187004,223668,282549,305461,248986,281281,206945,264765,64970,117969,3271227,1977089,461964,261579,798571,451642,101223,407,274
2021-06-23T23:59:59+02:00,4825,4440,144731,141479,266841,251401,307292,307416,393361,408352,463091,470873,330064,369303,236243,301853,70077,127896,49022,49060,105337,112629,123514,144980,177127,215015,270598,293493,244383,276479,205614,263069,64809,117609,3243731,1920874,458447,251737,798413,440956,99449,405,273
2021-06-22T23:59:59+02:00,4575,4211,141660,138355,263137,248028,301173,301982,390727,405796,461550,469392,329521,368700,236024,301503,70029,127790,47336,47323,101735,109337,118729,140414,164550,203885,259701,283210,240324,272015,203695,260662,64558,117140,3211718,1862618,456519,244035,798228,430006,98182,403,265
2021-06-21T23:59:59+02:00,4316,3966,138400,135417,258439,244142,295934,297121,387691,402931,460080,468046,329003,368143,235801,301192,69989,127677,46107,46096,99358,107124,115998,137715,158346,198121,252825,276573,234977,266188,199776,256157,64373,116765,3180041,1831689,454485,238524,798020,410261,96232,402,265
2021-06-20T23:59:59+02:00,4172,3848,136897,133913,254214,240676,293359,294886,386301,401619,459291,467302,328780,367863,235689,301060,69969,127615,44990,45179,97107,105340,113731,135733,155316,195588,248526,272516,231979,262664,198789,254905,64292,116639,3162640,1811406,452725,234978,797868,402406,94705,402,259
2021-06-19T23:59:59+02:00,3755,3497,134749,131817,251464,238358,291579,293242,384464,400053,458448,466574,328560,367611,235585,300920,69948,127583,44455,44532,95840,104088,112265,134271,153818,194154,245311,269503,231262,261818,198618,254642,64270,116586,3146311,1795490,449909,233401,797859,402130,94605,402,258
2021-06-18T23:59:59+02:00,2806,2584,131473,128678,247941,235316,287571,289838,382069,397929,457110,465412,328186,367211,235430,300684,69921,127534,43672,43620,94261,102312,109980,131608,150276,190126,238466,262240,229542,259820,198134,254004,64195,116452,3120527,1766237,445479,232881,797833,395443,94331,401,258
2021-06-17T23:59:59+02:00,2572,2361,127767,125393,241934,230882,282359,285455,377288,393947,454790,463582,327596,366492,235188,300329,69856,127421,41435,41797,90214,98844,105096,126867,142420,182457,227089,250871,224347,253894,196487,251853,63935,116033,3085808,1710652,442503,228745,797580,384552,89874,321,250
2021-06-16T23:59:59+02:00,2301,2128,124534,121992,237046,226550,277667,281195,372117,389456,452209,461451,326858,365696,234900,299919,69790,127308,39608,40206,86683,95826,100755,123051,134196,175130,215002,238979,218129,246801,194570,249531,63683,115545,3052354,1650971,436970,223146,797069,376482,87273,319,249
2021-06-15T23:59:59+02:00,1914,1796,119620,117127,231065,221409,272323,276215,367058,384826,449369,459043,325991,364727,234553,299405,69708,127125,37990,38599,83364,92784,96792,119007,127154,168763,202678,226979,212110,240020,192616,247106,63372,114976,3007695,1593788,435047,217314,796505,368816,84564,319,246
2021-06-14T23:59:59+02:00,1652,1522,115569,112970,225840,216500,266963,271243,361775,380086,446257,456453,325210,363872,234241,299016,69646,127005,37009,37711,81088,90700,94088,116494,123047,165022,196091,220496,209003,236517,191482,245636,63154,114587,2965589,1564262,432696,215044,796247,361164,81819,317,245
2021-06-13T23:59:59+02:00,1578,1437,114075,111594,223394,214399,264423,268983,359520,378131,445088,455421,324935,363568,234106,298848,69614,126931,36148,36982,79237,89036,92081,114682,120225,162429,192232,216798,205923,233082,190451,244270,62922,114176,2950606,1550310,430259,207783,795942,352971,79765,317,244
2021-06-12T23:59:59+02:00,1429,1300,111427,108849,221501,212671,263040,267709,358085,376734,444191,454652,324648,363259,234014,298745,69596,126903,35779,36578,78252,87941,90832,113389,118651,160870,188674,213496,204889,231957,189050,242613,62912,114146,2934441,1537181,429280,207774,795923,345589,79635,316,243
2021-06-11T23:59:59+02:00,1281,1164,108886,106338,218609,210050,259378,264523,354952,374006,442477,453181,324214,362809,233877,298540,69569,126848,35109,35466,76253,84573,88599,109865,114550,155729,181984,206056,202794,229590,188448,241845,62850,114049,2910041,1509733,426491,207081,795744,332146,78946,316,242
2021-06-10T23:59:59+02:00,1120,1011,104129,101935,212540,205292,252325,258702,348867,368713,437984,449408,323360,361841,233556,298093,69486,126696,33528,33984,72261,80403,83684,104363,107889,147533,169661,192427,196731,222716,186721,239706,62597,113647,2866449,1462685,419400,205344,794900,305149,74814,314,237
2021-06-09T23:59:59+02:00,972,881,100214,98235,206585,200565,245514,252997,342214,362766,434310,446387,322688,361100,233288,297715,69422,126564,31997,32728,69032,77754,79990,101196,103175,143257,158534,181691,186126,210742,184859,237461,62325,113152,2827498,1408730,410876,201372,794398,293889,70168,287,233
2021-06-08T23:59:59+02:00,789,700,95687,93694,199956,195006,238558,246989,333969,355490,429205,441723,321856,360101,232916,297231,69341,126427,30923,31875,66447,75458,76711,98476,98600,139341,150950,174208,177423,201036,183056,235217,62092,112786,2775558,1369583,405115,196463,793815,283037,65658,287,221
2021-06-07T23:59:59+02:00,631,558,92470,90598,193897,190305,232003,241751,326137,349320,426164,439282,321314,359470,232702,296908,69287,126331,30058,31029,63985,73506,73757,96320,94842,136409,142881,166427,173382,196426,181629,233406,61869,112403,2736591,1342508,398957,193173,793250,271950,60831,285,220
2021-06-06T23:59:59+02:00,593,522,90896,89282,190613,187763,228656,238985,321862,345919,424733,438207,321046,359177,232594,296750,69263,126284,29457,30474,62216,71827,71682,94314,91658,133343,137202,160651,170852,193808,180520,232006,61640,112023,2721196,1330672,391576,183528,792776,261511,58091,283,219
2021-06-05T23:59:59+02:00,513,442,88953,87268,185748,183548,226194,236856,320046,344292,423734,437293,320760,358857,232446,296581,69249,126252,29002,29720,61015,69876,70285,92168,89980,131080,132452,155325,167850,190143,180036,231349,61606,111957,2697726,1307073,391456,183048,792630,256135,57709,282,218
2021-06-04T23:59:59+02:00,413,357,86600,84740,182087,179944,222188,232908,316457,340653,421374,435101,320302,358322,232249,296352,69211,126189,28537,29050,59900,68225,69010,90092,88191,128468,129091,151671,163617,185378,179045,230082,61558,111871,2668478,1288271,387636,182276,792513,246057,57301,282,217
2021-06-03T23:59:59+02:00,320,283,83313,81674,176358,175286,214936,226816,308752,333960,413621,428245,319271,357145,231880,295904,69156,126058,27648,28041,58007,66039,66622,87350,84562,124359,122346,145009,157276,177778,177476,228056,61445,111634,2619577,1259100,377401,176972,792094,233319,54371,280,212
2021-06-02T23:59:59+02:00,271,224,81235,79509,172284,171566,211290,223660,305174,330614,411577,426415,318865,356693,231727,295698,69128,126007,27182,27563,56882,64926,65032,86079,82508,122424,117376,140128,149402,168820,176757,227101,61360,111465,2590833,1226926,376017,175003,792063,229704,53481,277,207
2021-06-01T23:59:59+02:00,172,156,76972,75685,164009,165010,201936,215930,296074,322740,403379,418582,317356,355087,231188,294962,69016,125779,25631,26147,52570,61977,60199,82791,77096,117923,109949,132921,138308,155419,174656,224365,61150,111038,2532178,1176810,364383,170892,791302,217928,46609,275,202
2021-05-31T23:59:59+02:00,150,139,74229,73208,158356,160697,194630,209967,288685,316368,397640,413620,316362,353978,230803,294442,68926,125608,24720,25089,49948,59764,57035,80260,73496,114649,105456,128480,134164,150521,173291,222645,60980,110706,2491778,1154405,354998,168563,790671,207536,40792,274,200
2021-05-30T23:59:59+02:00,139,131,73179,72142,155880,158669,192009,207615,285909,313851,395755,411880,316000,353567,230642,294208,68888,125528,24118,24302,48360,58037,55298,78407,71271,112088,102800,125618,132012,147999,172498,221710,60887,110495,2475964,1144640,352481,167257,790044,196163,37931,273,196
2021-05-29T23:59:59+02:00,136,129,72569,71550,154369,157268,189710,205583,284069,312265,394918,411107,315779,353322,230562,294130,68877,125510,23796,23777,47443,56542,53959,76534,69348,109243,100484,122821,129210,144579,171846,220802,60860,110443,2462071,1131045,352321,167192,789976,185628,37911,273,195
2021-05-28T23:59:59+02:00,132,126,71483,70432,151980,155012,186055,202047,280800,309129,393058,409341,315372,352820,230415,293915,68858,125453,23265,22775,45835,54416,52135,73976,67307,105295,96161,116929,124838,139531,170871,219495,60814,110329,2438273,1108448,351273,166979,789768,171100,37533,272,192
2021-05-27T23:59:59+02:00,121,116,68172,67418,145497,150076,177869,195797,274415,303973,386745,403661,314111,351376,229956,293385,68787,125271,21945,21092,42585,51366,48258,70160,62759,99284,89811,109420,120914,134911,168074,215794,60642,110016,2393725,1080034,343658,164238,787960,151034,31807,272,188
2021-05-26T23:59:59+02:00,117,113,66020,65241,140545,145996,171773,190734,267664,298307,380007,396973,312595,349773,229470,292689,68685,125060,21204,20176,40766,49230,45905,67429,59726,95492,85223,104311,115935,129195,164286,210463,60433,109590,2356471,1048144,330463,162664,786148,139560,29076,270,187
2021-05-25T23:59:59+02:00,116,106,63989,63252,136345,142507,166723,186446,260598,292030,374586,391587,311318,348369,229066,292046,68601,124883,20626,19513,39367,47713,44072,65415,57256,92495,81145,99939,111002,123511,158755,203228,60263,109286,2318955,1016653,322957,159243,783609,130334,27440,266,181
2021-05-24T23:59:59+02:00,113,104,62748,62041,133591,140403,163442,184033,253651,286043,369656,386915,310491,347450,228781,291661,68529,124754,20284,19107,38349,46642,42728,63931,55578,90485,78911,97432,109583,121856,158149,202439,60151,109084,2295223,1007307,311857,157945,781821,123651,25892,266,178
2021-05-23T23:59:59+02:00,108,104,62251,61525,132491,139511,162248,182999,252408,285023,368071,385487,309875,346793,228610,291435,68508,124718,20054,18920,37798,46086,41974,63232,54418,89489,77423,96067,108409,120460,157171,201220,60081,108944,2283732,999144,311275,154864,781776,122058,25767,266,176
2021-05-22T23:59:59+02:00,105,102,61557,60904,131003,138440,159878,181378,249439,282734,365593,383265,309346,346200,228433,291169,68482,124668,19735,18500,37186,45486,41334,62703,53762,88764,76652,94925,106859,118660,156399,200251,60054,108890,2265776,992445,311260,154860,781736,118634,24304,266,176
2021-05-21T23:59:59+02:00,101,98,60226,59464,128101,135847,156595,178057,244208,277971,359501,377581,308413,345110,228137,290773,68422,124560,19375,18134,36573,44717,40683,61653,52811,87371,74934,92623,103618,114710,155261,198800,59962,108715,2229733,979429,309622,154534,780166,112040,24021,263,174
2021-05-20T23:59:59+02:00,94,96,57177,56669,122369,130977,149670,171747,233904,269232,350479,369304,305882,342372,227371,289766,68290,124342,18079,17200,34400,42471,38230,58755,49996,83601,71006,88127,99499,110075,152803,195787,59782,108359,2171803,960152,302968,152592,774210,94378,21125,255,174
2021-05-19T23:59:59+02:00,93,94,54963,54476,117364,126298,142504,165136,223372,259880,339934,358417,303240,339505,226626,288724,68140,124066,17499,16416,33175,40884,36826,56693,47985,80824,67768,84550,95617,105599,149182,191069,59520,107868,2105935,936769,296713,150616,771233,84877,19297,255,161
2021-05-18T23:59:59+02:00,88,89,52867,52517,112581,122039,136128,159568,211807,249515,330066,348624,300572,336540,225750,287529,67988,123812,16982,15812,31965,39423,35471,54899,46180,78416,64883,81324,91617,101072,145989,187012,59307,107433,2046114,916556,287352,147759,767639,76236,17314,251,161
2021-05-17T23:59:59+02:00,85,86,51833,51524,110249,119983,133321,156913,205285,243502,322500,341542,298784,334571,225166,286706,67881,123600,16526,15363,30916,38378,34306,53609,44698,76618,62622,78931,86786,95216,144526,185128,59157,107118,2019333,904870,275060,140297,764217,69552,15257,250,158
2021-05-16T23:59:59+02:00,84,83,51046,50868,108807,118660,131582,155254,202316,240822,315070,334593,297767,333442,224859,286222,67829,123503,16242,14991,30167,37598,33434,52688,43633,75305,61289,77462,83369,91145,143738,184053,59070,106978,2004017,898793,264642,133531,760979,65413,13503,248,154
2021-05-15T23:59:59+02:00,84,83,50510,50235,107808,117673,130569,154145,200382,238888,311500,331385,297146,332756,224663,285951,67809,123439,16102,14828,29913,37292,33148,52257,43146,74660,60441,76480,82772,90328,143222,183385,59034,106931,1987829,893556,264624,133384,760112,64286,12792,246,153
2021-05-14T23:59:59+02:00,83,83,49250,48813,105557,115580,126982,150694,192177,231822,305189,325505,296166,331619,224378,285503,67762,123344,15604,14400,29130,36473,32380,51067,42068,72880,58880,74530,80870,87842,142609,182398,58994,106845,1950590,883921,262927,132513,755562,58865,11748,243,152
2021-05-13T23:59:59+02:00,79,82,47334,46868,101717,112355,122276,146589,182166,223244,294591,315694,293200,328201,223570,284363,67662,123137,14741,13954,28274,35777,31618,50165,41125,71787,57375,72965,77093,83495,139850,178794,58884,106629,1899048,871386,254322,125469,749333,55014,10731,240,149
2021-05-12T23:59:59+02:00,77,80,46423,46162,99799,110931,120217,144931,179621,221136,289860,310372,292037,326935,223329,284044,67624,123052,14576,13804,27954,35559,31218,49875,40680,71412,56836,72398,75757,81872,139074,177661,58798,106469,1876000,865661,252161,123680,748844,54744,9931,235,148
2021-05-11T23:59:59+02:00,73,74,44179,44687,95773,107855,114417,140206,166258,209870,278214,299613,288636,323024,222372,282643,67475,122753,14148,13237,26945,34134,30089,48074,39376,69134,55125,70133,72674,78290,137722,175832,58640,106111,1817162,853407,242466,120992,740336,46881,8455,231,146
2021-05-10T23:59:59+02:00,72,70,42927,43716,93173,105853,111163,137579,157875,202848,270346,292509,286464,320577,221798,281781,67351,122511,13804,12793,26185,33151,29296,46815,38380,67279,53900,68404,70589,75734,136577,174322,58520,105823,1781634,844545,236422,119940,733371,39681,7481,227,140
2021-05-09T23:59:59+02:00,71,70,41806,42946,90492,104101,108503,135811,152872,199432,264828,287574,285226,319196,221423,281252,67285,122365,13489,12575,25494,32482,28566,46013,37589,66319,52963,67457,69360,74332,135981,173489,58465,105692,1762338,839967,229329,118964,727386,34917,6491,223,138
2021-05-08T23:59:59+02:00,70,70,41515,42646,89647,103372,107412,134958,151427,198218,262267,285512,284725,318654,221304,281073,67269,122333,13387,12514,25367,32390,28422,45884,37400,66125,52623,67139,68396,73411,134913,172126,58418,105599,1750321,835366,228818,118220,727163,34139,6478,201,121
2021-05-07T23:59:59+02:00,68,69,40592,41930,87717,102035,104590,132750,146808,194414,256018,280008,283387,317056,220954,280616,67216,122210,12641,12031,24545,31656,27659,44824,36537,64862,51437,65630,66149,70725,132693,169309,58328,105421,1724561,825711,225611,115957,723042,27343,5525,200,119
2021-05-06T23:59:59+02:00,64,68,37949,40208,82971,98581,98596,128000,136627,185910,239574,265601,278264,311265,219668,278928,67041,121894,11954,11515,23607,30551,26665,43472,35182,62860,49699,63657,63663,67601,130583,166550,58214,105203,1659032,814625,215701,112852,712153,18975,4612,190,118
2021-05-05T23:59:59+02:00,62,65,36062,39014,79318,95998,93996,124354,128807,179381,224825,251566,272081,304127,218096,276939,66795,121371,11720,11240,23068,29826,26062,42548,34257,61461,48548,62244,61054,64496,127641,162851,58116,104953,1592851,802353,210630,109289,706118,14994,3539,190,115
2021-05-04T23:59:59+02:00,62,63,34958,37910,76598,93680,90495,121314,123246,174651,214211,241295,266594,297683,216656,275095,66586,120903,11558,11036,22664,29286,25605,41775,33540,60375,47440,60971,58335,61321,125277,159920,57966,104717,1543834,790488,205514,106654,700043,11848,2887,188,113
2021-05-03T23:59:59+02:00,61,61,34090,36856,74312,91866,87619,118967,118806,171008,207559,235295,263317,293820,215858,274014,66465,120608,11313,10763,22270,28710,25122,41076,32855,59409,46418,59832,55553,57985,121504,155029,57709,104280,1512098,774658,202404,104942,695121,9088,1230,186,112
2021-05-02T23:59:59+02:00,61,61,33738,36538,73139,90963,86152,117874,116381,169142,204464,232784,262358,292732,215574,273606,66399,120500,11242,10691,22082,28499,24893,40790,32514,59003,45967,59356,54364,56524,118441,151351,57625,104150,1501512,769645,199613,99390,691247,8188,361,185,109
2021-05-01T23:59:59+02:00,60,61,33421,36164,72379,90170,85082,116834,114915,167781,201385,229755,261668,291911,215365,273326,66388,120462,11228,10675,22029,28469,24834,40752,32452,58945,45884,59281,54122,56232,118282,151155,57616,104133,1486440,768336,199611,99350,690982,8139,356,184,109
2021-04-30T23:59:59+02:00,57,59,32881,35565,71173,88947,83623,115103,111138,164220,193991,222641,259677,289544,214916,272719,66328,120356,10908,10480,21668,28190,24558,40329,32127,58382,45421,58649,53226,55068,117330,149968,57561,104013,1453571,764658,199285,97360,690182,5796,159,181,106
2021-04-29T23:59:59+02:00,55,57,31381,34617,68256,86923,79990,112503,106034,160115,181183,211100,251748,280449,213719,271086,66192,120007,10604,10268,21192,27742,24128,39830,31542,57641,44613,57714,51394,52876,115484,147734,57461,103818,1398719,755833,192008,94681,684812,3484,138,172,104
2021-04-28T23:59:59+02:00,54,55,30147,34006,66390,85612,77511,110682,102607,157263,171505,201936,240895,267853,212440,269401,65995,119679,10419,10109,20894,27390,23765,39360,31118,56986,43886,56891,49273,50260,112904,144504,57338,103606,1346102,746296,188647,90136,679438,2259,108,165,100
2021-04-27T23:59:59+02:00,51,54,29389,33322,64815,84149,75504,108875,99855,154865,166785,197214,232392,258049,211292,267786,65875,119457,10294,9998,20613,27101,23529,39030,30758,56491,43203,56200,47268,47718,110265,141072,57221,103406,1312088,736493,186342,86127,671452,1541,107,161,95
2021-04-26T23:59:59+02:00,50,54,28960,32938,63716,83266,74004,107709,97573,153154,158174,189202,228208,253207,210585,266794,65783,119259,10199,9909,20398,26915,23294,38813,30462,56153,42586,55624,45463,45571,108371,138594,57125,103253,1283169,728535,184898,83033,664724,1161,103,156,93
2021-04-25T23:59:59+02:00,50,53,28709,32700,62942,82744,72942,106974,95845,151931,152791,184333,223877,248327,209996,266014,65717,119136,10144,9875,20320,26840,23208,38732,30351,56027,42427,55465,45049,45074,107690,137687,57097,103183,1270427,726880,178761,81263,656047,1030,100,155,91
2021-04-24T23:59:59+02:00,50,52,28367,32274,62005,81523,71757,105530,94300,150275,147892,179189,221091,244996,209526,265340,65683,119086,10129,9857,20279,26798,23157,38667,30270,55941,42278,55329,44807,44766,107441,137393,57076,103155,1245588,725798,178732,80564,654767,987,99,155,89
2021-04-23T23:59:59+02:00,48,52,27621,31649,60437,80016,69971,103512,91710,147638,143118,174799,216542,239452,208871,264351,65620,118971,10077,9795,20171,26711,23026,38517,30036,55734,41915,54999,44189,44009,106380,136108,56920,102880,1220745,722451,177552,78089,646229,935,98,152,87
2021-04-22T23:59:59+02:00,46,51,27006,31050,58901,78581,67507,101298,87589,144150,135086,167314,207510,228456,206833,261719,65422,118574,9952,9699,19922,26414,22671,38084,29521,55220,41162,54361,43020,42682,104389,133663,56691,102482,1179235,714982,170112,74149,637894,811,98,147,85
2021-04-21T23:59:59+02:00,46,49,26513,30528,57575,77480,65625,99669,84553,141514,127904,160505,194447,213127,204684,258830,65196,118149,9821,9613,19690,26166,22386,37759,29169,54770,40610,53831,42173,41665,102203,130883,56438,102071,1127787,708446,167233,70073,631523,739,98,141,84
2021-04-20T23:59:59+02:00,45,48,26088,30059,56417,76338,63952,98089,82008,138940,122826,155445,182975,199673,202260,255698,64960,117722,9718,9522,19472,25978,22094,37490,28758,54358,40072,53297,41357,40733,99986,127897,56102,101534,1085190,700905,163749,66822,624753,659,96,139,78
2021-04-19T23:59:59+02:00,45,47,25721,29703,55448,75519,62669,96911,79882,137014,119307,152066,177227,192833,200553,253464,64777,117389,9609,9429,19241,25758,21849,37217,28442,53967,39560,52768,40561,39824,96889,123933,55697,100822,1060656,690563,161921,64400,618150,622,95,134,78
2021-04-18T23:59:59+02:00,44,44,25416,29443,54680,74974,61548,95967,78031,135593,115944,149674,172121,187280,199543,252240,64666,117197,9535,9354,19052,25584,21672,37051,28225,53690,39301,52517,40233,39437,95673,122389,55516,100526,1046697,686699,160254,62468,607599,607,95,133,77
2021-04-17T23:59:59+02:00,43,43,25307,29351,54309,74779,61031,95615,77377,134994,115098,148933,167870,182398,199009,251515,64632,117132,9490,9295,18914,25396,21484,36821,27998,53415,39036,52249,39934,39115,94911,121461,55452,100442,1035818,682683,160226,62154,603536,595,95,133,77
2021-04-16T23:59:59+02:00,43,43,24933,29103,53321,74174,59747,94736,75752,133663,110953,144790,160236,173626,197353,249310,64523,116923,9282,9120,18521,24969,20904,36247,26891,52511,37012,50647,36621,36183,91724,117939,55049,99787,1009919,667622,159435,55243,594017,561,95,132,75
2021-04-15T23:59:59+02:00,39,39,24458,28651,52070,73005,57788,93007,72482,130818,105484,139510,152375,164650,192701,243438,64226,116304,9108,8957,18152,24547,20411,35588,26214,51717,35619,49416,34508,34151,88615,114213,54542,98930,977711,654544,157382,49655,576092,510,94,130,73
2021-04-14T23:59:59+02:00,37,35,24118,28326,51133,72067,56450,91621,70095,128661,101495,135743,143179,154268,184962,233561,63885,115636,8702,8685,17678,24041,19875,34943,25300,50839,34330,48293,32466,31994,85637,110566,54052,98070,939854,639656,154712,45428,560847,410,93,125,72
2021-04-13T23:59:59+02:00,37,35,23881,28109,50437,71532,55507,90796,68461,127252,97770,132311,131350,141152,178573,225232,63547,115048,8467,8513,17333,23635,19454,34407,24636,50046,33265,47279,31084,30633,83484,108186,53695,97526,906622,630344,150199,41036,544351,287,93,123,70
2021-04-12T23:59:59+02:00,36,34,23672,27921,49882,71023,54643,90063,66994,125962,95138,129987,124241,133120,175346,221283,63276,114557,8230,8328,16970,23339,19083,33972,24164,49509,32597,46653,29558,29095,81823,106249,53369,97005,890213,621918,148658,37779,528449,272,91,121,68
2021-04-11T23:59:59+02:00,35,34,23497,27761,49358,70601,53914,89609,65852,125160,93283,128510,118760,127106,171428,216679,63106,114259,8097,8194,16674,23060,18765,33664,23808,49129,32150,46267,28921,28429,80802,105004,53160,96686,882748,616632,144249,35953,512098,254,88,120,65
2021-04-10T23:59:59+02:00,35,34,23436,27704,49191,70466,53714,89451,65526,124890,92758,128074,116677,124580,169987,214828,63064,114159,7510,7591,15784,22275,17808,32824,22688,48097,31040,45271,28260,27717,78708,102397,52893,96250,875757,601319,143394,35574,509570,249,83,120,65
2021-04-09T23:59:59+02:00,34,34,23189,27454,48691,69975,53074,88768,64530,123767,90932,126167,107851,113644,166607,210421,62866,113803,6552,6691,14256,20953,16087,31264,20548,46133,28836,43264,26484,25893,75209,98223,52348,95411,856349,573881,136343,34061,499268,237,75,115,63
2021-04-08T23:59:59+02:00,34,34,22893,27208,48111,69484,52319,88068,63223,122684,88514,124000,97542,101656,161070,203577,62540,113239,5909,6104,13069,19935,14829,29925,18909,44415,26337,40930,23463,22926,70563,92454,51207,93661,837695,542341,127446,32121,481219,206,65,113,63
2021-04-07T23:59:59+02:00,32,33,22582,26983,47308,69027,51394,87456,61833,121705,85375,121561,88359,91365,154069,194791,62246,112679,5529,5783,12409,19262,14014,29098,17866,43363,24428,39033,20927,20401,66608,87691,50213,92046,817312,518889,121852,29639,459803,176,59,110,62
2021-04-06T23:59:59+02:00,31,33,22371,26822,46780,68647,50804,86932,60800,120929,83267,119818,80598,82562,147708,186834,61903,112051,5336,5624,12058,18905,13662,28667,17332,42801,23565,38224,19800,19369,63451,83600,49291,90664,798050,505528,118638,26697,442375,165,54,106,59
2021-04-05T23:59:59+02:00,31,32,22272,26697,46469,68302,50419,86534,60255,120239,82087,118668,76120,77470,142707,180733,61702,111736,5197,5485,11797,18653,13368,28355,17010,42429,23120,37763,19336,18900,60569,80047,48592,89599,788623,496200,116886,23903,427138,159,51,104,59
2021-04-04T23:59:59+02:00,31,32,22224,26638,46348,68034,50250,86220,59975,119738,81580,118036,74678,75764,142004,179760,61665,111654,5193,5478,11779,18640,13357,28339,16991,42412,23022,37691,18929,18577,59132,78200,48386,89288,786089,491408,116781,23901,421942,152,47,101,57
2021-04-03T23:59:59+02:00,31,32,22162,26557,46225,67926,50088,86045,59659,119426,81012,117457,73333,74128,140887,178224,61582,111505,5184,5469,11766,18622,13334,28319,16957,42365,22917,37617,18793,18426,58782,77638,48297,89142,779727,489623,116739,23901,419994,152,46,100,57
2021-04-02T23:59:59+02:00,31,32,22085,26474,46065,67760,49869,85797,59189,118977,80134,116645,71778,72246,138609,175244,61385,111146,5165,5432,11718,18579,13279,28237,16868,42217,22643,37140,18435,18063,56441,74757,47484,88041,770618,481142,114964,23257,418067,152,42,99,55
2021-04-01T23:59:59+02:00,28,30,21890,26270,45649,67238,49223,85055,58313,118037,78253,114974,68516,68815,134528,170071,61068,110579,5018,5288,11446,18316,13056,28001,16545,41908,22139,36697,17618,17320,51598,68728,45805,85586,758983,463100,108867,21886,410873,139,37,96,54
2021-03-31T23:59:59+02:00,28,30,21563,26052,45247,66715,48729,84407,57584,117100,77096,113732,66473,66496,129771,163962,60666,109856,4940,5237,11349,18198,12896,27851,16305,41638,21544,36186,16488,16417,46386,62310,44425,83603,749235,444763,101711,20938,404754,136,32,93,50
2021-03-30T23:59:59+02:00,28,29,21385,25829,44848,66096,48223,83610,56874,116048,75957,112356,64632,64475,125391,158210,60198,108956,4873,5152,11245,18073,12704,27662,15978,41315,20971,35637,15655,15614,43631,58902,43309,81808,739044,432912,97491,19576,396810,107,28,88,49
2021-03-29T23:59:59+02:00,27,29,21188,25590,44387,65546,47747,82921,56138,114974,74730,110924,62144,61729,118652,149569,59428,107563,4776,5081,11140,17960,12551,27496,15731,40992,20513,35169,15003,15073,41042,55920,42202,79986,718514,421713,94069,18898,390903,92,26,88,48
2021-03-28T23:59:59+02:00,27,29,20982,25301,43888,64861,47230,82180,55458,113968,73789,109818,60885,60294,113945,143592,58984,106806,4721,5023,10994,17814,12294,27197,15540,40745,20346,34937,14764,14829,39962,54501,41854,79447,711976,417396,86755,17571,383506,72,26,87,45
2021-03-27T23:59:59+01:00,27,29,20862,25144,43596,64495,46866,81651,54958,113279,73117,109080,59728,59210,112459,141884,58917,106726,4708,5011,10967,17795,12276,27167,15179,40317,19946,34501,14471,14617,39475,53813,41380,78630,706701,413341,86054,16917,379471,66,26,87,45
2021-03-26T23:59:59+01:00,27,28,20610,24632,42791,62792,45898,79626,53620,110258,71101,105467,57713,57328,109707,138644,58590,106210,4690,4978,10943,17743,12206,27075,15101,40207,19606,33906,14002,13965,36406,49976,39323,75387,695306,398834,82735,16698,367198,53,23,86,45
2021-03-25T23:59:59+01:00,27,26,20178,23960,41918,61029,44802,77075,52106,106732,68712,101702,55119,54693,106397,134674,58019,105219,4644,4923,10852,17640,12084,26930,14918,39988,19330,33599,13527,13474,32556,44932,36327,70855,683884,380500,78541,16100,350161,48,21,84,45
2021-03-24T23:59:59+01:00,27,26,19776,23513,41135,59760,43787,75538,50728,104809,66615,99372,52336,51781,102145,129575,57381,104142,4590,4857,10759,17497,11916,26728,14686,39705,18962,33181,13069,13020,29987,41720,33214,66018,671083,364943,73669,14999,337896,41,16,83,45
2021-03-23T23:59:59+01:00,27,26,19528,23211,40576,58847,43065,74447,49693,103298,64957,97513,50046,49437,99388,126363,56821,103302,4531,4787,10660,17372,11771,26545,14440,39393,18545,32795,12566,12513,27553,38624,29546,60127,662964,347391,70328,14410,327457,40,15,80,45
2021-03-22T23:59:59+01:00,27,26,19306,22798,39936,57967,42399,73408,48748,101913,63483,95880,48211,47552,96989,123618,56350,102531,4473,4740,10574,17256,11640,26367,14282,39153,18304,32493,12256,12140,25720,36272,25592,53749,656664,331186,67521,13858,317162,37,15,77,44
2021-03-21T23:59:59+01:00,27,26,19168,22539,39445,57214,41850,72563,48094,100757,62540,94648,47163,46527,95342,121767,55980,101952,4459,4732,10538,17208,11594,26281,14222,39063,18222,32394,12136,12008,25292,35824,25238,53191,654091,328993,65493,13444,308219,37,14,76,42
2021-03-20T23:59:59+01:00,26,26,19108,22394,39234,56719,41610,72002,47783,100120,62100,94046,46510,45761,92744,118535,55693,101466,4450,4724,10529,17196,11566,26264,14179,39026,18140,32319,11977,11847,24651,35049,24475,52105,647627,325277,65044,13255,303405,37,14,76,42
2021-03-19T23:59:59+01:00,25,25,18754,21829,38101,54596,40329,70008,46048,98033,59219,91288,42066,41887,87527,112771,54990,100386,4429,4711,10496,17146,11501,26152,14088,38856,17905,32020,11625,11564,22984,32990,22794,49545,629870,315953,57833,12893,290376,31,14,73,42
2021-03-18T23:59:59+01:00,25,24,18359,21182,36924,52441,38789,67217,43892,93564,55373,85492,38032,38087,82796,107288,53903,98726,4409,4683,10430,17043,11423,25997,13940,38668,17689,31817,11393,11381,21737,31476,21081,46947,612929,307875,52091,12282,267285,28,14,73,41
2021-03-17T23:59:59+01:00,25,23,17937,20830,36199,51523,38024,66263,42811,92212,53585,83664,35358,35300,78772,102464,52959,97253,4386,4657,10368,16948,11350,25863,13827,38479,17490,31624,11156,11157,20495,30064,19491,44547,596271,300372,47687,11573,261430,25,14,72,41
2021-03-16T23:59:59+01:00,24,23,17580,20411,35453,50453,37211,65068,41714,90536,51747,81676,33153,33280,74741,97518,52078,95939,4336,4608,10295,16820,11259,25712,13728,38242,17357,31381,10986,10979,19212,28545,18010,42223,583012,292597,42998,11139,252779,25,11,70,41
2021-03-15T23:59:59+01:00,24,23,17301,20047,34745,49475,36419,63878,40810,89055,50487,80075,31429,31440,71459,93426,51381,94806,4314,4573,10228,16697,11192,25511,13612,37954,17208,31109,10820,10821,18479,27580,16752,40362,571886,286775,39673,10490,244912,25,0,68,41
2021-03-14T23:59:59+01:00,24,22,17033,19620,33890,48266,35519,62559,39752,87229,49231,78346,30263,30207,69464,90863,50936,94130,4290,4554,10183,16620,11135,25369,13552,37732,17118,30945,10748,10736,18298,27299,16490,39801,564775,285575,37795,9357,234974,16,0,64,41
2021-03-13T23:59:59+01:00,24,22,16220,18558,32393,46232,33944,60424,37712,84157,47100,75793,28911,28853,67450,88238,50667,93739,4290,4554,10181,16614,11132,25362,13543,37726,17112,30936,10711,10704,17549,26413,15444,38349,548419,281324,37510,9356,224682,16,0,64,41
2021-03-12T23:59:59+01:00,23,22,15119,17181,29950,43584,31279,57282,34848,79300,43888,71331,26075,25661,63144,82936,49685,92334,4277,4521,10162,16552,11114,25311,13497,37608,17021,30805,10434,10477,16665,25167,14372,36825,520391,275523,36198,9345,207217,13,0,62,40
2021-03-11T23:59:59+01:00,22,22,14077,15721,27701,40889,28959,54092,32260,74910,40133,66434,22674,22184,57128,75617,47751,89494,4236,4481,10082,16433,11003,25086,13379,37297,16855,30501,10130,10265,16030,24326,13704,35550,488332,271518,34607,7904,187275,10,0,61,39
2021-03-10T23:59:59+01:00,22,22,13482,15023,26291,39273,27308,52271,30697,72592,37613,63306,19924,19630,51210,68474,46199,87155,4201,4437,9982,16266,10885,24837,13231,36877,16656,30128,9893,10082,15287,23553,13045,34524,461903,266787,32559,7160,176174,8,0,59,39
2021-03-09T23:59:59+01:00,21,21,13200,14555,25168,38232,25892,51085,29634,70937,36234,61472,18740,18505,47698,64034,45074,85366,4177,4411,9897,16099,10782,24578,13078,36559,16481,29891,9768,9980,14624,22716,12549,33750,448297,263077,30030,6327,167672,8,0,59,37
2021-03-08T23:59:59+01:00,20,21,12869,13948,24084,37123,24620,49947,28698,69453,35000,59853,17660,17626,43576,59046,43846,83382,4162,4374,9836,15901,10680,24317,12945,36201,16352,29626,9684,9896,14129,22110,12235,33311,432831,259892,28024,5936,160046,3,0,58,36
2021-03-07T23:59:59+01:00,20,21,12636,13655,23490,36273,23922,49071,28097,68582,34391,59094,17398,17376,42507,57595,43479,82818,4150,4361,9814,15859,10653,24244,12913,36031,16295,29512,9662,9867,13931,21857,12099,33109,428067,258833,26209,5596,156275,0,0,57,35
2021-03-06T23:59:59+01:00,20,20,12523,13363,23088,35539,23391,48284,27048,67054,33291,57330,17012,17047,41861,56706,43178,82350,4147,4347,9803,15833,10635,24210,12903,35989,16277,29481,9644,9826,13884,21819,11996,32899,424002,258454,26145,5312,149082,0,0,57,34
2021-03-05T23:59:59+01:00,20,20,12110,12761,22406,34336,22708,47054,26293,65423,32056,54911,16365,16212,38401,52398,41021,78906,4120,4300,9733,15733,10583,24062,12835,35794,16190,29274,9548,9756,13698,21604,11625,32288,408806,256754,24693,4463,140019,0,0,57,32
2021-03-04T23:59:59+01:00,18,20,11350,11755,21218,32608,21489,45007,24937,62771,30361,52554,15634,15493,34395,47231,37940,74218,4071,4210,9620,15441,10479,23704,12702,35261,16045,28873,9370,9602,13540,21393,11541,32143,390359,253699,22616,4371,126138,0,0,57,29
2021-03-03T23:59:59+01:00,16,20,11043,11260,20529,31387,20715,43645,24029,61021,29316,50912,15157,14990,31782,43908,34854,69448,4031,4147,9539,15271,10400,23452,12596,34839,15867,28527,9186,9476,13415,21179,11395,31873,374912,251064,21822,4206,117412,0,0,53,27
2021-03-02T23:59:59+01:00,16,20,10781,10835,19883,30418,20000,42624,23244,59633,28345,49637,14530,14343,29104,40534,30968,63228,3983,4076,9477,15106,10331,23187,12492,34406,15766,28220,9060,9374,13277,20992,11318,31728,356718,248663,20311,4205,111222,0,0,52,27
2021-03-01T23:59:59+01:00,14,19,10610,10575,19371,29614,19437,41741,22655,58563,27630,48515,14115,13888,27035,37944,26711,56340,3967,4026,9422,14951,10268,22888,12411,34029,15660,27897,8978,9314,13094,20722,11202,31545,339499,246243,19197,4205,106186,0,0,52,27
2021-02-28T23:59:59+01:00,13,19,10444,10376,18903,28965,18904,41004,22177,57711,27143,47721,13907,13646,26426,37284,26305,55738,3951,4012,9398,14919,10249,22837,12394,33959,15633,27851,8951,9290,12962,20544,11139,31395,337046,245389,18338,4169,101405,0,0,52,27
2021-02-27T23:59:59+01:00,13,18,10265,9861,18574,28098,18645,40217,21892,56727,26814,46927,13631,13345,25757,36479,25382,54318,3939,4000,9377,14898,10217,22789,12355,33877,15588,27778,8929,9274,12943,20522,11118,31375,333130,245033,17616,4020,96318,0,0,52,27
2021-02-26T23:59:59+01:00,12,17,9469,9076,17671,26656,17861,38008,20963,53873,25354,44103,13164,12943,24168,34490,23857,52012,3858,3932,9299,14737,10143,22533,12274,33512,15471,27483,8849,9193,12876,20454,11077,31306,324011,243126,17362,3946,82420,0,0,52,25
2021-02-25T23:59:59+01:00,12,17,8310,8224,16349,25052,16592,35745,19726,50983,23645,41318,12690,12542,22888,32898,22360,49727,3736,3788,9137,14424,9923,21928,12020,32660,15144,26828,8652,9042,12614,20128,10937,31037,316386,238985,16591,3090,66193,0,0,51,23
2021-02-24T23:59:59+01:00,11,16,7945,7700,15693,24016,15962,34507,19012,49466,22852,40118,12294,12206,21580,31398,20679,47100,3664,3721,8997,14132,9746,21474,11817,32034,14882,26290,8511,8905,12471,19955,10872,30826,308131,236211,15625,2160,58888,0,0,51,23
2021-02-23T23:59:59+01:00,11,16,7462,7223,14875,22838,15277,33286,18290,48056,22134,39049,11987,11882,20241,29823,19065,44543,3624,3645,8877,13930,9608,21076,11628,31457,14582,25788,8340,8763,12343,19744,10802,30594,300015,233379,14825,1496,51304,0,0,50,22
2021-02-22T23:59:59+01:00,10,14,7355,7017,14490,22220,14926,32558,17825,47050,21640,38316,11789,11633,19492,28815,17750,42589,3594,3543,8740,13638,9444,20574,11373,30716,14208,25191,8092,8569,12143,19491,10696,30291,294148,230066,14215,310,47212,0,0,48,22
2021-02-21T23:59:59+01:00,10,14,7265,6892,14168,21777,14506,31975,17410,46398,21202,37822,11682,11531,19329,28602,17503,42254,3555,3503,8657,13515,9368,20358,11302,30424,14087,24922,8030,8507,12087,19384,10625,30128,293004,228227,13843,296,43577,0,0,46,22
2021-02-20T23:59:59+01:00,10,14,7148,6842,14043,21697,14390,31840,17291,46248,21044,37641,11583,11447,18546,27684,16445,40784,3553,3497,8647,13507,9358,20337,11288,30399,14074,24911,8025,8498,12022,19320,10571,30060,288746,227844,13646,295,42386,0,0,46,21
2021-02-19T23:59:59+01:00,8,13,6846,6590,13689,21258,14019,31171,16817,45450,20337,36771,10981,11046,17500,26353,15286,39174,3473,3474,8571,13480,9316,20280,11250,30308,14015,24817,7982,8438,11800,19048,10378,29729,282358,226138,13271,294,37760,0,0,43,20
2021-02-18T23:59:59+01:00,8,13,6449,6115,13062,20114,13379,29797,16001,43578,19463,35192,10750,10827,16908,25598,14709,38291,3287,3337,8237,12940,9022,19530,10899,29265,13647,23988,7777,8129,11213,18095,9881,28579,278780,217606,12689,294,28863,0,0,43,19
2021-02-17T23:59:59+01:00,8,12,6283,5772,12616,19233,12890,28606,15301,41856,18816,33865,10521,10576,16151,24784,13932,37101,3038,3177,7897,12424,8721,18739,10529,28221,13255,23138,7543,7894,10656,17242,9443,27761,274113,209456,11957,292,22326,0,0,43,19
2021-02-16T23:59:59+01:00,8,12,5957,5471,12077,18397,12386,27532,14756,40476,18223,32830,10367,10472,15482,23953,13423,36312,2855,3057,7595,11973,8416,18015,10133,27131,12790,22240,7273,7599,9937,16068,8716,26211,270576,199941,11461,136,16170,0,0,41,19
2021-02-15T23:59:59+01:00,8,12,5851,5290,11782,17754,12119,26749,14408,39482,17874,32060,10241,10362,14921,23297,13062,35773,2765,2976,7403,11651,8197,17508,9831,26286,12440,21556,6992,7313,9236,15010,8201,24929,267471,192273,10858,90,12789,0,0,41,18
2021-02-14T23:59:59+01:00,8,12,5581,5175,11532,17483,11895,26313,14174,39036,17683,31783,10196,10311,14687,22958,12897,35380,2715,2938,7289,11486,8068,17302,9655,25954,12262,21254,6896,7189,9015,14626,8013,24393,266468,189035,9922,88,10788,0,0,39,18
2021-02-13T23:59:59+01:00,8,12,5521,5137,11482,17447,11864,26282,14146,39004,17663,31764,10182,10283,14660,22926,12885,35363,2711,2935,7284,11479,8056,17280,9639,25918,12235,21211,6866,7155,8861,14413,7661,23767,266224,187530,9921,9,10559,0,0,38,17
2021-02-12T23:59:59+01:00,8,11,5004,4819,10911,17083,11546,25730,13827,38360,17333,31120,10071,10175,14476,22712,12805,35254,2661,2902,7190,11322,7955,17049,9489,25526,12018,20766,6684,6922,8499,13852,7069,22427,264527,182392,9910,7,6882,0,0,37,17
2021-02-11T23:59:59+01:00,8,10,4542,4518,10324,16403,11133,24924,13347,37096,16843,30261,9756,9913,14194,22263,12525,34568,2493,2628,6590,10129,7267,15312,8627,22911,10966,18684,6032,6206,7452,12233,6254,20107,261296,163950,8267,4,3139,0,0,35,16
2021-02-10T23:59:59+01:00,8,10,4296,4350,9989,15950,10823,24383,13035,36211,16427,29511,9542,9775,14013,22059,12433,34361,2132,2335,5652,8668,6460,13268,7636,19996,9839,16648,5486,5620,6465,10570,5478,18048,258645,144364,7768,3,837,0,0,33,4
2021-02-09T23:59:59+01:00,8,9,4232,4251,9866,15682,10713,23981,12862,35590,16215,29037,9363,9637,13818,21849,12291,34139,1736,1981,4872,7399,5687,11475,6717,17484,8751,14653,4907,4990,5415,9017,4747,15950,256195,125840,6990,1,432,0,0,32,4
2021-02-08T23:59:59+01:00,8,9,4198,4196,9772,15470,10605,23622,12743,35129,16074,28679,9271,9570,13616,21564,12182,33946,1571,1786,4314,6402,5025,9899,5895,14960,7728,12798,4347,4457,4427,7429,3984,13870,253823,108946,6476,1,426,0,0,32,4
2021-02-07T23:59:59+01:00,8,9,4033,4129,9616,15334,10503,23458,12664,34866,15962,28485,9230,9525,13470,21381,12108,33803,1356,1539,3894,5728,4610,9020,5470,13800,7242,11839,4091,4197,4197,7035,3824,13275,252725,101169,5930,1,0,0,0,30,3
2021-02-06T23:59:59+01:00,8,9,4024,4120,9605,15318,10490,23422,12642,34816,15945,28428,9210,9511,13452,21346,12003,33605,1204,1343,3661,5421,4424,8595,5250,13210,6962,11281,3954,4060,4071,6886,3545,12817,252380,96734,5645,1,0,0,0,30,2
2021-02-05T23:59:59+01:00,8,8,3951,4052,9533,15175,10423,23172,12557,34446,15830,28147,9126,9437,13379,21271,11653,33008,1063,1114,3380,4976,4164,8015,4933,12429,6576,10553,3693,3814,3908,6655,3039,11927,250493,90286,4752,0,0,0,0,30,2
2021-02-04T23:59:59+01:00,8,8,3893,3928,9412,14858,10245,22624,12369,33650,15614,27585,9003,9327,13153,20978,11539,32804,799,781,2556,3723,3229,6271,3980,9881,5250,8338,3011,3101,3289,5677,2651,10438,246541,73009,4528,0,0,0,0,28,2
2021-02-03T23:59:59+01:00,8,8,3824,3857,9309,14635,10141,22288,12237,33142,15464,27168,8893,9212,13011,20801,11465,32638,663,613,1928,2808,2495,4842,3007,7589,4017,6288,2199,2234,2403,4209,1924,7827,243816,55074,4356,0,0,0,0,28,2
2021-02-02T23:59:59+01:00,8,8,3757,3762,9209,14442,10042,21907,12095,32578,15262,26715,8768,9098,12888,20590,11383,32374,527,486,1458,2073,1906,3642,2261,5772,2997,4699,1556,1536,1640,2773,1338,5209,240601,39892,4354,0,0,0,0,28,2
2021-02-01T23:59:59+01:00,7,8,3717,3672,9130,14212,9936,21522,11956,31942,15077,26211,8648,8951,12780,20447,11332,32198,392,352,1015,1430,1256,2425,1474,3781,1861,2976,985,979,972,1694,769,3022,237463,25391,4354,0,0,0,0,26,2
2021-01-31T23:59:59+01:00,7,8,3699,3637,9077,14104,9867,21318,11890,31645,14973,26014,8592,8892,12729,20336,11287,32069,362,331,893,1240,1067,2052,1272,3229,1628,2609,887,887,868,1510,698,2716,235975,22255,4239,0,0,0,0,25,2
2021-01-30T23:59:59+01:00,7,8,3698,3634,9067,14091,9853,21295,11877,31625,14961,26000,8588,8887,12660,20267,11220,31992,345,307,833,1156,1010,1928,1208,3039,1553,2472,859,861,849,1470,683,2663,235654,21241,4146,0,0,0,0,25,2
2021-01-29T23:59:59+01:00,7,8,3638,3619,9006,14061,9824,21243,11845,31550,14913,25932,8564,8864,12473,20042,11040,31749,278,224,712,983,866,1568,1053,2649,1342,2147,769,769,800,1415,665,2610,234434,18853,4017,0,0,0,0,22,2
2021-01-28T23:59:59+01:00,7,8,3520,3533,8801,13675,9604,20730,11613,30970,14586,25434,8427,8763,12036,19421,10684,31168,131,57,293,360,378,611,461,1149,611,964,407,425,469,814,382,1580,229646,9094,3409,0,0,0,0,20,1
2021-01-27T23:59:59+01:00,7,8,3289,3398,8508,13259,9303,20106,11230,30134,14199,24699,8211,8552,11485,18614,10259,30405,79,33,202,222,244,415,306,802,432,662,309,311,349,607,287,1158,222938,6419,2798,0,0,0,0,20,1
2021-01-26T23:59:59+01:00,6,8,3123,3300,8226,12922,9040,19536,10925,29377,13802,24066,7975,8330,10907,17698,9611,29253,74,29,187,212,228,381,290,751,401,601,294,285,322,544,260,1028,216219,5888,1955,0,0,0,0,20,1
2021-01-25T23:59:59+01:00,6,8,3035,3206,7944,12441,8750,18830,10539,28375,13321,23303,7693,8129,10288,16881,9155,28352,66,21,167,191,194,325,251,631,349,496,257,240,268,467,211,840,209916,4975,409,0,0,0,0,18,1
2021-01-24T23:59:59+01:00,6,8,2991,3185,7859,12363,8676,18705,10430,28215,13192,23120,7650,8093,10223,16769,9107,28256,65,20,163,187,192,311,248,610,340,482,248,236,266,460,207,825,208610,4861,306,0,0,0,0,18,1
2021-01-23T23:59:59+01:00,6,8,2990,3184,7858,12360,8672,18695,10428,28201,13186,23115,7643,8090,10099,16603,8779,27669,64,20,163,187,191,310,246,610,338,482,248,236,266,460,207,823,207351,4852,304,0,0,0,0,17,1
2021-01-22T23:59:59+01:00,6,8,2928,3138,7734,12247,8589,18553,10318,28031,13105,23000,7613,8057,9901,16301,8261,26645,64,20,162,187,191,310,246,610,337,482,248,236,266,460,207,823,204201,4850,304,0,0,0,0,16,1
2021-01-21T23:59:59+01:00,6,8,2846,2968,7235,11333,8104,17406,9782,26404,12498,21785,7331,7732,9264,15354,7744,25595,58,18,147,173,174,279,221,534,300,442,222,209,235,380,177,691,193157,4261,304,0,0,0,0,16,1
2021-01-20T23:59:59+01:00,6,8,2487,2621,6354,9921,7357,15450,8828,23574,11388,19712,6730,7080,8167,13586,6929,23373,56,18,146,168,171,277,213,520,288,420,210,202,229,355,163,653,173328,4090,301,0,0,0,0,16,1
2021-01-19T23:59:59+01:00,6,8,2047,2267,5455,8533,6497,13559,7807,20789,10120,17478,5975,6199,6782,11401,5907,20320,40,11,97,124,115,171,150,356,189,292,133,115,141,237,114,486,150979,2771,220,0,0,0,0,16,1
2021-01-18T23:59:59+01:00,5,8,1774,1977,4699,7149,5542,11319,6608,17192,8691,14762,5091,5316,5396,9148,4834,16838,21,6,38,46,52,79,66,162,75,146,59,54,66,131,62,220,126298,1283,96,0,0,0,0,16,1
2021-01-17T23:59:59+01:00,4,8,1497,1687,4186,6354,5033,10187,6071,15622,8050,13497,4751,4966,5023,8474,4505,15830,8,2,8,15,15,28,20,51,28,56,23,23,20,31,13,47,115693,387,91,0,0,0,0,15,1
2021-01-16T23:59:59+01:00,4,7,1330,1484,3969,6033,4853,9747,5812,14957,7720,12804,4561,4738,4810,8198,4150,15226,0,0,0,1,1,2,1,1,2,2,0,1,1,0,0,1,110432,12,8,0,0,0,0,14,1
2021-01-15T23:59:59+01:00,4,7,1179,1258,3715,5611,4599,9181,5521,14116,7312,12005,4269,4444,4623,7890,3614,14180,0,0,0,0,0,0,0,0,1,0,0,0,0,0,0,0,103558,0,4,0,0,0,0,14,1
2021-01-14T23:59:59+01:00,3,4,905,945,2969,4422,3734,7364,4577,11370,5916,9657,3467,3575,3882,6662,3127,12362,0,0,0,0,0,0,0,0,1,0,0,0,0,0,0,0,84964,0,0,0,0,0,0,14,1
2021-01-13T23:59:59+01:00,3,3,770,791,2496,3690,3150,6140,3804,9428,4822,7779,2594,2662,2934,5079,2394,9458,0,0,0,0,0,0,0,0,1,0,0,0,0,0,0,0,68015,0,0,0,0,0,0,13,1
2021-01-12T23:59:59+01:00,2,3,638,660,2089,3026,2593,4988,3045,7591,3803,6112,1863,1841,2007,3444,1695,6461,0,0,0,0,0,0,0,0,1,0,0,0,0,0,0,0,51886,0,0,0,0,0,0,1,1
2021-01-11T23:59:59+01:00,1,1,494,524,1741,2449,2080,3986,2358,5768,2823,4431,1198,1139,1203,2022,934,3678,0,0,0,0,0,0,0,0,1,0,0,0,0,0,0,0,36850,0,0,0,0,0,0,1,1
2021-01-10T23:59:59+01:00,1,1,438,455,1480,2024,1740,3263,1949,4783,2347,3713,1056,1014,1058,1775,833,3225,0,0,0,0,0,0,0,0,1,0,0,0,0,0,0,0,31166,0,0,0,0,0,0,1,1
2021-01-09T23:59:59+01:00,1,1,406,410,1356,1847,1595,2973,1795,4334,2162,3382,981,943,999,1721,815,3182,0,0,0,0,0,0,0,0,1,0,0,0,0,0,0,0,28912,0,0,0,0,0,0,1,1
2021-01-08T23:59:59+01:00,1,1,309,281,1107,1503,1317,2304,1477,3554,1792,2765,847,835,911,1598,767,3027,0,0,0,0,0,0,0,0,1,0,0,0,0,0,0,0,24403,0,0,0,0,0,0,1,1
2021-01-07T23:59:59+01:00,1,0,145,76,398,507,481,789,596,1369,782,1206,467,482,562,963,466,1912,0,0,0,0,0,0,0,0,1,0,0,0,0,0,0,0,11204,0,0,0,0,0,0,0,1
2021-01-06T23:59:59+01:00,1,0,110,44,268,285,308,513,400,929,532,826,359,362,425,749,359,1445,0,0,0,0,0,0,0,0,1,0,0,0,0,0,0,0,7917,0,0,0,0,0,0,0,1
2021-01-05T23:59:59+01:00,1,0,86,31,189,230,241,427,321,819,449,704,343,346,408,716,352,1391,0,0,0,0,0,0,0,0,1,0,0,0,0,0,0,0,7056,0,0,0,0,0,0,0,1
2021-01-04T23:59:59+01:00,1,0,68,25,172,193,199,334,257,636,355,512,268,253,288,518,235,933,0,0,0,0,0,0,0,0,1,0,0,0,0,0,0,0,5248,0,0,0,0,0,0,0,1
2021-01-03T23:59:59+01:00,1,0,66,21,166,188,194,319,255,621,345,495,260,251,284,505,233,916,0,0,0,0,0,0,0,0,1,0,0,0,0,0,0,0,5121,0,0,0,0,0,0,0,1
2021-01-02T23:59:59+01:00,1,0,66,21,166,188,194,319,252,621,342,495,260,251,284,505,233,915,0,0,0,0,0,0,0,0,1,0,0,0,0,0,0,0,5114,0,0,0,0,0,0,0,1
2021-01-01T23:59:59+01:00,1,0,65,21,165,188,194,318,251,621,339,493,260,251,284,504,233,915,0,0,0,0,0,0,0,0,1,0,0,0,0,0,0,0,5104,0,0,0,0,0,0,0,1
2020-12-31T23:59:59+01:00,1,0,65,21,165,186,194,317,250,620,338,492,260,251,284,504,233,915,0,0,0,0,0,0,0,0,1,0,0,0,0,0,0,0,5097,0,0,0,0,0,0,0,1
2020-12-30T23:59:59+01:00,1,0,64,21,165,185,192,314,250,618,338,490,260,251,284,504,232,915,0,0,0,0,0,0,0,0,1,0,0,0,0,0,0,0,5085,0,0,0,0,0,0,0,1
2020-12-29T23:59:59+01:00,1,0,45,12,117,140,143,212,182,443,238,376,179,164,196,375,171,715,0,0,0,0,0,0,0,0,1,0,0,0,0,0,0,0,3710,0,0,0,0,0,0,0,1
2020-12-28T23:59:59+01:00,1,0,24,8,64,77,80,122,101,252,118,231,98,93,103,200,103,388,0,0,0,0,0,0,0,0,1,0,0,0,0,0,0,0,2064,0,0,0,0,0,0,0,1
2020-12-27T23:59:59+01:00,0,0,11,3,17,26,36,47,36,89,37,94,32,29,40,73,32,145,0,0,0,0,0,0,0,0,0,0,0,0,0,0,0,0,747,0,0,0,0,0,0,0,0
