Datum,<15_m,<15_w,15-24_1_m,15-24_1_w,25-34_1_m,25-34_1_w,35-44_1_m,35-44_1_w,45-54_1_m,45-54_1_w,55-64_1_m,55-64_1_w,65-74_1_m,65-74_1_w,75-84_1_m,75-84_1_w,>84_1_m,>84_1_w,<24_2_m,<24_2_w,25-34_2_m,25-34_2_w,35-44_2_m,35-44_2_w,45-54_2_m,45-54_2_w,55-64_2_m,55-64_2_w,65-74_2_m,65-74_2_w,75-84_2_m,75-84_2_w,>84_2_m,>84_2_w,bp_1,bp_2,mo_1,mo_2,az_1,az_2,ja,unb_1,unb_2
2021-10-03T23:59:59+02:00,42965,40470,292889,281526,397256,366743,410110,402969,472039,480609,521632,521849,353931,394961,247095,316852,72776,133490,264111,253412,371601,338509,387589,376472,449439,454720,501008,500826,343080,382550,239839,306797,69855,127436,4105105,3853649,525995,503489,808126,764028,312050,529,468
2021-10-02T23:59:59+02:00,42934,40436,292768,281407,397140,366658,410032,402891,471978,480552,521602,521820,353917,394939,247094,316849,72774,133488,263973,253282,371503,338422,387514,376395,449384,454669,500978,500787,343068,382528,239837,306789,69853,127436,4104449,3852971,525918,503432,808124,764003,311902,529,468
2021-10-01T23:59:59+02:00,42728,40185,292170,280873,396604,366181,409600,402525,471659,480307,521356,521649,353839,394868,247068,316807,72763,133472,263333,252649,371027,338008,387145,376029,449072,454364,500761,500596,343000,382463,239813,306749,69846,127421,4100732,3849211,525777,503278,808121,763956,311137,529,468
2021-09-30T23:59:59+02:00,42342,39803,291077,279812,395622,365239,408827,401756,471018,479659,520860,521258,353682,394666,246979,316685,72739,133420,262170,251525,370199,337121,386469,375235,448500,453738,500316,500214,342845,382255,239742,306603,69820,127381,4093281,3842509,525452,502286,808100,763880,309722,528,467
2021-09-29T23:59:59+02:00,42016,39502,290356,279093,394911,364542,408291,401178,470526,479181,520504,520949,353502,394462,246891,316540,72706,133348,261443,250779,369577,336482,386017,374670,448089,453298,499970,499876,342677,382074,239653,306444,69797,127329,4087496,3837179,525299,502140,808094,763815,308719,528,467
2021-09-28T23:59:59+02:00,41691,39198,289494,278268,394127,363841,407692,400620,470008,478683,520122,520591,353291,394239,246789,316369,72657,133224,260591,249996,368880,335852,385512,374151,447653,452849,499617,499532,342497,381871,239559,306299,69772,127273,4081221,3831718,525176,501994,808085,763763,307530,528,467
2021-09-27T23:59:59+02:00,41279,38816,288646,277448,393368,363145,407153,400049,469544,478171,519730,520266,353137,394043,246705,316244,72627,133130,259607,249092,368065,335064,384870,373497,447128,452323,499225,499181,342316,381643,239473,306167,69748,127211,4075620,3825652,525028,501852,808078,763656,305878,528,466
2021-09-26T23:59:59+02:00,40908,38511,288084,276924,392879,362713,406813,399702,469255,477880,519521,520078,353027,393942,246661,316168,72605,133081,259112,248638,367634,334673,384536,373135,446841,452031,499021,498998,342227,381553,239416,306093,69732,127174,4071945,3822737,524888,501705,808054,763542,304968,528,466
2021-09-25T23:59:59+02:00,40854,38451,287916,276757,392727,362594,406698,399616,469166,477798,519460,520036,353016,393921,246652,316159,72603,133078,258955,248489,367491,334552,384421,373041,446775,451936,498960,498966,342207,381531,239406,306080,69732,127172,4071191,3822051,524815,501646,808052,763511,304547,528,466
2021-09-24T23:59:59+02:00,40657,38241,287287,276113,392084,362029,406175,399136,468719,477393,519161,519793,352912,393836,246611,316106,72597,133054,258302,247811,366887,334019,383978,372601,446363,451580,498640,498721,342092,381426,239362,306026,69720,127148,4067450,3818375,524669,501546,808042,763441,302843,528,465
2021-09-23T23:59:59+02:00,40033,37577,285608,274473,390638,360698,405005,397950,467685,476437,518427,519113,352616,393560,246472,315885,72552,132937,257022,246739,365758,333053,383064,371786,445572,450864,498058,498219,341864,381192,239251,305873,69692,127068,4057668,3812388,524263,501274,808031,763341,298797,527,465
2021-09-22T23:59:59+02:00,39700,37264,284611,273502,389787,359853,404252,397182,467019,475831,517894,518669,352389,393292,246360,315684,72503,132853,256248,245993,365016,332372,382432,371192,445057,450340,497596,497875,341662,380985,239148,305735,69659,127005,4050824,3807304,524048,501106,808008,763226,296856,527,465
2021-09-21T23:59:59+02:00,39289,36782,283538,272430,388834,358951,403499,396435,466401,475248,517446,518241,352162,393028,246257,315503,72448,132738,255399,245147,364261,331661,381800,370593,444562,449856,497184,497476,341466,380780,239038,305572,69625,126920,4043281,3801719,523894,500911,807998,763147,295146,527,465
2021-09-20T23:59:59+02:00,38938,36508,282405,271367,387798,358027,402678,395634,465705,474640,516954,517785,351915,392803,246144,315317,72402,132634,254281,244167,363278,330826,381017,369833,443839,449282,496725,497035,341243,380565,238933,305384,69589,126844,4036279,3795273,523755,500737,807984,762943,292722,527,464
2021-09-19T23:59:59+02:00,38779,36376,281818,270967,387228,357540,402278,395239,465363,474328,516690,517556,351827,392679,246105,315237,72389,132596,253771,243739,362783,330407,380597,369499,443475,448942,496444,496817,341137,380437,238874,305298,69578,126813,4032967,3792477,523623,500559,807962,762647,291528,527,464
2021-09-18T23:59:59+02:00,38727,36305,281660,270810,387032,357378,402100,395099,465254,474214,516624,517497,351811,392666,246097,315228,72387,132592,253458,243394,362533,330155,380360,369310,443313,448809,496352,496729,341107,380411,238855,305278,69575,126804,4032028,3790606,523510,500478,807959,762634,291067,527,464
2021-09-17T23:59:59+02:00,38397,35941,280765,269982,386241,356620,401373,394441,464642,473688,516244,517135,351661,392521,246034,315159,72363,132561,252717,242718,361849,329561,379771,368818,442853,448403,496016,496441,340987,380276,238805,305199,69562,126783,4026691,3786861,523179,500080,807949,762603,289028,526,464
2021-09-16T23:59:59+02:00,37832,35357,279195,268442,384899,355174,400184,393132,463633,472713,515476,516444,351345,392195,245908,314973,72317,132469,251577,241714,360898,328639,378954,367967,442187,447718,495504,496001,340760,380054,238706,305071,69532,126720,4015905,3780307,522448,499683,807896,762457,286516,526,464
2021-09-15T23:59:59+02:00,37457,35049,278081,267356,384005,354198,399337,392280,462960,472033,514945,515928,351120,391909,245733,314794,72279,132352,250726,240907,360120,327848,378273,367295,441627,447201,495000,495562,340549,379817,238569,304922,69507,126647,4008409,3774673,522164,499453,807883,762384,284434,526,464
2021-09-14T23:59:59+02:00,37146,34746,277117,266408,383070,353345,398609,391517,462358,471384,514425,515479,350882,391671,245601,314620,72233,132279,249947,240115,359392,327182,377667,366697,441085,446690,494581,495183,340355,379603,238459,304775,69484,126592,4001646,3769578,521837,499230,807854,762236,282626,525,464
2021-09-13T23:59:59+02:00,36764,34354,275887,265152,382126,352312,397837,390639,461661,470670,513907,514981,350659,391421,245479,314469,72195,132207,248826,239066,358576,326401,377069,366045,440526,446165,494123,494805,340161,379379,238359,304627,69453,126539,3993497,3762671,521125,498944,807821,762139,281349,524,464
2021-09-12T23:59:59+02:00,36625,34225,275325,264717,381660,351871,397455,390218,461339,470369,513696,514766,350555,391313,245432,314393,72184,132173,248302,238659,358076,325958,376704,365697,440226,445876,493874,494584,340038,379249,238300,304539,69437,126495,3990354,3759666,520962,498755,807785,762015,280285,524,463
2021-09-11T23:59:59+02:00,36548,34177,275134,264510,381436,351684,397297,390064,461207,470246,513626,514707,350525,391283,245423,314377,72182,132170,248022,238477,357854,325800,376555,365557,440079,445760,493809,494530,340015,379222,238292,304526,69437,126491,3989327,3758583,520874,498625,807778,761994,279686,524,463
2021-09-10T23:59:59+02:00,36225,33850,274065,263526,380490,350788,396425,389261,460413,469574,513071,514261,350323,391085,245335,314265,72164,132141,247119,237777,357031,325066,375772,364933,439389,445241,493321,494152,339854,379066,238211,304423,69415,126460,3984072,3755151,520735,498412,807768,761971,275751,524,463
2021-09-09T23:59:59+02:00,35803,33415,272787,262394,379461,349629,395507,388242,459625,468717,512495,513755,350086,390804,245206,314109,72128,132080,246060,236820,356121,324204,374966,364127,438701,444637,492734,493708,339639,378838,238089,304281,69384,126405,3976075,3749085,520432,498014,807728,761824,273074,517,462
2021-09-08T23:59:59+02:00,35403,33019,271836,261416,378677,348790,394819,387465,459008,468122,512057,513294,349880,390560,245100,313936,72099,132022,245137,235968,355318,323475,374286,363407,438105,444077,492286,493250,339440,378591,237968,304114,69350,126313,3969677,3743399,520211,497698,807677,761691,270999,517,462
2021-09-07T23:59:59+02:00,35034,32689,270817,260496,377852,348013,394176,386798,458482,467603,511612,512899,349689,390348,245001,313769,72066,131951,244262,235187,354516,322795,373642,362851,437602,443572,491841,492861,339232,378379,237879,303976,69323,126261,3963624,3738428,519971,497358,807664,761514,269094,517,462
2021-09-06T23:59:59+02:00,34636,32281,269704,259398,376920,347070,393501,386027,457891,466977,511176,512468,349471,390104,244914,313649,72037,131882,243496,234434,353783,322142,373028,362266,437144,443071,491429,492479,339022,378173,237795,303842,69294,126205,3956464,3733618,519834,497117,807615,761389,267249,517,462
2021-09-05T23:59:59+02:00,34485,32135,269305,258989,376619,346733,393213,385718,457656,466737,511001,512288,349398,390010,244872,313587,72021,131854,243068,234043,353390,321762,372679,361957,436886,442824,491231,492273,338920,378054,237751,303778,69277,126172,3953902,3730997,519735,496842,807587,761255,266453,517,462
2021-09-04T23:59:59+02:00,34428,32098,269146,258863,376502,346607,393089,385616,457582,466655,510950,512242,349386,389992,244866,313575,72021,131853,242903,233901,353231,321599,372534,361840,436795,442723,491166,492225,338898,378034,237743,303766,69277,126171,3953221,3730217,519679,496707,807582,761232,266044,517,462
2021-09-03T23:59:59+02:00,34110,31785,268258,258059,375766,345950,392506,385034,457009,466176,510489,511905,349217,389814,244800,313469,71998,131821,241890,233044,352440,320884,371862,361191,436145,442134,490676,491809,338701,377837,237656,303657,69257,126144,3948889,3725935,518983,495171,807554,761159,263794,517,462
2021-09-02T23:59:59+02:00,33754,31454,267214,257184,374909,345121,391781,384292,456327,465550,509959,511481,348953,389565,244678,313293,71972,131743,240874,232248,351556,320110,371129,360486,435431,441508,490113,491349,338453,377574,237548,303504,69230,126067,3942997,3720761,518700,494691,807519,760838,261063,517,462
2021-09-01T23:59:59+02:00,33429,31089,266366,256347,374155,344452,391242,383745,455858,465066,509578,511139,348775,389371,244590,313176,71948,131683,239789,231196,350701,319264,370448,359793,434819,440904,489593,490866,338222,377307,237416,303347,69202,126012,3937544,3713989,518519,494154,807487,760621,259506,517,458
2021-08-31T23:59:59+02:00,33031,30748,265503,255446,373424,343741,390674,383164,455352,464583,509131,510773,348585,389180,244494,313028,71917,131640,238839,230313,349898,318521,369788,359160,434265,440397,489072,490468,338017,377095,237325,303197,69168,125956,3932044,3708693,518329,493767,807461,760206,257625,516,458
2021-08-30T23:59:59+02:00,32484,30262,264201,254264,372430,342833,389859,382353,454598,463874,508567,510278,348357,388965,244401,312873,71880,131571,237683,229332,348901,317628,369003,358419,433569,439819,488512,489958,337760,376853,237199,303015,69127,125879,3924575,3702667,518213,493326,807416,759954,254886,516,458
2021-08-29T23:59:59+02:00,32296,30073,263636,253758,371957,342420,389480,382017,454303,463584,508338,510057,348260,388856,244352,312808,71870,131547,236967,228699,348296,317087,368508,357951,433144,439443,488203,489698,337616,376699,237139,302940,69109,125854,3921502,3698801,518095,492928,807388,759696,253664,516,458
2021-08-28T23:59:59+02:00,32207,29980,263411,253580,371784,342265,389323,381895,454177,463465,508264,510006,348236,388833,244341,312796,71869,131544,236649,228442,348048,316892,368286,357787,432962,439278,488075,489605,337574,376657,237119,302914,69107,125850,3920472,3697226,518055,492812,807382,759670,253104,516,458
2021-08-27T23:59:59+02:00,31977,29730,262764,253015,371270,341750,388852,381445,453725,463069,507893,509722,348106,388700,244282,312709,71850,131522,236046,227944,347439,316391,367810,357361,432513,438926,487771,489357,337441,376539,237064,302849,69096,125843,3916672,3694019,517987,492598,807326,759609,251431,516,458
2021-08-26T23:59:59+02:00,31597,29346,261755,252038,370422,340936,388101,380703,453041,462391,507344,509239,347873,388440,244161,312591,71822,131462,234573,226586,346213,315205,366697,356368,431644,438126,487104,488782,337159,376219,236901,302681,69066,125797,3910494,3685701,517743,491953,807285,759251,248767,516,457
2021-08-25T23:59:59+02:00,31236,29015,260832,251181,369677,340162,387445,380009,452405,461801,506789,508783,347636,388182,244035,312429,71787,131395,232529,224725,344736,313803,365515,355173,430646,437161,486300,488056,336774,375826,236745,302444,69021,125708,3904793,3673729,517614,491546,807257,759100,246162,514,453
2021-08-24T23:59:59+02:00,30919,28749,260100,250402,369070,339530,386906,379435,451923,461289,506377,508409,347426,387956,243918,312264,71761,131322,231318,223665,343774,312883,364732,354423,429973,436509,485739,487505,336495,375514,236610,302283,68996,125643,3899854,3666547,517328,491100,807236,758796,244363,514,449
2021-08-23T23:59:59+02:00,30398,28223,258713,249086,368044,338617,386074,378645,451142,460607,505728,507842,347144,387676,243779,312077,71734,131263,229839,222351,342463,311819,363781,353572,429111,435754,485035,486936,336189,375182,236473,302094,68970,125583,3892432,3659155,517183,490620,807202,758514,240996,514,448
2021-08-22T23:59:59+02:00,30256,28109,258308,248718,367692,338288,385800,378379,450906,460363,505542,507692,347047,387580,243738,312018,71717,131237,229120,221673,341780,311163,363245,353068,428671,435349,484716,486670,336026,374999,236405,301987,68946,125535,3890220,3654757,517035,490159,807163,758214,239991,514,446
2021-08-21T23:59:59+02:00,30005,27904,257809,248257,367375,337967,385543,378122,450701,460185,505394,507553,346992,387524,243716,311980,71714,131228,228378,221022,341295,310765,362843,352657,428306,435043,484487,486474,335942,374931,236378,301944,68940,125523,3887672,3651788,516891,488953,807155,758158,239269,514,446
2021-08-20T23:59:59+02:00,29812,27706,257150,247597,366635,337345,384867,377594,450108,459688,504920,507233,346849,387366,243661,311883,71698,131193,226573,219408,339887,309574,361726,351702,427350,434246,483769,485925,335698,374681,236276,301824,68915,125493,3884208,3643546,516566,487798,807142,757792,236405,514,446
2021-08-19T23:59:59+02:00,29480,27393,256168,246753,365637,336557,384079,376904,449393,459052,504361,506750,346608,387104,243553,311736,71664,131120,223814,216976,337581,307740,360026,350230,425948,432978,482613,484968,335278,374254,236084,301577,68881,125423,3878702,3629200,516200,486032,807102,757321,233318,514,445
2021-08-18T23:59:59+02:00,29194,27133,255372,246047,364937,335943,383503,376337,448795,458555,503889,506340,346335,386863,243434,311587,71632,131054,221341,214456,335527,305980,358384,348578,424425,431650,481466,483928,334754,373697,235850,301277,68829,125328,3873604,3615931,516023,482086,807072,756942,231260,513,445
2021-08-17T23:59:59+02:00,28875,26857,254584,245330,364318,335261,382942,375785,448307,458071,503459,505919,346132,386652,243317,311457,71605,131002,218591,211706,333455,304153,356696,347116,422991,430375,480342,482937,334260,373156,235614,300983,68775,125251,3868564,3600871,515722,479311,807046,756512,229548,513,444
2021-08-16T23:59:59+02:00,28587,26594,253887,244682,363745,334704,382479,375323,447868,457629,503037,505554,345946,386444,243218,311292,71574,130962,215421,208635,331163,302042,355177,345671,421784,429242,479390,482096,333868,372709,235426,300708,68735,125163,3864146,3583494,515566,478584,807020,756162,227799,513,442
2021-08-15T23:59:59+02:00,28391,26431,253394,244241,363319,334315,382119,374986,447572,457370,502795,505361,345831,386326,243169,311212,71563,130941,211413,204579,329269,300425,353916,344452,420762,428307,478608,481437,333535,372373,235303,300531,68711,125113,3861308,3565890,515423,477673,806981,755838,226630,513,441
2021-08-14T23:59:59+02:00,28325,26374,253148,244044,363087,334139,381946,374837,447415,457241,502677,505254,345782,386294,243151,311189,71560,130936,210342,203475,328448,299663,353200,343774,420267,427848,478219,481115,333395,372244,235265,300474,68702,125096,3860141,3559198,515352,477304,806977,755762,225935,513,441
2021-08-13T23:59:59+02:00,28069,26132,252443,243455,362586,333711,381509,374404,446980,456879,502339,504997,345653,386143,243086,311114,71548,130907,208454,201691,327023,298348,351933,342584,419216,426911,477469,480475,333151,371953,235152,300332,68684,125042,3856325,3547262,515281,476703,806967,755571,224391,509,441
2021-08-12T23:59:59+02:00,27870,25905,251720,242820,361966,333125,380979,373919,446445,456433,501918,504641,345470,385944,242984,311009,71534,130859,205859,199422,324142,295813,349921,340786,417706,425659,476233,479406,332696,371415,234902,300055,68644,124958,3852371,3529851,515094,475497,806930,754545,222151,509,439
2021-08-11T23:59:59+02:00,27636,25659,250987,242132,361342,332546,380454,373442,445983,456008,501510,504211,345244,385703,242868,310874,71506,130804,202818,196441,320960,292872,347747,338717,416205,424252,474948,478115,332153,370772,234653,299647,68593,124829,3847536,3507992,514875,474424,806890,753607,220616,506,438
2021-08-10T23:59:59+02:00,27390,25401,250155,241397,360628,331998,379914,372894,445483,455533,501055,503813,345048,385506,242782,310735,71483,130760,198617,192311,316291,288661,344760,335939,414088,422306,473350,476656,331466,370100,234354,299237,68536,124710,3842440,3477852,514592,473312,806855,752458,219094,506,438
2021-08-09T23:59:59+02:00,27194,25200,249529,240826,360048,331513,379470,372513,445071,455188,500709,503530,344888,385357,242716,310624,71463,130724,194073,187711,310579,283910,342000,333443,412171,420533,471730,475188,330818,369410,234074,298866,68477,124574,3838732,3447462,514413,470530,806824,751361,217599,506,434
2021-08-08T23:59:59+02:00,27024,25042,249048,240416,359654,331161,379122,372226,444768,454932,500468,503337,344782,385249,242653,310544,71446,130691,192725,186343,308952,282573,340688,332279,411296,419776,471165,474672,330557,369142,233945,298696,68452,124524,3836169,3438341,514258,469170,806772,750883,216366,506,434
2021-08-07T23:59:59+02:00,26874,24866,248518,239967,359256,330822,378787,371942,444475,454696,500242,503163,344710,385155,242619,310495,71438,130680,189047,182752,306908,280721,338970,330755,409962,418509,470239,473876,330201,368769,233814,298507,68418,124487,3833311,3418713,514151,467834,806762,750669,215483,506,431
2021-08-06T23:59:59+02:00,26648,24632,247647,239304,358470,330211,378112,371364,443818,454168,499704,502773,344477,384949,242520,310378,71427,130658,185311,179197,303440,277914,336849,328917,408358,417168,468938,472912,329820,368383,233654,298351,68394,124439,3830729,3399403,512785,466105,806750,749570,211998,506,429
2021-08-05T23:59:59+02:00,26326,24308,246470,238367,357572,329333,377288,370632,443078,453486,499036,502232,344193,384647,242404,310203,71386,130595,180832,175249,298050,273506,332731,325351,405550,414675,466681,471125,329150,367677,233389,297979,68333,124328,3824358,3371459,512521,461393,806686,745858,208986,506,428
2021-08-04T23:59:59+02:00,25952,23966,245319,237376,356573,328421,376510,369917,442447,452883,498463,501703,343918,384379,242283,310030,71358,130524,177348,171942,294280,270373,328320,321442,403295,412582,464972,469571,328453,366976,233114,297624,68274,124226,3817842,3344275,512178,459625,806650,744106,206343,502,427
2021-08-03T23:59:59+02:00,25488,23544,243955,236189,355660,327581,375798,369221,441788,452220,497865,501167,343624,384078,242154,309852,71314,130456,173864,168495,290177,266732,323208,316833,400547,410021,462630,467466,327606,366107,232763,297152,68205,124087,3809866,3312149,512017,457748,806608,742034,204453,502,427
2021-08-02T23:59:59+02:00,25171,23238,242903,235225,354813,326822,375096,368621,441218,451674,497340,500719,343361,383804,242036,309697,71288,130397,170226,164900,285477,262765,317332,311876,397794,407464,460392,465471,326833,365272,232466,296752,68141,123969,3803506,3278661,511768,455770,806551,739501,202587,501,425
2021-08-01T23:59:59+02:00,25016,23047,242274,234618,354216,326310,374654,368228,440784,451353,496996,500441,343223,383639,241960,309581,71274,130371,168674,163448,282990,260764,312698,308159,395935,405887,458912,464223,326399,364786,232295,296534,68112,123910,3799828,3260744,511465,453625,806458,737055,201219,500,421
2021-07-31T23:59:59+02:00,24906,22942,241932,234299,353933,326082,374413,368059,440595,451200,496888,500342,343190,383600,241940,309568,71273,130365,164898,159603,280161,258216,310606,306161,394538,404604,457765,463234,326080,364410,232161,296360,68086,123864,3798213,3237807,511275,452687,806452,736263,200571,500,421
2021-07-30T23:59:59+02:00,24616,22682,241132,233581,353356,325551,373923,367594,440132,450798,496527,500051,343052,383459,241895,309489,71260,130349,161148,155834,276761,255100,307578,303339,392306,402487,455915,461647,325570,363877,231951,296067,68053,123806,3794126,3212705,510907,451482,806435,733062,198961,499,420
2021-07-29T23:59:59+02:00,24269,22341,239593,232307,352189,324471,372951,366683,439276,450006,495712,499426,342718,383146,241758,309306,71223,130282,156290,151347,271375,250919,301665,298555,387948,398990,452859,459236,324737,363030,231638,295657,67991,123707,3786534,3178759,510227,446622,806351,727953,195522,498,420
2021-07-28T23:59:59+02:00,23969,22053,238439,231267,351301,323628,372195,365988,438637,449337,495145,498934,342465,382846,241623,309121,71188,130209,152526,147695,266873,247253,297227,294599,384680,396131,450767,457384,324076,362269,231368,295272,67927,123582,3779770,3148003,509686,444697,806272,725310,193595,497,417
2021-07-27T23:59:59+02:00,23697,21826,237429,230289,350457,322886,371490,365395,438050,448721,494618,498475,342221,382541,241489,308926,71152,130110,147497,142564,260942,242112,291921,289831,380660,392429,447581,454566,323087,361164,231001,294765,67836,123423,3773465,3106373,509128,442370,806214,721564,191944,496,415
2021-07-26T23:59:59+02:00,23465,21587,236454,229307,349662,322182,370882,364841,437493,448230,494167,498103,341989,382300,241360,308768,71128,130052,143147,138167,255387,237320,286747,285353,376186,388468,444060,451540,322134,360199,230670,294286,67761,123286,3767770,3066924,508495,440113,806134,717211,190546,494,415
2021-07-25T23:59:59+02:00,23106,21286,235113,228152,348715,321414,370202,364179,436913,447690,493707,497697,341789,382086,241270,308639,71107,129988,141301,136408,252702,235101,284239,283251,374048,386688,441973,449747,321619,359685,230467,294056,67736,123209,3760693,3051903,508118,437924,806066,712853,189146,494,415
2021-07-24T23:59:59+02:00,22857,21088,234182,227292,347990,320761,369625,363656,436385,447251,493346,497419,341672,381987,241226,308577,71104,129977,138403,133606,249967,232775,281672,281033,371787,384828,440733,448759,321269,359347,230322,293877,67717,123175,3756667,3033539,507350,434908,806050,712512,187295,494,415
2021-07-23T23:59:59+02:00,22439,20701,232676,225947,346665,319820,368576,362788,435504,446462,492647,496886,341437,381715,241137,308464,71083,129941,132917,128757,244592,228466,277192,277242,368095,381626,438077,446557,320569,358626,230068,293565,67663,123094,3749188,2997974,506878,433135,805994,710375,183786,494,415
2021-07-22T23:59:59+02:00,21934,20225,230570,223970,344912,318278,367067,361496,434183,445313,491664,495984,341003,381263,240959,308215,71039,129859,128568,124696,238587,223950,270802,272169,361196,376121,432614,442042,319385,357366,229629,293036,67569,122940,3736729,2955864,505290,427147,805864,704052,181000,493,413
2021-07-21T23:59:59+02:00,21426,19707,228682,222145,343212,316746,365444,359920,432605,443923,490437,494812,340449,380741,240710,307929,70985,129764,124801,121125,233124,219707,265267,267642,353055,369181,428002,438298,318265,356216,229166,292469,67488,122760,3725708,2920321,501527,416253,805638,699267,177707,493,412
2021-07-20T23:59:59+02:00,21124,19428,227211,220667,341973,315575,364476,359044,431739,443128,489715,494161,340106,380369,240562,307706,70957,129675,120464,116884,226773,214532,259434,262460,345937,363073,423302,433987,317171,354960,228752,291883,67391,122577,3716361,2876523,501119,409030,805507,694877,175568,493,411
2021-07-19T23:59:59+02:00,20810,19131,225473,218971,340656,314318,363440,358067,430925,442348,489042,493542,339810,380007,240411,307473,70912,129578,117707,114282,222388,210939,254814,258506,342219,359900,420680,431805,316444,354231,228452,291491,67316,122453,3705762,2851463,500695,403648,805413,690549,173979,493,411
2021-07-18T23:59:59+02:00,20656,18998,224178,217698,339038,312881,362368,357136,430104,441626,488503,492999,339574,379721,240282,307293,70890,129516,116206,112892,219727,208756,252457,256405,339967,358050,418643,430112,315952,353743,228291,291273,67295,122386,3696301,2839166,500156,399371,805336,686846,172600,493,408
2021-07-17T23:59:59+02:00,20259,18576,223022,216638,338458,312340,361778,356621,429586,441175,488090,492709,339469,379604,240240,307238,70887,129505,114132,110789,217265,206451,249989,254208,337542,355909,417195,428849,315617,353352,228156,291105,67271,122346,3690725,2821645,499952,396647,805319,686060,171130,490,408
2021-07-16T23:59:59+02:00,19716,18062,220473,214486,336716,311039,360270,355327,428116,439966,486990,491844,339063,379233,240068,307079,70862,129468,111015,107987,212494,202519,245449,250570,333238,352209,413846,426124,314696,352422,227806,290688,67217,122264,3680502,2793941,499192,394289,805157,682246,164853,489,407
2021-07-15T23:59:59+02:00,19074,17435,217690,212057,334805,309334,358679,353885,426775,438777,486045,490990,338663,378805,239865,306822,70820,129363,107105,104762,204117,196267,237951,244962,326626,346964,406767,419669,312953,350605,227256,290017,67145,122065,3665430,2747311,498593,385842,805039,674820,161718,488,407
2021-07-14T23:59:59+02:00,18228,16709,215241,209728,333095,307793,357267,352537,425549,437573,485010,490029,338205,378344,239624,306510,70766,129274,103491,101422,197637,191097,232232,240287,322328,343484,402591,416039,311640,349291,226846,289458,67062,121911,3650459,2713656,498004,380304,804908,668011,159003,487,404
2021-07-13T23:59:59+02:00,17574,16051,213051,207700,331485,306417,355927,351307,424371,436479,484047,489168,337764,377869,239421,306263,70731,129181,99729,97878,191146,185689,225088,234218,315643,337418,394190,408178,309841,347363,226240,288666,66949,121710,3636593,2670812,497445,367625,804746,658533,156910,485,400
2021-07-12T23:59:59+02:00,16554,15116,209765,204515,329421,304681,354346,349836,423126,435273,483062,488263,337347,377395,239241,306033,70692,129104,96630,95154,185860,181384,218105,228538,308803,331380,389087,403898,308110,345494,225646,287932,66850,121540,3618090,2632483,496887,360480,804565,650111,155110,484,399
2021-07-11T23:59:59+02:00,16045,14642,208405,203239,328676,303963,353685,349206,422561,434766,482613,487919,337156,377191,239181,305927,70670,129064,95209,93865,183080,179076,215107,226245,306113,329222,386258,401509,305637,342868,225265,287461,66795,121442,3611836,2617486,496247,358490,804436,639613,153276,479,395
2021-07-10T23:59:59+02:00,15570,14182,206558,201456,327210,302698,352544,348227,421831,434167,482136,487520,336986,377026,239115,305841,70660,129044,93906,92591,180546,176957,212071,223760,303588,327059,385091,400472,304990,342199,225085,287272,66779,121415,3603236,2600666,495605,358259,804199,637864,150611,478,395
2021-07-09T23:59:59+02:00,15246,13902,204652,199612,325601,301240,351473,347262,420926,433454,481564,487042,336779,376802,239018,305720,70645,129010,91114,89863,177014,173727,207722,219604,298564,322453,381646,397488,303893,340967,224779,286905,66742,121351,3594073,2571650,494740,356194,804004,630263,148005,477,395
2021-07-08T23:59:59+02:00,14779,13474,201153,196622,322283,298564,349095,345271,419214,431998,480126,485972,336340,376359,238838,305469,70600,128933,86807,86093,169761,168062,199580,213200,291187,316334,374690,391271,301168,338040,223997,285967,66625,121091,3578697,2525407,490691,347525,803481,619900,143069,475,395
2021-07-07T23:59:59+02:00,14278,13020,197409,192759,319112,295707,346776,343225,417655,430525,478924,484870,335862,375794,238648,305197,70562,128827,83124,82641,162456,162341,190527,206017,283198,309768,367641,384445,297853,334422,223087,284866,66485,120844,3557402,2477390,489323,334086,803095,609896,140131,472,392
2021-07-06T23:59:59+02:00,13819,12648,193972,189380,315855,292969,344300,340938,415940,428962,477653,483732,335360,375238,238450,304905,70509,128742,79550,79062,155778,156827,183111,199807,274252,301815,361149,378355,294654,331173,222201,283774,66376,120615,3537534,2424852,486254,327104,802676,600375,137703,469,392
2021-07-05T23:59:59+02:00,13422,12311,189580,185130,311802,289631,341788,338601,414261,427414,476508,482660,334887,374720,238272,304660,70476,128656,76484,76232,150658,152736,178344,195679,267332,295545,355041,372815,291378,327727,221313,282654,66267,120446,3514675,2385769,485095,322607,802179,590017,133617,466,389
2021-07-04T23:59:59+02:00,13244,12153,185734,181256,309160,287602,340472,337529,413377,426636,475928,482169,334662,374465,238183,304533,70450,128602,74294,74361,147555,150166,176012,193634,264881,293482,351926,370605,288069,324331,220728,281984,66211,120326,3502422,2371977,483802,320302,801612,578475,129102,466,388
2021-07-03T23:59:59+02:00,12049,11097,179299,175255,304894,284139,338137,335358,411559,424828,474712,481112,334263,374019,238009,304285,70426,128559,72513,72782,145130,148284,173574,191551,261815,290754,349645,368748,286314,322348,220461,281622,66179,120277,3476035,2356241,482395,320102,801429,573983,122910,466,388
2021-07-02T23:59:59+02:00,10951,10004,175587,171794,302475,281939,336390,333652,410306,423638,473936,480421,334002,373705,237895,304103,70398,128511,69817,70098,141205,144995,169136,187504,255758,285305,344419,364041,283063,318619,219820,280850,66130,120193,3457935,2323025,480916,317312,801244,561403,120376,464,369
2021-07-01T23:59:59+02:00,9855,9075,171918,168350,298435,278647,333894,331379,408508,422058,472838,479460,333582,373242,237694,303832,70352,128432,64933,65379,134884,139660,161847,180990,245498,276443,333618,354251,278276,313345,217967,278594,65951,119881,3435378,2266665,478817,304961,800897,543673,117220,464,365
2021-06-30T23:59:59+02:00,9366,8681,168647,165270,292806,274019,330222,328040,406736,420513,471812,478492,333159,372759,237503,303532,70318,128343,61803,62532,129239,134982,155203,174994,235449,267296,320214,340973,273062,307799,216076,276273,65783,119559,3410259,2211645,476650,292145,800604,524834,113458,463,364
2021-06-29T23:59:59+02:00,8830,8158,164848,161491,288265,269755,326654,324747,404636,418434,470266,477081,332569,372120,237250,303177,70263,128234,59012,59533,124294,130570,149182,169466,223600,256602,311657,332607,266598,300608,214104,273814,65580,119213,3382741,2152392,474653,287482,800279,507425,109847,462,360
2021-06-28T23:59:59+02:00,8425,7778,161521,158032,283232,265434,323348,321900,402492,416508,468778,475770,332048,371509,237017,302867,70219,128140,56740,57185,120391,127057,144834,165384,214373,248188,305869,327202,261652,295312,212340,271579,65433,118947,3358814,2116671,470679,278865,799619,490904,106635,462,357
2021-06-27T23:59:59+02:00,8277,7655,160015,156506,281127,263624,321542,320363,400792,415149,467879,475053,331756,371216,236914,302704,70200,128091,55544,56077,118266,125344,142268,163257,210263,244802,302504,324343,257842,291307,209880,268668,65322,118752,3348793,2101212,468600,275373,798569,474764,103629,461,357
2021-06-26T23:59:59+02:00,7123,6557,156746,153169,279022,261743,319127,318124,399602,413993,467180,474352,331487,370935,236807,302546,70176,128061,54998,55488,116927,124190,140842,162020,208017,242798,299972,321932,256304,289646,209546,268259,65295,118682,3329658,2084406,465778,275285,798563,472265,103495,435,336
2021-06-25T23:59:59+02:00,5901,5441,152435,148886,275630,258785,317070,316162,398293,412746,466179,473527,331198,370600,236679,302390,70148,128011,53710,53865,114451,121492,136756,157450,199251,234346,294281,316058,254582,287527,208955,267457,65224,118565,3304695,2041896,464350,273593,798507,465684,103270,435,336
2021-06-24T23:59:59+02:00,5047,4653,147994,144752,270801,254838,312794,312382,396100,410872,464802,472391,330774,370135,236510,302152,70114,127924,51066,51270,109330,116772,129427,150802,187212,223893,282866,305828,249203,281685,207120,265113,65021,118165,3273499,1979838,462339,261820,798339,451930,101592,434,335
2021-06-23T23:59:59+02:00,4826,4447,144827,141636,267103,251683,307549,307581,393606,408524,463396,471072,330246,369514,236279,301841,70066,127817,49124,49187,105535,112860,123754,145126,177318,215227,270887,293835,244589,276869,205787,263415,64860,117806,3245937,1923509,458814,251956,798178,441233,99815,432,334
2021-06-22T23:59:59+02:00,4576,4218,141752,138506,263386,248303,301420,302147,390972,405963,461856,469592,329696,368905,236058,301487,70019,127710,47435,47448,101925,109557,118959,140546,164724,204081,259977,283533,240525,272399,203864,261006,64608,117333,3213878,1865142,456881,244241,797984,430276,98540,430,325
2021-06-21T23:59:59+02:00,4317,3973,138490,135562,258680,244404,296171,297278,387931,403093,460382,468239,329179,368344,235835,301172,69978,127598,46202,46219,99542,107340,116221,137840,158504,198308,253091,276892,235173,266562,199928,256484,64421,116956,3182142,1834146,454840,238724,797773,410494,96575,427,325
2021-06-20T23:59:59+02:00,4173,3856,136981,134051,254433,240913,293588,295037,386541,401779,459591,467493,328953,368058,235723,301040,69958,127536,45079,45296,97282,105546,113945,135853,155469,195769,248781,272817,232170,263032,198941,255231,64340,116830,3164669,1813790,453076,235171,797616,402627,95041,425,318
2021-06-19T23:59:59+02:00,3756,3506,134833,131950,251677,238588,291805,293388,384699,400210,458749,466763,328731,367806,235619,300901,69937,127504,44539,44647,96011,104282,112469,134388,153965,194331,245559,269796,231451,262185,198770,254968,64318,116777,3148315,1797820,450254,233590,797606,402347,94937,425,318
2021-06-18T23:59:59+02:00,2806,2593,131552,128807,248156,235540,287797,289978,382302,398085,457410,465602,328355,367405,235464,300665,69910,127455,43752,43733,94433,102503,110177,131718,150413,190298,238701,262510,229726,260180,198285,254330,64243,116643,3122509,1768505,445819,233061,797580,395644,94661,425,317
2021-06-17T23:59:59+02:00,2573,2370,127836,125524,242135,231100,282572,285589,377516,394091,455078,463761,327759,366682,235220,300310,69845,127341,41510,41908,90383,99028,105280,126969,142548,182625,227302,251120,224524,254244,196633,252173,63984,116224,3087698,1712818,442834,228918,797318,384743,90196,362,309
2021-06-16T23:59:59+02:00,2302,2136,124605,122120,237237,226755,277884,281326,372345,389596,452479,461617,327011,365880,234929,299897,69779,127227,39679,40310,86846,95999,100930,123145,134312,175280,215199,239209,218296,247136,194711,249846,63732,115736,3054158,1653031,437302,223312,796815,376648,87587,360,308
2021-06-15T23:59:59+02:00,1915,1804,119688,117249,231253,221607,272531,276339,367280,384967,449629,459201,326141,364900,234576,299384,69697,127043,38062,38698,83523,92954,96965,119093,127261,168908,202849,227181,212267,240350,192749,247414,63422,115167,3009428,1595756,435374,217469,796250,368972,84871,360,305
2021-06-14T23:59:59+02:00,1652,1529,115637,113093,226029,216696,267170,271368,361988,380219,446509,456606,325356,364041,234266,298995,69635,126923,37082,37809,81245,90860,94259,116575,123146,165158,196249,220681,209159,236843,191614,245944,63203,114778,2967289,1566166,433022,215195,795991,361320,82120,358,302
2021-06-13T23:59:59+02:00,1579,1444,114144,111717,223582,214592,264630,269109,359733,378263,445337,455580,325080,363736,234130,298824,69603,126849,36215,37072,79387,89185,92247,114753,120319,162549,192375,216975,206067,233406,190582,244576,62971,114366,2952304,1552160,430584,207918,795687,353095,80061,358,300
2021-06-12T23:59:59+02:00,1430,1306,111491,108968,221687,212863,263244,267833,358295,376860,444440,454811,324793,363427,234038,298721,69585,126821,35846,36667,78399,88090,90994,113455,118740,160987,188809,213674,205032,232278,189183,242921,62961,114334,2936121,1538999,429605,207909,795663,345717,79926,357,299
2021-06-11T23:59:59+02:00,1282,1170,108948,106451,218790,210243,259577,264641,355158,374126,442724,453338,324357,362976,233901,298513,69558,126766,35169,35553,76390,84715,88760,109922,114633,155844,182105,206220,202934,229907,188579,242151,62899,114235,2911696,1511478,426806,207212,795482,332272,79230,356,298
2021-06-10T23:59:59+02:00,1120,1013,104192,102043,212714,205479,252518,258817,349063,368827,438224,449562,323495,362004,233579,298065,69474,126613,33589,34067,72387,80536,83838,104417,107964,147628,169754,192571,196851,223007,186849,240008,62645,113831,2868042,1464301,419705,205468,794643,305256,75085,353,293
2021-06-09T23:59:59+02:00,972,884,100276,98331,206753,200743,245703,253106,342402,362875,434544,446534,322814,361256,233307,297682,69409,126481,32056,32808,69150,77889,80137,101249,103241,143343,158602,181807,186221,211001,184986,237763,62372,113336,2829008,1410227,411185,201487,794124,293978,70432,332,288
2021-06-08T23:59:59+02:00,790,703,95748,93791,200114,195181,238742,247095,334153,355597,429434,441857,321973,360248,232933,297193,69329,126345,30982,31950,66560,75589,76854,98523,98663,139425,150994,174307,177501,201277,183180,235512,62140,112969,2777017,1370985,405420,196569,793531,283116,65915,332,280
2021-06-07T23:59:59+02:00,631,562,92527,90694,194050,190477,232187,241853,326321,349425,426385,439405,321425,359615,232716,296865,69275,126249,30111,31102,64094,73628,73899,96362,94898,136485,142903,166504,173449,196649,181748,233697,61918,112587,2738005,1343840,399256,193266,792960,271990,61086,331,280
2021-06-06T23:59:59+02:00,593,526,90950,89378,190763,187923,228832,239077,322036,346021,424946,438321,321153,359318,232608,296706,69251,126202,29508,30547,62322,71943,71819,94348,91702,133419,137209,160704,170910,194015,180637,232295,61689,112207,2722570,1331975,391860,183566,792476,261544,58335,329,275
2021-06-05T23:59:59+02:00,512,446,89005,87359,185886,183704,226363,236944,320219,344399,423949,437407,320867,358999,232460,296538,69237,126170,29049,29788,61120,69986,70419,92198,90024,131144,132442,155365,167905,190341,180152,231637,61655,112141,2699069,1308329,391729,183098,792352,256130,57946,328,274
2021-06-04T23:59:59+02:00,412,361,86651,84828,182221,180090,222357,232996,316624,340759,421587,435212,320410,358461,232263,296309,69198,126108,28581,29114,60000,68332,69133,90113,88232,128523,129068,151704,163668,185568,179161,230371,61607,112053,2669807,1289464,387903,182324,792236,246053,57521,328,272
2021-06-03T23:59:59+02:00,319,286,83363,81757,176493,175424,215092,226896,308906,334057,413824,428353,319371,357272,231892,295855,69142,125974,27690,28102,58106,66137,66733,87363,84594,124404,122297,145027,157319,177953,177587,228342,61493,111817,2620841,1260225,377654,176994,791814,233304,54570,325,265
2021-06-02T23:59:59+02:00,269,227,81278,79590,172405,171696,211443,223736,305322,330704,411779,426518,318961,356815,231738,295647,69114,125923,27220,27623,56975,65020,65130,86085,82534,122458,117317,140141,149430,168978,176864,227386,61408,111647,2592044,1227975,376267,175022,791787,229685,53660,322,257
2021-06-01T23:59:59+02:00,170,160,77011,75761,164121,165123,202081,216000,296222,322819,403568,418680,317447,355199,231197,294906,69000,125693,25668,26207,52659,62060,60289,82793,77104,117949,109879,132923,138320,155556,174757,224650,61200,111223,2533317,1177773,364621,170910,791028,217904,46764,318,251
2021-05-31T23:59:59+02:00,148,143,74263,73276,158459,160796,194769,210023,288828,316432,397824,413707,316450,354084,230809,294380,68910,125523,24753,25145,50029,59837,57110,80259,73491,114667,105375,128476,134160,150631,173385,222931,61030,110891,2492865,1155321,355227,168543,790385,207509,40904,317,249
2021-05-30T23:59:59+02:00,137,135,73212,72209,155976,158760,192144,207669,286040,313917,395936,411962,316087,353672,230648,294141,68872,125442,24149,24357,48436,58105,55369,78402,71257,112101,102721,125607,132004,148101,172592,221996,60938,110680,2477037,1145532,352704,167232,789751,196138,38018,316,244
2021-05-29T23:59:59+02:00,134,133,72603,71616,154463,157359,189843,205639,284201,312331,395099,411192,315865,353428,230567,294062,68861,125423,23826,23830,47515,56607,54024,76525,69331,109256,100400,122808,129194,144674,171938,221089,60911,110628,2463147,1131896,352543,167165,789685,185605,37993,316,243
2021-05-28T23:59:59+02:00,130,130,71515,70501,152063,155099,186181,202095,280929,309196,393238,409424,315453,352923,230420,293848,68842,125366,23294,22827,45906,54482,52196,73962,67289,105307,96069,116916,124813,139614,170960,219777,60864,110514,2439315,1109236,351489,166951,789475,171090,37615,314,238
2021-05-27T23:59:59+02:00,119,121,68201,67484,145573,150161,177991,195837,274529,304035,386922,403738,314185,351468,229957,293316,68770,125183,21971,21143,42651,51432,48313,70151,62731,99295,89712,109402,120878,134990,168155,216073,60691,110199,2394702,1080776,343864,164215,787663,151005,31886,313,232
2021-05-26T23:59:59+02:00,115,118,66045,65306,140620,146079,171889,190771,267776,298364,380177,397040,312661,349855,229463,292614,68666,124970,21226,20224,40827,49294,45957,67418,59691,95501,85122,104285,115890,129266,164351,210731,60481,109771,2357388,1048809,330660,162635,785840,139535,29150,312,229
2021-05-25T23:59:59+02:00,114,111,64013,63313,136417,142591,166836,186477,260711,292084,374749,391649,311370,348437,229050,291965,68583,124792,20649,19559,39428,47776,44123,65401,57216,92497,81037,99905,110940,123563,158797,203461,60311,109464,2319797,1017192,323149,159212,783300,130302,27517,308,224
2021-05-24T23:59:59+02:00,112,109,62771,62101,133658,140484,163557,184064,253761,286093,369810,386965,310541,347517,228763,291577,68511,124661,20308,19151,38409,46704,42779,63915,55536,90487,78804,97393,109514,121907,158189,202669,60199,109261,2296055,1007829,312031,157908,781492,123618,25969,308,220
2021-05-23T23:59:59+02:00,107,108,62273,61585,132556,139587,162361,183032,252519,285072,368220,385537,309921,346859,228590,291349,68491,124625,20075,18963,37858,46147,42023,63215,54372,89490,77312,96028,108337,120507,157210,201447,60128,109119,2284549,999641,311443,154830,781448,122018,25841,308,217
2021-05-22T23:59:59+02:00,104,106,61578,60962,131059,138505,159982,181404,249544,282779,365739,383309,309389,346263,228413,291082,68465,124574,19755,18541,37240,45539,41381,62683,53715,88762,76540,94877,106785,118701,156437,200476,60101,109065,2266563,992938,311428,154826,781408,118588,24341,308,217
2021-05-21T23:59:59+02:00,100,102,60246,59520,128150,135909,156691,178080,244306,278011,359640,377621,308453,345168,228117,290684,68404,124466,19395,18175,36626,44773,40729,61630,52762,87370,74816,92575,103543,114749,155297,199025,60009,108890,2230465,979914,309787,154498,779833,111992,24056,304,215
2021-05-20T23:59:59+02:00,91,100,57198,56730,122409,131032,149755,171760,233994,269254,350605,369334,305912,342421,227349,289672,68272,124247,18099,17240,34453,42529,38275,58732,49939,83594,70887,88075,99416,110100,152831,196006,59828,108535,2172443,960595,303121,152546,773875,94332,21154,296,215
2021-05-19T23:59:59+02:00,90,98,54987,54539,117402,126353,142586,165139,223458,259905,340052,358427,303265,339548,226597,288619,68121,123971,17517,16453,33227,40944,36867,56673,47933,80812,67647,84495,95532,105627,149198,191268,59566,108044,2106514,937180,296862,150567,770891,84822,19328,294,202
2021-05-18T23:59:59+02:00,86,93,52890,52577,112621,122094,136209,159566,211893,249545,330170,348625,300592,336581,225714,287414,67970,123718,16999,15846,32014,39479,35513,54875,46122,78401,64759,81268,91528,101089,146000,187201,59353,107610,2046642,916921,287494,147705,767300,76171,17348,290,202
2021-05-17T23:59:59+02:00,83,90,51857,51583,110285,120038,133392,156912,205371,243527,322597,341538,298799,334607,225123,286589,67863,123505,16541,15398,30964,38437,34339,53584,44641,76601,62497,78872,86685,95224,144537,185315,59205,107297,2019834,905217,275187,140233,763874,69486,15285,288,199
2021-05-16T23:59:59+02:00,82,87,51070,50928,108840,118715,131650,155249,202399,240846,315160,334582,297778,333473,224813,286104,67810,123407,16258,15026,30215,37655,33465,52667,43580,75288,61166,77402,83269,91147,143746,184235,59117,107157,2004486,899131,264758,133463,760634,65351,13531,285,195
2021-05-15T23:59:59+02:00,82,87,50531,50295,107839,117725,130634,154135,200461,238911,311590,331373,297157,332787,224617,285833,67790,123343,16118,14862,29961,37349,33179,52235,43095,74641,60318,76417,82672,90331,143230,183567,59081,107110,1988280,893891,264737,133316,759766,64223,12820,283,194
2021-05-14T23:59:59+02:00,81,86,49272,48871,105589,115634,127043,150683,192251,231844,305279,325488,296175,331650,224332,285384,67743,123248,15620,14432,29174,36527,32409,51043,42018,72858,58752,74464,80764,87843,142618,182576,59041,107024,1951019,884234,263039,132441,755223,58798,11773,280,192
2021-05-13T23:59:59+02:00,77,85,47359,46920,101749,112404,122337,146572,182234,223261,294677,315674,293208,328229,223521,284247,67643,123041,14760,13986,28317,35830,31648,50141,41075,71764,57240,72899,76987,83492,139851,178965,58931,106807,1899443,871681,254427,125390,748997,54947,10757,276,187
2021-05-12T23:59:59+02:00,75,83,46448,46212,99834,110976,120273,144911,179684,221151,289943,310348,292046,326962,223281,283927,67605,122956,14595,13835,27996,35611,31245,49853,40629,71390,56697,72332,75639,81861,139072,177831,58845,106647,1876371,865932,252264,123594,748506,54677,9957,272,185
2021-05-11T23:59:59+02:00,71,77,44205,44737,95807,107900,114469,140183,166324,209882,278299,299588,288645,323051,222325,282529,67455,122657,14166,13269,26985,34183,30115,48048,39324,69115,54988,70069,72553,78274,137715,175995,58686,106289,1817533,853652,242555,120905,740004,46815,8479,267,183
2021-05-10T23:59:59+02:00,70,73,42953,43759,93208,105893,111212,137551,157939,202856,270421,292481,286469,320598,221753,281669,67331,122416,13822,12825,26227,33198,29321,46789,38327,67261,53757,68340,70463,75720,136569,174485,58567,106002,1781971,844787,236507,119851,733033,39617,7501,263,175
2021-05-09T23:59:59+02:00,69,73,41830,42987,90525,104139,108549,135783,152927,199437,264900,287534,285228,319212,221377,281142,67265,122270,13507,12605,25534,32529,28593,45986,37534,66301,52827,67397,69234,74319,135972,173648,58512,105871,1762644,840216,229407,118873,727037,34844,6516,258,173
2021-05-08T23:59:59+02:00,68,73,41539,42684,89679,103406,107452,134926,151477,198220,262337,285469,284727,318671,221258,280964,67249,122238,13405,12543,25405,32437,28448,45857,37344,66106,52487,67078,68270,73398,134901,172282,58465,105778,1750587,835600,228897,118127,726811,34067,6502,249,159
2021-05-07T23:59:59+02:00,66,72,40614,41967,87742,102068,104624,132712,146856,194416,256083,279958,283387,317072,220910,280508,67196,122115,12660,12062,24580,31701,27684,44797,36480,64844,51303,65566,66020,70710,132673,169458,58375,105600,1724800,825916,225686,115857,722687,27283,5549,244,156
2021-05-06T23:59:59+02:00,62,71,37972,40243,82995,98614,98634,127958,136671,185906,239640,265547,278263,311277,219626,278820,67022,121802,11975,11544,23642,30596,26687,43447,35125,62846,49568,63589,63533,67582,130563,166695,58261,105382,1659253,814822,215781,112749,711797,18919,4636,230,155
2021-05-05T23:59:59+02:00,60,68,36085,39044,79338,96034,94034,124312,128851,179375,224891,251508,272082,304143,218055,276829,66776,121279,11742,11269,23100,29871,26084,42526,34200,61444,48415,62174,60921,64470,127619,162991,58163,105131,1593074,802522,210703,109181,705760,14947,3563,230,151
2021-05-04T23:59:59+02:00,60,66,34981,37937,76617,93711,90526,121275,123283,174644,214263,241244,266598,297698,216613,274985,66567,120811,11579,11065,22692,29330,25624,41753,33479,60354,47308,60902,58204,61292,125254,160055,58013,104895,1544037,790636,205582,106544,699682,11803,2910,228,149
2021-05-03T23:59:59+02:00,59,64,34110,36884,74325,91890,87652,118925,118847,171001,207609,235246,263321,293839,215813,273896,66446,120516,11332,10792,22297,28753,25142,41053,32791,59390,46285,59762,55413,57951,121478,155160,57756,104457,1512293,774778,202471,104830,694751,9049,1251,227,145
2021-05-02T23:59:59+02:00,59,64,33756,36569,73150,90984,86180,117833,116419,169134,204514,232729,262360,292750,215526,273487,66379,120408,11260,10720,22109,28539,24912,40767,32449,58984,45832,59287,54223,56490,118409,151478,57672,104326,1501682,769755,199674,99266,690880,8149,384,225,140
2021-05-01T23:59:59+02:00,58,64,33437,36192,72389,90190,85107,116790,114949,167770,201427,229700,261668,291925,215316,273207,66368,120369,11246,10704,22056,28509,24851,40729,32387,58927,45750,59210,53981,56198,118251,151282,57663,104309,1486582,768446,199666,99226,690614,8101,377,224,140
2021-04-30T23:59:59+02:00,55,62,32893,35591,71182,88966,83644,115060,111166,164203,194030,222585,259677,289556,214868,272597,66308,120261,10925,10508,21697,28231,24577,40306,32060,58364,45288,58579,53085,55034,117299,150096,57608,104190,1453679,764769,199339,97235,689818,5765,177,221,138
2021-04-29T23:59:59+02:00,53,61,31392,34640,68258,86939,80010,112455,106052,160092,181216,211040,251743,280457,213672,270965,66173,119918,10618,10294,21223,27783,24150,39809,31477,57624,44485,57649,51253,52839,115453,147858,57508,103995,1398787,755943,192056,94567,684447,3451,155,211,136
2021-04-28T23:59:59+02:00,52,59,30158,34031,66389,85629,77533,110633,102625,157235,171530,201873,240887,267860,212391,269280,65977,119592,10432,10134,20924,27428,23786,39339,31054,56965,43760,56824,49129,50217,112872,144622,57384,103783,1346146,746388,188690,90016,679081,2227,125,205,128
2021-04-27T23:59:59+02:00,49,58,29400,33346,64814,84165,75522,108823,99863,154838,166810,197152,232382,258055,211243,267667,65857,119369,10307,10023,20643,27139,23549,39009,30694,56468,43075,56136,47122,47673,110234,141187,57265,103583,1312114,736576,186385,86008,671094,1508,124,200,121
2021-04-26T23:59:59+02:00,48,58,28970,32961,63713,83279,74021,107657,97576,153124,158190,189149,228190,253213,210534,266670,65764,119170,10213,9933,20425,26951,23312,38795,30398,56126,42459,55565,45316,45526,108337,138707,57169,103429,1283162,728615,184940,82909,664368,1128,119,195,119
2021-04-25T23:59:59+02:00,48,57,28719,32721,62937,82755,72959,106920,95845,151897,152806,184282,223859,248333,209945,265889,65698,119047,10157,9899,20347,26873,23224,38713,30288,55999,42299,55406,44904,45030,107656,137802,57141,103358,1270398,726949,178804,81146,655697,997,116,194,117
2021-04-24T23:59:59+02:00,48,56,28376,32294,61996,81531,71773,105472,94297,150237,147899,179134,221071,244998,209475,265215,65664,118997,10143,9880,20306,26831,23171,38646,30207,55913,42150,55270,44660,44722,107404,137505,57120,103330,1245521,725856,178774,80446,654414,954,115,194,115
2021-04-23T23:59:59+02:00,46,56,27630,31672,60428,80022,69983,103453,91707,147595,143114,174737,216520,239450,208819,264227,65601,118882,10090,9816,20196,26744,23040,38496,29974,55704,41787,54940,44045,43962,106343,136216,56964,103055,1220636,722502,177589,77968,645888,902,114,191,113
2021-04-22T23:59:59+02:00,44,55,27016,31071,58894,78587,67518,101241,87582,144104,135079,167250,207493,228457,206778,261600,65402,118486,9965,9720,19946,26447,22686,38064,29464,55192,41040,54306,42887,42649,104351,133764,56735,102658,1179130,715025,170141,74071,637554,781,114,186,109
2021-04-21T23:59:59+02:00,44,51,26522,30549,57562,77484,65637,99612,84540,141463,127896,160436,194414,213123,204629,258713,65176,118060,9834,9634,19713,26196,22398,37739,29108,54741,40488,53774,42041,41632,102156,130976,56480,102245,1127634,708470,167257,69980,631185,709,114,182,107
2021-04-20T23:59:59+02:00,43,50,26096,30079,56399,76339,63961,98031,81991,138890,122812,155375,182942,199670,202202,255576,64939,117631,9730,9544,19493,26008,22105,37470,28696,54327,39949,53242,41226,40701,99936,127991,56142,101708,1085010,700921,163771,66731,624409,629,112,179,100
2021-04-19T23:59:59+02:00,43,49,25730,29720,55427,75518,62675,96852,79864,136965,119290,151995,177192,192832,200492,253340,64754,117299,9622,9451,19262,25788,21861,37196,28382,53937,39436,52711,40431,39794,96834,124014,55737,100996,1060456,690560,161940,64313,617810,592,111,171,100
2021-04-18T23:59:59+02:00,42,44,25422,29458,54660,74972,61552,95905,78006,135538,115925,149602,172085,187277,199479,252110,64642,117106,9548,9376,19073,25613,21684,37031,28166,53662,39177,52461,40103,39411,95624,122468,55554,100696,1046465,686698,160271,62385,607252,577,111,168,99
2021-04-17T23:59:59+02:00,41,43,25314,29366,54289,74775,61036,95552,77353,134939,115076,148863,167830,182392,198944,251384,64608,117041,9503,9317,18935,25426,21497,36801,27938,53388,38913,52194,39804,39087,94859,121544,55489,100612,1035577,682684,160243,62071,603188,565,111,168,99
2021-04-16T23:59:59+02:00,41,43,24940,29116,53301,74166,59749,94674,75726,133610,110925,144720,160185,173623,197285,249180,64500,116832,9297,9142,18541,24993,20912,36227,26829,52483,36890,50595,36493,36147,91674,118021,55087,99957,1009662,667606,159450,55159,593666,536,110,165,98
2021-04-15T23:59:59+02:00,37,39,24465,28667,52052,72999,57786,92951,72450,130771,105465,139446,152327,164652,192630,243310,64203,116216,9123,8979,18172,24570,20420,35565,26151,51686,35499,49365,34383,34099,88559,114282,54579,99100,977479,654493,157397,49570,575749,486,109,163,94
2021-04-14T23:59:59+02:00,35,36,24126,28341,51116,72061,56444,91562,70065,128610,101470,135679,143130,154275,184893,233429,63861,115549,8715,8707,17697,24064,19885,34918,25242,50809,34210,48249,32341,31949,85579,110632,54087,98238,939613,639597,154728,45352,560501,391,108,158,93
2021-04-13T23:59:59+02:00,35,36,23888,28123,50419,71526,55499,90733,68431,127198,97745,132244,131312,141157,178503,225103,63523,114961,8480,8534,17351,23656,19461,34381,24576,50016,33143,47230,30958,30588,83424,108244,53729,97693,906385,630252,150211,40961,543999,269,108,156,92
2021-04-12T23:59:59+02:00,35,35,23679,27934,49865,71015,54633,90002,66960,125909,95116,129922,124201,133126,175279,221154,63251,114470,8243,8347,16986,23359,19089,33945,24105,49483,32477,46603,29433,29050,81761,106305,53403,97172,889976,621815,148666,37709,528105,255,106,152,90
2021-04-11T23:59:59+02:00,34,35,23504,27773,49339,70593,53902,89549,65817,125104,93259,128443,118715,127109,171361,216550,63081,114173,8109,8214,16690,23080,18771,33634,23747,49102,32032,46217,28798,28385,80744,105059,53194,96854,882506,616527,144257,35887,511746,240,101,147,87
2021-04-10T23:59:59+02:00,34,35,23443,27716,49172,70456,53702,89389,65488,124834,92736,128008,116631,124578,169922,214700,63039,114073,7521,7608,15801,22294,17813,32793,22627,48070,30920,45222,28138,27674,78656,102450,52927,96418,875509,601211,143401,35508,509217,236,95,147,87
2021-04-09T23:59:59+02:00,33,35,23194,27466,48670,69965,53064,88700,64490,123708,90913,126102,107803,113636,166540,210291,62840,113716,6561,6707,14271,20973,16093,31237,20485,46105,28712,43212,26362,25851,75153,98270,52382,95578,856077,573760,136347,33993,498918,223,85,143,84
2021-04-08T23:59:59+02:00,33,35,22898,27221,48094,69476,52309,88002,63180,122625,88493,123939,97494,101636,160988,203428,62504,113136,5917,6119,13084,19954,14834,29899,18846,44391,26220,40879,23341,22880,70505,92496,51237,93826,837351,542208,127455,32057,480870,193,76,141,82
2021-04-07T23:59:59+02:00,31,34,22586,26995,47290,69016,51380,87387,61793,121641,85349,121494,88308,91344,153984,194645,62210,112579,5537,5795,12424,19278,14017,29072,17807,43341,24319,38989,20811,20358,66544,87725,50243,92209,816952,518751,121856,29587,459449,165,69,134,79
2021-04-06T23:59:59+02:00,30,34,22376,26835,46760,68634,50790,86863,60762,120866,83242,119753,80553,82536,147619,186688,61865,111951,5342,5636,12072,18920,13664,28640,17273,42779,23462,38182,19685,19329,63388,83628,49322,90824,797681,505394,118645,26640,442026,155,63,130,76
2021-04-05T23:59:59+02:00,30,33,22277,26710,46448,68287,50403,86464,60215,120173,82061,118602,76073,77442,142615,180586,61664,111635,5202,5498,11811,18668,13370,28327,16950,42405,23017,37722,19223,18860,60502,80072,48622,89757,788235,496052,116891,23848,426788,151,59,127,76
2021-04-04T23:59:59+02:00,30,33,22228,26650,46327,68016,50232,86151,59935,119672,81551,117970,74630,75735,141911,179613,61627,111553,5197,5490,11793,18655,13358,28310,16931,42388,22920,37651,18817,18539,59064,78225,48416,89446,785694,491260,116783,23845,421589,145,55,125,74
2021-04-03T23:59:59+02:00,30,33,22166,26569,46204,67907,50068,85976,59619,119360,80983,117390,73284,74100,140793,178076,61544,111404,5188,5481,11780,18636,13335,28290,16898,42341,22814,37577,18682,18388,58715,77660,48327,89300,779327,489473,116741,23845,419640,145,54,124,74
2021-04-02T23:59:59+02:00,30,33,22088,26484,46043,67741,49850,85728,59149,118909,80104,116579,71728,72212,138514,175090,61347,111044,5169,5444,11732,18594,13280,28208,16809,42192,22542,37103,18326,18025,56379,74782,47515,88200,770200,481006,114966,23204,417711,145,50,123,72
2021-04-01T23:59:59+02:00,27,31,21893,26280,45626,67221,49203,84988,58274,117969,78224,114910,68462,68779,134420,169898,61021,110463,5022,5300,11460,18330,13057,27972,16488,41883,22037,36663,17504,17281,51531,68751,45840,85742,758507,462955,108866,21832,410524,133,45,119,71
2021-03-31T23:59:59+02:00,27,31,21565,26061,45224,66694,48706,84337,57545,117032,77066,113668,66414,66460,129656,163778,60619,109739,4944,5248,11362,18210,12897,27821,16249,41615,21450,36151,16377,16380,46315,62329,44456,83752,748738,444588,101697,20906,404400,130,40,117,66
2021-03-30T23:59:59+02:00,27,30,21388,25839,44823,66076,48200,83542,56835,115981,75929,112289,64571,64439,125274,158028,60151,108840,4877,5163,11258,18084,12704,27632,15921,41293,20876,35603,15545,15578,43557,58924,43344,81958,738552,432744,97471,19542,396462,103,34,111,65
2021-03-29T23:59:59+02:00,26,30,21190,25601,44361,65527,47724,82853,56101,114904,74696,110856,62083,61692,118536,149401,59381,107447,4779,5090,11153,17969,12551,27467,15677,40973,20418,35137,14897,15037,40969,55940,42237,80134,718027,421550,94049,18864,390557,88,32,110,64
2021-03-28T23:59:59+02:00,26,30,20984,25310,43861,64838,47208,82110,55422,113897,73752,109749,60825,60260,113830,143435,58938,106688,4724,5031,11008,17819,12294,27167,15485,40728,20251,34902,14657,14793,39893,54524,41888,79594,711494,417228,86742,17542,383151,68,32,107,58
2021-03-27T23:59:59+01:00,26,30,20864,25153,43569,64475,46844,81583,54921,113211,73078,109012,59670,59176,112344,141726,58871,106606,4711,5019,10981,17800,12276,27137,15124,40299,19851,34466,14366,14582,39408,53836,41415,78776,706221,413175,86038,16888,379121,64,32,107,58
2021-03-26T23:59:59+01:00,26,29,20613,24641,42763,62773,45875,79557,53587,110189,71062,105396,57657,57288,109590,138485,58543,106088,4692,4986,10958,17748,12206,27046,15046,40189,19510,33870,13896,13929,36337,49992,39359,75522,694809,398644,82720,16670,366851,52,29,107,58
2021-03-25T23:59:59+01:00,26,26,20181,23969,41888,61012,44780,77009,52076,106663,68674,101635,55058,54651,106280,134519,57973,105095,4646,4931,10867,17645,12085,26901,14865,39970,19235,33565,13426,13440,32491,44938,36364,70984,683386,380299,78525,16086,349825,47,26,104,58
2021-03-24T23:59:59+01:00,26,26,19777,23521,41105,59739,43760,75470,50696,104738,66572,99307,52276,51737,102028,129423,57332,104018,4591,4865,10774,17502,11918,26698,14635,39684,18868,33149,12972,12990,29925,41727,33248,66140,670582,364735,73649,14996,337544,40,21,102,57
2021-03-23T23:59:59+01:00,26,26,19530,23219,40546,58825,43035,74376,49658,103223,64910,97447,49983,49396,99277,126214,56775,103178,4532,4794,10675,17377,11772,26514,14391,39372,18459,32764,12479,12486,27493,38621,29562,60228,662448,347145,70306,14419,327115,39,20,100,57
2021-03-22T23:59:59+01:00,26,26,19307,22802,39903,57941,42369,73337,48713,101837,63436,95814,48156,47512,96883,123476,56303,102407,4475,4748,10587,17261,11642,26336,14233,39131,18218,32464,12169,12113,25656,36266,25573,53788,656141,330838,67502,13864,316830,36,20,97,56
2021-03-21T23:59:59+01:00,26,26,19168,22543,39411,57186,41819,72493,48060,100682,62492,94581,47110,46489,95240,121625,55931,101828,4459,4739,10551,17213,11595,26250,14173,39044,18137,32363,12049,11979,25227,35816,25220,53229,653561,328640,65475,13451,307897,35,18,95,53
2021-03-20T23:59:59+01:00,25,26,19110,22399,39199,56691,41579,71934,47750,100046,62052,93980,46457,45723,92642,118392,55642,101342,4450,4731,10542,17201,11567,26233,14131,39008,18058,32288,11895,11819,24586,35044,24456,52144,647090,324937,65027,13263,303092,35,18,95,53
2021-03-19T23:59:59+01:00,24,25,18754,21833,38067,54566,40298,69941,46014,97959,59172,91222,42019,41852,87423,112628,54939,100261,4428,4717,10509,17150,11502,26121,14039,38836,17823,31990,11546,11536,22916,32986,22773,49585,629333,315608,57815,12901,290069,30,17,91,53
2021-03-18T23:59:59+01:00,24,24,18360,21184,36891,52412,38760,67151,43859,93488,55329,85428,37992,38053,82694,107153,53851,98609,4408,4688,10443,17047,11424,25966,13894,38649,17611,31790,11312,11353,21672,31469,21059,46987,612415,307538,52071,12288,266991,28,16,90,51
2021-03-17T23:59:59+01:00,24,23,17936,20832,36166,51494,37995,66194,42779,92130,53540,83603,35320,35268,78675,102327,52907,97136,4385,4660,10381,16954,11350,25833,13782,38461,17416,31598,11074,11127,20425,30052,19467,44582,595743,300023,47669,11579,261145,24,16,88,51
2021-03-16T23:59:59+01:00,24,23,17577,20413,35420,50424,37182,64999,41681,90457,51699,81616,33118,33253,74642,97374,52026,95821,4335,4609,10307,16826,11259,25680,13682,38224,17284,31355,10902,10948,19147,28531,17985,42257,582477,292243,42981,11144,252496,24,12,87,51
2021-03-15T23:59:59+01:00,24,23,17297,20049,34710,49446,36390,63810,40777,88977,50437,80015,31394,31416,71353,93282,51331,94689,4313,4574,10241,16703,11193,25480,13566,37936,17136,31085,10737,10790,18416,27568,16728,40397,571343,286429,39657,10498,244630,24,2,85,51
2021-03-14T23:59:59+01:00,24,22,17028,19623,33855,48237,35490,62492,39719,87151,49182,78288,30228,30178,69360,90722,50887,94014,4289,4555,10196,16626,11137,25338,13506,37714,17046,30923,10665,10704,18236,27288,16466,39835,564229,285232,37779,9367,234703,15,0,81,51
2021-03-13T23:59:59+01:00,24,22,16211,18562,32356,46202,33915,60354,37677,84074,47047,75731,28878,28825,67343,88091,50618,93623,4289,4555,10194,16620,11134,25331,13497,37707,17039,30914,10630,10673,17488,26405,15421,38382,547865,280986,37495,9366,224387,15,0,81,51
2021-03-12T23:59:59+01:00,23,21,15112,17187,29916,43553,31248,57215,34813,79220,43833,71266,26039,25633,63036,82790,49634,92221,4276,4522,10175,16558,11116,25282,13453,37589,16948,30784,10355,10445,16600,25161,14350,36861,519828,275193,36184,9355,206931,12,0,79,50
2021-03-11T23:59:59+01:00,22,21,14069,15728,27663,40861,28926,54031,32222,74830,40078,66375,22638,22158,57041,75501,47718,89414,4235,4481,10095,16439,11003,25057,13336,37279,16783,30480,10054,10234,15969,24320,13683,35587,487860,271199,34593,7916,187008,9,0,77,46
2021-03-10T23:59:59+01:00,22,21,13474,15027,26255,39250,27271,52212,30658,72511,37559,63251,19885,19604,51130,68371,46164,87078,4201,4437,9996,16272,10884,24807,13188,36861,16584,30108,9815,10052,15225,23548,13023,34561,461439,266469,32547,7172,175921,7,0,74,46
2021-03-09T23:59:59+01:00,21,20,13193,14561,25131,38210,25856,51027,29594,70859,36182,61417,18702,18480,47621,63930,45041,85289,4177,4411,9911,16106,10780,24548,13035,36544,16408,29871,9691,9949,14560,22711,12525,33787,447838,262755,30016,6339,167431,7,0,74,44
2021-03-08T23:59:59+01:00,20,20,12861,13953,24051,37100,24588,49890,28660,69378,34950,59798,17622,17600,43497,58944,43815,83303,4162,4375,9849,15908,10677,24285,12902,36186,16280,29607,9607,9865,14065,22106,12211,33347,432376,259569,28010,5947,159812,2,0,73,43
2021-03-07T23:59:59+01:00,20,20,12627,13660,23459,36247,23890,49013,28059,68509,34340,59037,17358,17348,42427,57492,43450,82740,4150,4362,9827,15866,10650,24211,12872,36016,16223,29493,9585,9836,13867,21852,12077,33145,427606,258513,26194,5604,156044,0,0,69,43
2021-03-06T23:59:59+01:00,20,20,12514,13368,23057,35514,23356,48224,27010,66977,33240,57273,16970,17018,41781,56601,43149,82271,4147,4348,9816,15839,10632,24177,12862,35975,16205,29462,9568,9796,13821,21814,11974,32934,423533,258137,26130,5320,148845,0,0,69,41
2021-03-05T23:59:59+01:00,20,20,12101,12765,22374,34312,22674,46996,26254,65350,32006,54855,16322,16184,38318,52294,40994,78827,4120,4301,9746,15739,10582,24029,12794,35780,16119,29257,9474,9726,13636,21601,11602,32323,408334,256447,24677,4470,139793,0,0,69,39
2021-03-04T23:59:59+01:00,18,20,11342,11754,21187,32586,21460,44945,24899,62699,30311,52502,15594,15464,34316,47130,37917,74145,4071,4210,9633,15447,10479,23670,12661,35247,15977,28856,9295,9573,13478,21391,11517,32177,389901,253393,22601,4377,125922,0,0,69,36
2021-03-03T23:59:59+01:00,16,20,11032,11260,20499,31367,20686,43584,23991,60950,29266,50860,15114,14962,31703,43814,34833,69376,4031,4147,9552,15277,10400,23418,12555,34825,15798,28510,9110,9447,13352,21175,11371,31907,374460,250753,21805,4211,117203,0,0,65,33
2021-03-02T23:59:59+01:00,16,20,10771,10832,19855,30397,19974,42566,23207,59563,28294,49584,14488,14314,29026,40448,30940,63157,3983,4075,9490,15111,10331,23152,12451,34392,15697,28201,8985,9344,13214,20986,11294,31762,356266,248345,20297,4210,111018,0,0,64,33
2021-03-01T23:59:59+01:00,14,19,10599,10573,19342,29594,19411,41682,22619,58492,27578,48462,14072,13860,26957,37862,26675,56250,3967,4025,9435,14956,10267,22854,12370,34016,15592,27879,8902,9283,13033,20716,11179,31579,339019,245929,19183,4210,105983,0,0,64,33
2021-02-28T23:59:59+01:00,13,19,10431,10371,18875,28945,18874,40943,22138,57639,27088,47668,13864,13617,26350,37201,26270,55648,3951,4011,9410,14923,10248,22803,12354,33946,15565,27833,8875,9259,12902,20537,11116,31430,336550,245076,18325,4174,101200,0,0,64,32
2021-02-27T23:59:59+01:00,13,18,10252,9858,18547,28080,18616,40158,21855,56656,26763,46879,13593,13316,25682,36400,25349,54232,3939,3999,9388,14902,10216,22755,12315,33864,15519,27759,8854,9244,12882,20514,11094,31410,332655,244716,17603,4025,96127,0,0,64,32
2021-02-26T23:59:59+01:00,12,17,9457,9076,17649,26641,17835,37954,20927,53808,25304,44061,13128,12915,24096,34411,23822,51926,3858,3931,9310,14741,10142,22503,12235,33498,15404,27467,8776,9164,12816,20447,11055,31341,323532,242824,17350,3952,82269,0,0,64,30
2021-02-25T23:59:59+01:00,12,17,8302,8224,16332,25034,16570,35701,19693,50921,23598,41279,12654,12515,22820,32824,22324,49644,3734,3786,9144,14425,9922,21899,11982,32646,15079,26814,8580,9013,12553,20122,10915,31072,315921,238681,16578,3094,66072,0,0,62,29
2021-02-24T23:59:59+01:00,11,16,7938,7699,15679,24003,15943,34466,18980,49409,22810,40081,12261,12180,21517,31331,20645,47019,3662,3719,9003,14134,9746,21444,11778,32020,14817,26281,8439,8875,12411,19949,10850,30861,307699,235913,15611,2163,58782,0,0,62,28
2021-02-23T23:59:59+01:00,11,16,7455,7220,14864,22828,15258,33246,18260,48002,22093,39012,11951,11856,20179,29760,19031,44463,3621,3642,8883,13932,9608,21046,11589,31440,14519,25779,8271,8732,12284,19738,10778,30626,299587,233077,14811,1499,51207,0,0,62,26
2021-02-22T23:59:59+01:00,10,14,7348,7014,14482,22212,14907,32520,17796,46993,21597,38279,11753,11607,19431,28749,17715,42509,3592,3540,8746,13641,9445,20544,11334,30696,14150,25181,8025,8539,12085,19486,10672,30321,293712,229770,14202,313,47120,0,0,60,26
2021-02-21T23:59:59+01:00,10,14,7258,6888,14160,21766,14489,31937,17380,46343,21159,37785,11647,11505,19268,28535,17468,42177,3553,3500,8662,13517,9368,20328,11262,30404,14029,24912,7966,8477,12029,19378,10601,30157,292568,227929,13832,298,43486,0,0,58,26
2021-02-20T23:59:59+01:00,10,14,7141,6838,14035,21686,14373,31802,17261,46192,21000,37602,11548,11421,18486,27617,16410,40706,3551,3494,8652,13509,9358,20307,11248,30379,14015,24901,7961,8468,11965,19314,10547,30090,288306,227547,13635,297,42295,0,0,58,25
2021-02-19T23:59:59+01:00,8,13,6839,6586,13683,21248,14002,31135,16788,45396,20295,36733,10946,11019,17439,26287,15251,39098,3471,3471,8576,13481,9315,20250,11210,30286,13957,24807,7919,8408,11745,19042,10354,29760,281922,225843,13259,296,37677,0,0,55,23
2021-02-18T23:59:59+01:00,8,13,6442,6112,13057,20105,13363,29764,15971,43528,19422,35155,10718,10802,16847,25536,14676,38214,3286,3334,8242,12942,9021,19500,10860,29245,13589,23979,7715,8100,11159,18090,9857,28608,278348,217318,12678,296,28797,0,0,54,22
2021-02-17T23:59:59+01:00,8,12,6276,5770,12612,19225,12873,28575,15271,41809,18776,33831,10489,10551,16090,24723,13899,37026,3036,3174,7902,12426,8721,18710,10493,28198,13202,23127,7482,7865,10603,17239,9422,27793,273682,209183,11946,292,22272,0,0,54,22
2021-02-16T23:59:59+01:00,8,12,5951,5468,12076,18393,12371,27504,14727,40436,18183,32798,10335,10448,15420,23899,13394,36242,2855,3054,7599,11973,8414,17986,10098,27107,12744,22230,7213,7572,9893,16069,8697,26243,270163,199692,11450,136,16136,0,0,52,22
2021-02-15T23:59:59+01:00,8,12,5845,5287,11780,17749,12104,26721,14380,39443,17837,32031,10208,10337,14862,23247,13035,35706,2766,2973,7406,11651,8196,17479,9796,26261,12394,21548,6945,7288,9201,15013,8185,24963,267072,192057,10848,90,12759,0,0,49,21
2021-02-14T23:59:59+01:00,8,12,5577,5172,11531,17479,11880,26287,14148,38996,17646,31754,10163,10287,14628,22907,12870,35313,2716,2935,7292,11484,8068,17273,9620,25929,12215,21246,6850,7164,8979,14631,7998,24426,266069,188819,9914,88,10762,0,0,48,21
2021-02-13T23:59:59+01:00,8,12,5517,5134,11481,17442,11849,26255,14120,38964,17626,31735,10149,10259,14601,22874,12856,35295,2712,2932,7287,11477,8056,17251,9604,25894,12188,21203,6819,7130,8824,14419,7646,23798,265824,187313,9910,8,10531,0,0,47,20
2021-02-12T23:59:59+01:00,8,11,5000,4816,10912,17079,11532,25704,13802,38321,17295,31096,10039,10152,14420,22660,12775,35186,2661,2899,7192,11320,7956,17020,9457,25503,11975,20756,6636,6895,8461,13860,7053,22459,264134,182178,9899,6,6862,0,0,46,20
2021-02-11T23:59:59+01:00,8,11,4538,4515,10328,16398,11120,24897,13324,37063,16807,30237,9724,9891,14138,22212,12495,34501,2492,2625,6592,10128,7269,15285,8596,22885,10923,18671,5983,6185,7415,12248,6241,20146,260910,163759,8256,3,3128,0,0,44,15
2021-02-10T23:59:59+01:00,8,11,4292,4347,9993,15950,10812,24360,13013,36181,16392,29488,9506,9754,13956,22007,12403,34295,2130,2333,5655,8662,6463,13245,7610,19978,9797,16631,5439,5600,6428,10589,5469,18098,258259,144204,7756,2,839,0,0,41,3
2021-02-09T23:59:59+01:00,8,10,4228,4248,9869,15682,10703,23957,12840,35561,16180,29015,9328,9613,13761,21794,12261,34070,1735,1980,4873,7392,5689,11455,6692,17464,8716,14635,4864,4970,5380,9031,4740,15996,255803,125682,6977,1,434,0,0,40,3
2021-02-08T23:59:59+01:00,8,10,4194,4193,9775,15471,10594,23595,12721,35099,16035,28655,9234,9547,13559,21510,12152,33873,1570,1785,4314,6395,5025,9884,5875,14935,7702,12782,4311,4442,4405,7443,3979,13913,253420,108824,6462,1,428,0,0,38,3
2021-02-07T23:59:59+01:00,8,10,4029,4126,9618,15336,10492,23430,12641,34837,15923,28462,9193,9501,13412,21327,12078,33729,1355,1540,3895,5721,4611,9005,5450,13774,7217,11825,4058,4184,4177,7049,3819,13318,252322,101060,5917,1,0,0,0,34,2
2021-02-06T23:59:59+01:00,8,10,4020,4117,9607,15320,10479,23395,12619,34787,15905,28405,9174,9488,13394,21292,11972,33531,1203,1345,3663,5417,4426,8580,5234,13192,6938,11272,3924,4052,4051,6900,3541,12860,251979,96658,5631,1,0,0,0,34,1
2021-02-05T23:59:59+01:00,8,9,3947,4049,9535,15177,10413,23145,12534,34419,15791,28122,9090,9415,13323,21221,11622,32935,1062,1115,3382,4972,4167,7998,4919,12415,6555,10544,3670,3809,3893,6669,3034,11969,250101,90229,4739,0,0,0,0,34,1
2021-02-04T23:59:59+01:00,8,9,3889,3924,9414,14860,10236,22598,12347,33622,15574,27560,8968,9304,13098,20929,11507,32730,797,782,2557,3721,3233,6260,3967,9874,5235,8330,2999,3099,3281,5693,2646,10485,246149,73002,4514,0,0,0,0,32,1
2021-02-03T23:59:59+01:00,8,9,3820,3852,9311,14638,10132,22260,12214,33111,15424,27142,8859,9189,12958,20753,11430,32561,662,614,1930,2806,2500,4835,2997,7583,4010,6281,2188,2227,2391,4210,1917,7846,243417,55030,4341,0,0,0,0,31,1
2021-02-02T23:59:59+01:00,8,9,3752,3756,9212,14444,10034,21881,12072,32547,15222,26689,8733,9073,12836,20540,11346,32295,526,486,1462,2075,1911,3636,2256,5768,2992,4698,1548,1530,1630,2774,1334,5214,240197,39862,4339,0,0,0,0,29,1
2021-02-01T23:59:59+01:00,7,9,3712,3666,9134,14213,9927,21496,11934,31910,15039,26186,8614,8926,12727,20396,11296,32116,391,352,1019,1431,1260,2424,1470,3781,1861,2975,980,976,963,1691,764,3016,237056,25365,4339,0,0,0,0,28,1
2021-01-31T23:59:59+01:00,7,9,3694,3630,9080,14104,9858,21291,11866,31613,14936,25990,8559,8867,12675,20285,11251,31987,361,331,897,1241,1070,2051,1269,3227,1628,2606,882,885,862,1507,693,2709,235564,22228,4224,0,0,0,0,27,1
2021-01-30T23:59:59+01:00,7,9,3693,3627,9070,14091,9845,21268,11853,31593,14924,25976,8555,8862,12606,20216,11186,31910,345,307,837,1157,1013,1927,1205,3037,1553,2469,854,859,843,1467,678,2656,235246,21215,4131,0,0,0,0,27,1
2021-01-29T23:59:59+01:00,7,9,3633,3612,9010,14062,9816,21216,11820,31518,14876,25909,8531,8839,12422,19992,11006,31668,278,224,716,984,869,1567,1051,2648,1342,2144,765,768,795,1413,660,2603,234030,18833,4002,0,0,0,0,26,1
2021-01-28T23:59:59+01:00,7,8,3515,3525,8806,13674,9597,20703,11588,30936,14550,25414,8395,8737,11989,19372,10651,31089,131,57,297,361,376,609,460,1147,611,959,401,423,464,813,376,1571,229246,9060,3398,0,0,0,0,24,0
2021-01-27T23:59:59+01:00,7,8,3283,3390,8514,13256,9297,20080,11204,30102,14163,24677,8178,8525,11437,18569,10228,30326,80,33,204,223,243,413,305,799,432,657,303,307,343,605,281,1148,222538,6379,2788,0,0,0,0,24,0
2021-01-26T23:59:59+01:00,6,8,3119,3292,8232,12918,9034,19511,10900,29347,13767,24042,7941,8303,10861,17655,9581,29178,75,29,189,213,227,380,289,746,401,597,289,281,316,542,254,1018,215829,5849,1947,0,0,0,0,24,0
2021-01-25T23:59:59+01:00,6,8,3031,3198,7949,12437,8744,18808,10514,28346,13288,23280,7662,8102,10245,16837,9124,28277,67,21,168,191,193,321,250,625,350,494,252,236,262,464,205,831,209529,4933,408,0,0,0,0,22,0
2021-01-24T23:59:59+01:00,6,8,2987,3177,7864,12357,8670,18683,10405,28186,13159,23097,7618,8066,10179,16724,9076,28181,66,20,164,187,191,308,247,604,341,480,243,232,260,457,201,816,208219,4820,304,0,0,0,0,22,0
2021-01-23T23:59:59+01:00,6,8,2986,3176,7863,12354,8666,18673,10403,28172,13153,23092,7611,8063,10056,16558,8748,27595,65,20,164,187,190,307,245,604,339,480,243,232,260,457,201,814,206962,4811,302,0,0,0,0,21,0
2021-01-22T23:59:59+01:00,6,8,2923,3130,7739,12241,8583,18531,10293,27999,13072,22978,7580,8028,9858,16256,8230,26572,65,20,163,187,190,307,245,604,338,480,243,232,260,457,201,814,203811,4809,301,0,0,0,0,17,0
2021-01-21T23:59:59+01:00,6,8,2841,2960,7240,11328,8100,17385,9756,26374,12468,21765,7299,7704,9226,15316,7717,25525,59,18,147,173,173,276,219,529,301,440,219,207,233,380,176,692,192799,4245,301,0,0,0,0,15,0
2021-01-20T23:59:59+01:00,6,8,2481,2614,6358,9916,7353,15430,8805,23547,11359,19694,6699,7057,8135,13552,6902,23301,57,18,146,168,170,274,211,515,289,418,207,200,227,355,162,654,172991,4074,297,0,0,0,0,15,0
2021-01-19T23:59:59+01:00,6,8,2042,2259,5457,8527,6492,13540,7788,20767,10091,17458,5948,6180,6756,11373,5883,20269,41,12,97,124,116,168,148,352,190,290,132,114,141,238,114,489,150689,2767,216,0,0,0,0,15,0
2021-01-18T23:59:59+01:00,5,8,1770,1972,4701,7145,5542,11310,6591,17175,8668,14746,5070,5303,5384,9127,4813,16804,22,7,39,46,52,78,65,162,75,146,58,53,66,131,62,221,126098,1284,92,0,0,0,0,15,0
2021-01-17T23:59:59+01:00,4,8,1496,1682,4188,6350,5035,10180,6055,15609,8029,13486,4733,4956,5009,8454,4486,15801,8,2,9,15,16,28,20,50,28,57,23,23,20,31,13,47,115524,390,87,0,0,0,0,14,0
2021-01-16T23:59:59+01:00,4,7,1330,1479,3971,6029,4855,9742,5798,14946,7701,12793,4543,4729,4796,8178,4134,15199,0,0,0,1,1,2,1,1,1,2,0,1,1,0,0,1,110274,12,8,0,0,0,0,13,0
2021-01-15T23:59:59+01:00,4,7,1180,1253,3717,5608,4601,9176,5509,14109,7295,11994,4252,4435,4608,7871,3597,14152,0,0,0,0,0,0,0,0,0,0,0,0,0,0,0,0,103408,0,4,0,0,0,0,13,0
2021-01-14T23:59:59+01:00,3,4,906,942,2972,4423,3738,7361,4567,11365,5904,9649,3455,3569,3875,6653,3115,12361,0,0,0,0,0,0,0,0,0,0,0,0,0,0,0,0,84895,0,0,0,0,0,0,13,0
2021-01-13T23:59:59+01:00,3,3,771,789,2499,3691,3154,6139,3796,9424,4813,7772,2585,2654,2922,5069,2385,9449,0,0,0,0,0,0,0,0,0,0,0,0,0,0,0,0,67945,0,0,0,0,0,0,12,0
2021-01-12T23:59:59+01:00,2,3,639,659,2091,3027,2597,4989,3039,7584,3795,6105,1854,1836,1997,3434,1689,6449,0,0,0,0,0,0,0,0,0,0,0,0,0,0,0,0,51822,0,0,0,0,0,0,0,0
2021-01-11T23:59:59+01:00,1,1,495,524,1742,2450,2082,3991,2353,5765,2820,4429,1192,1135,1196,2020,933,3671,0,0,0,0,0,0,0,0,0,0,0,0,0,0,0,0,36824,0,0,0,0,0,0,0,0
2021-01-10T23:59:59+01:00,1,1,438,455,1481,2024,1743,3268,1945,4780,2343,3711,1051,1009,1052,1772,832,3218,0,0,0,0,0,0,0,0,0,0,0,0,0,0,0,0,31139,0,0,0,0,0,0,0,0
2021-01-09T23:59:59+01:00,1,1,407,410,1357,1847,1597,2978,1792,4332,2158,3380,979,940,997,1719,814,3175,0,0,0,0,0,0,0,0,0,0,0,0,0,0,0,0,28897,0,0,0,0,0,0,0,0
2021-01-08T23:59:59+01:00,1,1,310,281,1107,1502,1318,2308,1472,3552,1787,2763,845,832,909,1596,766,3020,0,0,0,0,0,0,0,0,0,0,0,0,0,0,0,0,24380,0,0,0,0,0,0,0,0
2021-01-07T23:59:59+01:00,1,0,145,76,400,507,482,791,592,1364,780,1202,465,480,560,961,465,1906,0,0,0,0,0,0,0,0,0,0,0,0,0,0,0,0,11180,0,0,0,0,0,0,0,0
2021-01-06T23:59:59+01:00,1,0,111,44,270,286,309,514,396,922,530,824,357,358,423,745,358,1439,0,0,0,0,0,0,0,0,0,0,0,0,0,0,0,0,7890,0,0,0,0,0,0,0,0
2021-01-05T23:59:59+01:00,1,0,87,31,191,231,243,428,318,813,447,702,341,344,407,713,351,1385,0,0,0,0,0,0,0,0,0,0,0,0,0,0,0,0,7036,0,0,0,0,0,0,0,0
2021-01-04T23:59:59+01:00,1,0,69,25,174,193,201,334,255,631,353,511,266,251,288,515,234,928,0,0,0,0,0,0,0,0,0,0,0,0,0,0,0,0,5231,0,0,0,0,0,0,0,0
2021-01-03T23:59:59+01:00,1,0,67,21,167,188,196,319,253,615,344,494,258,249,284,502,232,911,0,0,0,0,0,0,0,0,0,0,0,0,0,0,0,0,5103,0,0,0,0,0,0,0,0
2021-01-02T23:59:59+01:00,1,0,67,21,167,188,196,319,250,615,341,494,258,249,284,502,232,910,0,0,0,0,0,0,0,0,0,0,0,0,0,0,0,0,5096,0,0,0,0,0,0,0,0
2021-01-01T23:59:59+01:00,1,0,66,21,166,188,196,318,249,615,338,492,258,249,284,501,232,910,0,0,0,0,0,0,0,0,0,0,0,0,0,0,0,0,5086,0,0,0,0,0,0,0,0
2020-12-31T23:59:59+01:00,1,0,66,21,165,186,196,317,248,614,337,491,258,249,284,501,232,910,0,0,0,0,0,0,0,0,0,0,0,0,0,0,0,0,5078,0,0,0,0,0,0,0,0
2020-12-30T23:59:59+01:00,1,0,65,21,165,185,194,314,248,612,337,489,258,249,284,501,231,910,0,0,0,0,0,0,0,0,0,0,0,0,0,0,0,0,5066,0,0,0,0,0,0,0,0
2020-12-29T23:59:59+01:00,1,0,46,13,117,140,145,211,180,438,237,375,177,161,196,372,170,709,0,0,0,0,0,0,0,0,0,0,0,0,0,0,0,0,3689,0,0,0,0,0,0,0,0
2020-12-28T23:59:59+01:00,1,0,25,9,65,77,80,122,101,252,118,232,97,93,104,200,102,388,0,0,0,0,0,0,0,0,0,0,0,0,0,0,0,0,2067,0,0,0,0,0,0,0,0
2020-12-27T23:59:59+01:00,0,0,12,3,18,26,36,47,36,89,37,95,32,29,41,73,31,145,0,0,0,0,0,0,0,0,0,0,0,0,0,0,0,0,750,0,0,0,0,0,0,0,0
