Datum,<15_m,<15_w,15-24_1_m,15-24_1_w,25-34_1_m,25-34_1_w,35-44_1_m,35-44_1_w,45-54_1_m,45-54_1_w,55-64_1_m,55-64_1_w,65-74_1_m,65-74_1_w,75-84_1_m,75-84_1_w,>84_1_m,>84_1_w,<24_2_m,<24_2_w,25-34_2_m,25-34_2_w,35-44_2_m,35-44_2_w,45-54_2_m,45-54_2_w,55-64_2_m,55-64_2_w,65-74_2_m,65-74_2_w,75-84_2_m,75-84_2_w,>84_2_m,>84_2_w,bp_1,bp_2,mo_1,mo_2,az_1,az_2,ja,unb_1,unb_2
2021-07-26T23:59:59+02:00,23174,21310,234538,227180,346890,319664,368470,362848,435266,446316,492163,496528,340930,381206,240824,308267,71014,129925,141476,136522,252820,234902,284099,283146,373295,385848,441115,448898,320384,358259,229577,293017,67508,122824,3749209,3046082,505997,436565,804299,713385,187127,553,355
2021-07-25T23:59:59+02:00,22835,21024,233268,226108,346005,318955,367864,362235,434741,445829,491743,496160,340749,381008,240749,308155,70997,129893,139679,134829,250230,232756,281685,281124,371225,384119,439084,447157,319891,357759,229385,292801,67484,122756,3742625,3031517,505676,434456,804243,709095,185893,553,355
2021-07-24T23:59:59+02:00,22596,20839,232379,225290,345326,318343,367331,361743,434249,445420,491413,495899,340642,380915,240709,308095,70994,129884,136931,132164,247604,230555,279195,278972,369032,382326,437895,446198,319558,357435,229245,292629,67465,122725,3738765,3013849,504920,431479,804236,708759,184265,553,355
2021-07-23T23:59:59+02:00,22192,20468,230955,224034,344078,317473,366334,360932,433437,444678,490763,495413,340421,380662,240631,307987,70974,129849,131560,127391,242362,226356,274836,275292,365452,379228,435313,444054,318872,356733,229002,292327,67413,122645,3731619,2978854,504466,429831,804182,706645,181133,553,354
2021-07-22T23:59:59+02:00,21694,19998,228894,222105,342378,315984,364890,359696,432171,443580,489817,494546,340008,380225,240464,307750,70929,129770,127309,123415,236480,221923,268599,270305,358717,373852,429946,439609,317717,355497,228582,291817,67319,122498,3719509,2937456,502980,424120,804055,700408,178474,553,354
2021-07-21T23:59:59+02:00,21190,19485,227044,220318,340739,314497,363319,358161,430646,442228,488629,493415,339468,379717,240223,307473,70877,129678,123596,119903,231081,217731,263151,265829,350684,366988,425405,435906,316607,354357,228127,291258,67238,122323,3708761,2902353,499373,413387,803839,695679,175253,553,351
2021-07-20T23:59:59+02:00,20889,19211,225607,218886,339545,313366,362377,357308,429807,441468,487927,492789,339138,379363,240083,307256,70850,129592,119328,115732,224804,212628,257387,260705,343649,360942,420746,431633,315530,353112,227720,290678,67144,122142,3699712,2859074,498981,406251,803725,691338,173163,553,346
2021-07-19T23:59:59+02:00,20576,18920,223904,217224,338262,312146,361364,356354,429017,440705,487265,492188,338842,379009,239936,307032,70806,129494,116619,113179,220504,209110,252852,256797,339982,357808,418165,429475,314819,352391,227430,290291,67073,122020,3689339,2834380,498579,401028,803640,687055,171604,553,346
2021-07-18T23:59:59+02:00,20425,18795,222639,215995,336707,310771,360332,355455,428233,440015,486745,491652,338616,378729,239808,306856,70785,129433,115146,111809,217902,206973,250524,254728,337760,355978,416157,427806,314347,351910,227269,290073,67052,121953,3680180,2822283,498058,396777,803568,683398,170303,553,345
2021-07-17T23:59:59+02:00,20034,18375,221504,214955,336142,310238,359757,354953,427727,439573,486338,491369,338515,378614,239768,306804,70782,129423,113094,109731,215455,204688,248083,252554,335365,353858,414722,426552,314019,351521,227134,289906,67029,121914,3674717,2804928,497867,394073,803561,682629,168851,546,344
2021-07-16T23:59:59+02:00,19499,17871,218995,212857,334446,308972,358283,353683,426297,438392,485267,490519,338123,378259,239605,306648,70757,129387,110025,106963,210752,200816,243593,248964,331132,350207,411421,423865,313112,350614,226796,289498,66976,121833,3664690,2777553,497119,391762,803411,678844,162765,546,341
2021-07-15T23:59:59+02:00,18867,17256,216258,210488,332570,307303,356727,352262,424984,437233,484344,489677,337730,377845,239409,306396,70715,129284,106164,103801,202485,194653,236188,243431,324607,345055,404429,417487,311390,348827,226260,288838,66907,121636,3649941,2731508,496538,383522,803304,671494,159687,546,341
2021-07-14T23:59:59+02:00,18036,16541,213879,208227,330910,305808,355352,350941,423792,436061,483333,488733,337286,377389,239174,306088,70661,129199,102599,100517,196084,189536,230537,238806,320354,341606,400288,413898,310099,347523,225860,288283,66828,121483,3635346,2698248,495982,378046,803185,664752,157018,546,340
2021-07-13T23:59:59+02:00,17398,15897,211741,206234,329344,304472,354046,349738,422656,435001,482398,487891,336854,376925,238973,305852,70627,129110,98894,97014,189658,184188,223463,232790,313735,335607,391967,406103,308317,345612,225264,287500,66720,121286,3621840,2655875,495433,365499,803044,655334,154961,546,336
2021-07-12T23:59:59+02:00,16407,14976,208538,203104,327316,302774,352496,348294,421439,433828,481436,487001,336445,376465,238794,305628,70588,129033,95824,94314,184418,179927,216531,227156,306953,329614,386909,401852,306603,343757,224682,286771,66622,121118,3603718,2617868,494890,358421,802892,646981,153184,545,335
2021-07-11T23:59:59+02:00,15904,14509,207201,201850,326590,302071,351847,347689,420890,433341,481000,486667,336258,376267,238735,305526,70567,128993,94420,93039,181674,177639,213559,224891,304287,327481,384106,399483,304149,341145,224306,286303,66570,121021,3597629,2603033,494262,356446,802769,636570,151374,538,331
2021-07-10T23:59:59+02:00,15431,14051,205375,200092,325143,300827,350738,346733,420176,432752,480533,486273,336093,376101,238670,305440,70557,128973,93155,91785,179204,175559,210568,222426,301801,325346,382958,398453,303504,340482,224126,286118,66554,120996,3589143,2586398,493639,356223,802543,634919,148761,538,331
2021-07-09T23:59:59+02:00,15111,13775,203475,198265,323554,299394,349681,345787,419282,432048,479970,485801,335891,375883,238574,305321,70541,128939,90390,89073,175690,172349,206247,218293,296804,320763,379538,395486,302418,339266,223824,285753,66517,120932,3580105,2557582,492786,354174,802356,627351,146172,538,330
2021-07-08T23:59:59+02:00,14660,13355,200030,195324,320275,296755,347334,343831,417589,430615,478551,484743,335461,375445,238398,305077,70498,128863,86116,85338,168481,166735,198162,211923,289477,314684,372642,389316,299734,336367,223053,284825,66400,120674,3565011,2511641,488754,345581,801839,617080,141326,538,330
2021-07-07T23:59:59+02:00,14165,12905,196363,191533,317171,293951,345054,341821,416047,429165,477365,483661,334990,374893,238213,304808,70461,128759,82457,81922,161242,161071,189178,204799,281541,308159,365663,382544,296446,332782,222154,283729,66262,120429,3544100,2463957,487407,332245,801458,607164,138485,538,328
2021-07-06T23:59:59+02:00,13709,12539,192962,188188,313946,291248,342606,339553,414356,427621,476114,482542,334493,374344,238018,304520,70408,128673,78926,78388,154619,155602,181823,198616,272670,300251,359220,376493,293269,329558,221275,282643,66154,120198,3524482,2411829,484365,325343,801045,597699,136072,538,328
2021-07-05T23:59:59+02:00,13315,12206,188603,183987,309948,287952,340119,337258,412704,426094,474988,481484,334021,373831,237847,304278,70376,128590,75886,75594,149537,151548,177089,194508,265803,294019,353145,370977,290010,326127,220396,281534,66046,120029,3501910,2372984,483223,320917,800568,587385,132028,531,328
2021-07-04T23:59:59+02:00,13138,12051,184810,180152,307352,285955,338826,336200,411841,425322,474411,481009,333802,373580,237757,304155,70350,128538,73715,73728,146464,149012,174772,192480,263381,291968,350055,368779,286717,322750,219820,280872,65992,119911,3489872,2359310,481941,318633,800001,575918,127563,531,325
2021-07-03T23:59:59+02:00,11953,11004,178409,174185,303124,282522,336520,334045,410042,423525,473213,479955,333402,373136,237583,303909,70326,128495,71946,72162,144057,147147,172347,190412,260335,289256,347783,366931,284972,320773,219553,280512,65961,119862,3463700,2343670,480545,318439,799815,571446,121412,531,325
2021-07-02T23:59:59+02:00,10860,9921,174718,170749,300740,280336,334791,332358,408803,422344,472444,479274,333143,372820,237467,303727,70298,128448,69272,69504,140173,143890,167948,186408,254315,283852,342598,362252,281732,317063,218915,279743,65914,119778,3445736,2310754,479083,315669,799622,558907,118923,530,296
2021-07-01T23:59:59+02:00,9773,9003,171083,167356,296757,277092,332332,330122,407033,420778,471367,478332,332731,372362,237268,303455,70255,128370,64415,64804,133927,138600,160719,179948,244129,275048,331849,352532,276977,311811,217069,277499,65736,119466,3423455,2254767,477017,303397,799287,541282,115832,530,294
2021-06-30T23:59:59+02:00,9289,8614,167840,164324,291206,272510,328695,326816,405274,419259,470360,477369,332313,371879,237078,303159,70221,128285,61300,61969,128323,133935,154104,173974,234125,265936,318512,339315,271788,306300,215188,275181,65570,119148,3398641,2199988,474879,290633,798985,522547,112106,530,292
2021-06-29T23:59:59+02:00,8754,8096,164072,160585,286722,268290,325166,323537,403190,417197,468830,475968,331729,371245,236831,302807,70167,128178,58528,59000,123410,129556,148118,168475,222318,255289,309995,330987,265358,299132,213227,272733,65368,118803,3371377,2141038,472911,285997,798657,505208,108536,530,287
2021-06-28T23:59:59+02:00,8350,7721,160778,157155,281732,264009,321896,320710,401065,415287,467348,474670,331214,370637,236600,302498,70124,128084,56278,56670,119539,126075,143789,164410,213133,246907,304236,325613,260427,293856,211468,270508,65223,118539,3347678,2105512,468952,277444,798004,488733,105358,530,284
2021-06-27T23:59:59+02:00,8203,7599,159294,155650,279651,262217,320107,319193,399383,413937,466476,473972,330924,370351,236498,302341,70105,128036,55094,55577,117431,124383,141246,162298,209047,243548,300900,322767,256649,289882,209016,267606,65112,118352,3337805,2090192,466902,273988,796966,472679,102378,530,284
2021-06-26T23:59:59+02:00,7058,6506,156049,152332,277558,260343,317712,316968,398202,412794,465779,473267,330656,370066,236392,302183,70081,128006,54552,55000,116112,123247,139838,161073,206814,241554,298381,320373,255122,288235,208683,267198,65085,118282,3318816,2073566,464099,273907,796959,470191,102245,474,231
2021-06-25T23:59:59+02:00,5847,5394,151769,148072,274197,257422,315668,315016,396908,411555,464787,472448,330371,369736,236267,302030,70054,127958,53276,53386,113653,120564,135783,156534,198089,233137,292723,314529,253405,286129,208095,266398,65014,118163,3294045,2031290,462684,272225,796911,463643,102025,474,231
2021-06-24T23:59:59+02:00,5003,4618,147366,143988,269433,253540,311427,311271,394750,409707,463431,471335,329958,369280,236102,301795,70021,127872,50645,50814,108568,115878,128504,149929,186128,222733,281345,304342,248064,280330,206274,264066,64811,117763,3263223,1969568,460713,260531,796747,449970,100377,473,230
2021-06-23T23:59:59+02:00,4786,4413,144229,140900,265778,250434,306226,306501,392267,407385,462040,470026,329433,368667,235873,301486,69973,127770,48725,48743,104800,111992,122867,144288,176286,214112,269436,292421,243475,275543,204945,262371,64650,117403,3235935,1913607,457217,250724,796593,439310,98605,473,229
2021-06-22T23:59:59+02:00,4542,4185,141175,137800,262105,247085,300140,301098,389657,404859,460511,468559,328895,368068,235655,301137,69926,127665,47043,47010,101219,108716,118102,139741,163740,203008,258583,282167,239429,271084,203032,259968,64399,116935,3204149,1855522,455316,243049,796412,428404,97346,471,221
2021-06-21T23:59:59+02:00,4285,3940,137927,134879,257436,243225,294927,296264,386649,402011,459048,467217,328379,367515,235429,300830,69886,127554,45828,45795,98848,106516,115376,137052,157553,197271,251741,275562,234099,265273,199126,255471,64215,116562,3172662,1824740,453297,237558,796196,408712,95403,471,221
2021-06-20T23:59:59+02:00,4144,3822,136427,133396,253301,239850,292397,294056,385266,400711,458267,466481,328160,367243,235318,300698,69866,127492,44719,44894,96629,104749,113127,135089,154543,194747,247465,271527,231110,261760,198140,254224,64134,116437,3155589,1804607,451547,234038,796026,400880,93886,471,219
2021-06-19T23:59:59+02:00,3732,3473,134288,131321,250575,237554,290636,292435,383440,399155,457427,465751,327941,366995,235215,300561,69845,127460,44183,44258,95370,103501,111666,133640,153052,193321,244265,268529,230402,260919,197972,253965,64112,116384,3139398,1788782,448742,232466,796018,400608,93795,471,218
2021-06-18T23:59:59+02:00,2786,2562,131026,128198,247084,234532,286663,289063,381065,397047,456089,464593,327570,366599,235062,300326,69818,127411,43409,43354,93804,101736,109388,130989,149531,189306,237457,261310,228689,258926,197489,253327,64037,116251,3113762,1759703,444366,231949,795992,393939,93523,470,218
2021-06-17T23:59:59+02:00,2553,2340,127337,124945,241108,230126,281482,284707,376307,393086,453788,462772,326987,365884,234823,299972,69752,127299,41192,41542,89775,98289,104539,126266,141709,181665,226116,249976,223510,253021,195843,251178,63778,115832,3079324,1704321,441407,227828,795737,383101,89101,315,205
2021-06-16T23:59:59+02:00,2284,2109,124133,121571,236237,225814,276816,280467,371162,388629,451224,460648,326258,365094,234537,299562,69687,127186,39377,39967,86258,95292,100218,122469,133520,174371,214074,238125,217310,245954,193933,248867,63526,115343,3046079,1644892,435904,222238,795223,375077,86513,313,204
2021-06-15T23:59:59+02:00,1898,1780,119236,116733,230285,220708,271501,275501,366119,384016,448396,458243,325397,364126,234191,299048,69605,127004,37767,38369,82953,92266,96271,118445,126507,168019,201785,226160,211316,239192,191990,246447,63216,114774,3001629,1587899,433989,216430,794660,367445,83816,302,202
2021-06-14T23:59:59+02:00,1637,1511,115207,112596,225092,215825,266158,270550,360863,379286,445289,455669,324617,363275,233879,298659,69543,126884,36793,37482,80692,90198,93588,115950,122419,164300,195228,219695,208222,235704,190861,244980,62999,114387,2959710,1558488,431650,214203,794399,359826,81087,300,201
2021-06-13T23:59:59+02:00,1563,1426,113716,111223,222658,213735,263628,268301,358613,377339,444118,454638,324342,362971,233744,298492,69512,126811,35940,36756,78851,88546,91593,114154,119606,161713,191394,216020,205155,232281,189832,243614,62767,113976,2944770,1544624,429220,206961,794094,351663,79051,300,199
2021-06-12T23:59:59+02:00,1415,1289,111073,108482,220769,212012,262253,267033,357182,375943,443224,453870,324056,362663,233652,298389,69494,126783,35572,36354,77870,87454,90352,112871,118048,160159,187853,212729,204124,231157,188435,241959,62757,113946,2928637,1531561,428245,206952,794075,344297,78929,299,198
2021-06-11T23:59:59+02:00,1268,1152,108543,105980,217890,209403,258597,263858,354057,373223,441511,452400,323620,362215,233519,298183,69467,126728,34905,35248,75877,84108,88131,109356,113965,155035,181195,205322,202039,228795,187834,241192,62695,113849,2904308,1504221,425465,206271,793892,330902,78249,299,196
2021-06-10T23:59:59+02:00,1109,999,103803,101590,211847,204665,251570,258062,347988,367940,437039,448637,322767,361249,233199,297737,69383,126577,33330,33774,71902,79955,83242,103886,107335,146878,168921,191735,195999,221940,186114,239062,62444,113448,2860842,1457364,418407,204539,793048,303993,74161,295,193
2021-06-09T23:59:59+02:00,962,870,99898,97903,205919,199958,244781,252373,341354,362007,433371,445629,322096,360510,232932,297359,69319,126445,31808,32529,68695,77319,79567,100737,102649,142624,157858,181043,185428,210008,184258,236822,62172,112956,2822024,1403645,409910,200577,792540,292798,69542,254,192
2021-06-08T23:59:59+02:00,780,689,95387,93381,199314,194412,237838,246380,333117,354750,428279,440978,321265,359512,232562,296875,69238,126308,30742,31682,66117,75035,76304,98026,98087,138727,150310,173601,176756,200334,182459,234587,61940,112590,2770208,1364632,404160,195692,791961,282017,65058,254,175
2021-06-07T23:59:59+02:00,622,548,92191,90293,193276,189727,231300,241156,325298,348594,425242,438544,320726,358884,232349,296551,69184,126212,29881,30840,63661,73096,73361,95876,94340,135808,142274,165849,172734,195740,181042,232789,61718,112208,2731337,1337645,398026,192416,791398,271000,60253,251,174
2021-06-06T23:59:59+02:00,584,512,90623,88981,189999,187193,227966,238408,321038,345204,423819,437470,320456,358594,232241,296392,69160,126165,29283,30288,61900,71427,71295,93888,91177,132759,136626,160099,170213,193130,179935,231392,61489,111828,2715993,1325862,390660,182807,790925,260613,57541,249,174
2021-06-05T23:59:59+02:00,505,432,88680,86967,185137,182981,225507,236273,319224,343572,422821,436552,320167,358270,232093,296224,69146,126133,28835,29542,60710,69500,69909,91760,89511,130526,131890,154794,167224,189477,179451,230735,61455,111762,2692582,1302337,390543,182342,790703,255322,57170,248,174
2021-06-04T23:59:59+02:00,405,348,86337,84449,181492,179392,221517,232335,315655,339955,420465,434368,319709,357737,231898,295996,69108,126070,28371,28877,59606,67861,68646,89701,87743,127931,128547,151155,162998,184727,178465,229473,61407,111676,2663422,1283631,386734,181573,790588,245265,56802,248,174
2021-06-03T23:59:59+02:00,313,274,83059,81391,175779,174758,214278,226260,307972,333274,412728,427516,318682,356563,231529,295551,69053,125939,27484,27872,57731,65692,66278,86977,84132,123848,121833,144508,156681,177158,176902,227453,61294,111439,2614628,1254583,376505,176298,790170,232563,53921,246,170
2021-06-02T23:59:59+02:00,265,215,80995,79237,171733,171062,210655,223136,304418,329952,410692,425685,318275,356114,231376,295346,69025,125889,27031,27400,56616,64594,64714,85722,82104,121930,116885,139640,148824,168223,176188,226501,61209,111270,2586001,1222526,375128,174338,790139,228964,53102,244,167
2021-06-01T23:59:59+02:00,169,149,76748,75422,163489,164524,201337,215426,295345,322099,402505,417864,316769,354504,230837,294614,68914,125662,25485,25986,52325,61665,59906,82453,76715,117461,109496,132465,137760,154867,174092,223775,61000,110844,2527454,1172585,363519,170247,789380,217220,46315,242,163
2021-05-31T23:59:59+02:00,148,132,74014,72954,157855,160232,194056,209486,287979,315746,396777,412905,315776,353396,230453,294096,68824,125491,24579,24937,49723,59473,56768,79948,73145,114213,105025,128043,133630,149987,172730,222061,60830,110513,2487111,1150277,354162,167956,788755,206864,40578,241,161
2021-05-30T23:59:59+02:00,137,124,72968,71895,155394,158217,191452,207142,285220,313243,394894,411165,315416,352986,230293,293862,68787,125411,23982,24162,48156,57769,55051,78116,70944,111676,102383,125195,131483,147472,171941,221132,60738,110303,2471312,1140574,351650,166651,788147,195554,37793,230,160
2021-05-29T23:59:59+02:00,134,123,72362,71306,153891,156820,189157,205115,283384,311663,394054,410389,315193,352742,230213,293784,68776,125393,23659,23640,47243,56278,53718,76245,69032,108840,100076,122410,128692,144060,171292,220227,60711,110251,2457445,1127040,351498,166588,788077,185041,37773,230,159
2021-05-28T23:59:59+02:00,129,120,71277,70189,151511,154568,185514,201591,280120,308531,392193,408625,314783,352244,230066,293570,68757,125336,23133,22642,45639,54158,51904,73700,67001,104912,95776,116535,124343,139024,170319,218921,60665,110137,2433693,1104552,350454,166375,787868,170549,37399,229,157
2021-05-27T23:59:59+02:00,118,112,67970,67180,145048,149647,177343,195358,273752,303388,385893,402956,313527,350803,229607,293039,68686,125154,21820,20963,42404,51123,48036,69900,62475,98926,89447,109050,120439,134417,167530,215229,60493,109824,2389229,1076244,342868,163640,786078,150567,31687,229,154
2021-05-26T23:59:59+02:00,114,109,65824,65010,140108,145574,171260,190307,267012,297732,379164,396274,312012,349201,229121,292346,68584,124943,21084,20056,40590,48996,45691,67173,59459,95140,84871,103962,115484,128711,163750,209906,60285,109398,2352039,1044427,329696,162078,784275,139149,28962,226,153
2021-05-25T23:59:59+02:00,113,105,63798,63028,135921,142099,166216,186028,259954,291463,373752,390899,310738,347805,228716,291702,68501,124765,20516,19396,39194,47487,43864,65165,56999,92158,80820,99601,110581,123051,158235,202697,60119,109098,2314594,1013097,322205,158662,781751,129955,27329,224,150
2021-05-24T23:59:59+02:00,110,104,62560,61825,133179,140008,162950,183622,253022,285487,368825,386233,309912,346889,228431,291320,68429,124637,20175,18997,38180,46423,42527,63690,55339,90157,78599,97107,109170,121408,157633,201917,60008,108901,2290899,1003846,311145,157370,779983,123291,25787,224,148
2021-05-23T23:59:59+02:00,105,104,62066,61310,132083,139118,161754,182590,251784,284469,367242,384806,309300,346234,228260,291095,68409,124601,19948,18815,37636,45872,41786,63000,54188,89169,77123,95754,108007,120020,156659,200702,59941,108764,2279433,995756,310570,154320,779935,121710,25662,224,147
2021-05-22T23:59:59+02:00,102,102,61373,60692,130609,138054,159392,180971,248819,282185,364771,382595,308776,345642,228084,290829,68383,124550,19633,18393,37029,45273,41150,62474,53538,88452,76360,94615,106461,118222,155889,199734,59914,108710,2261543,989085,310555,154318,779895,118302,24202,224,147
2021-05-21T23:59:59+02:00,98,98,60044,59258,127713,135471,156126,177660,243604,277431,358692,376919,307844,344554,227787,290432,68323,124443,19274,18028,36417,44506,40503,61428,52592,87061,74654,92325,103233,114286,154756,198288,59822,108535,2225590,976122,308922,153994,778335,111732,23920,216,146
2021-05-20T23:59:59+02:00,90,96,57001,56471,121995,130611,149215,171357,233320,268708,349687,368656,305318,341820,227021,289429,68191,124225,17979,17095,34250,42264,38059,58538,49786,83301,70738,87849,99132,109683,152307,195284,59643,108182,2167763,956932,302287,152059,772396,94122,21032,207,146
2021-05-19T23:59:59+02:00,89,94,54797,54280,116996,125939,142063,164756,222811,259372,339171,357792,302681,338957,226276,288391,68042,123949,17401,16316,33029,40685,36656,56481,47783,80534,67511,84289,95260,105221,148692,190577,59382,107690,2102021,933616,296048,150094,769438,84655,19204,207,135
2021-05-18T23:59:59+02:00,85,89,52709,52325,112217,121687,135706,159194,211267,249021,329324,348018,300017,335996,225401,287195,67890,123695,16884,15717,31828,39231,35316,54695,45984,78144,64638,81073,91274,100708,145509,186527,59171,107255,2042284,913479,286710,147249,765865,76057,17228,204,135
2021-05-17T23:59:59+02:00,82,86,51677,51332,109893,119640,132916,156552,204769,243025,321776,340953,298233,334034,224817,286373,67783,123483,16452,15277,30796,38192,34162,53422,44514,76360,62396,78689,86458,94866,144049,184646,59021,106940,2015554,901886,274478,139800,762469,69437,15172,203,134
2021-05-16T23:59:59+02:00,81,83,50895,50678,108459,118322,131178,154895,201812,240352,314355,334014,297216,332906,224510,285890,67731,123386,16171,14908,30049,37419,33294,52505,43454,75051,61069,77224,83055,90807,143264,183574,58934,106801,2000267,895847,264072,133054,759249,65312,13423,202,130
2021-05-15T23:59:59+02:00,81,83,50358,50045,107463,117337,130169,153787,199888,238423,310802,330815,296597,332219,224314,285620,67711,123322,16033,14746,29796,37116,33006,52075,42968,74407,60228,76244,82460,89995,142751,182910,58898,106754,1984119,890629,264055,132909,758388,64189,12718,201,129
2021-05-14T23:59:59+02:00,80,83,49106,48628,105220,115249,126586,150347,191698,231375,304515,324950,295623,331089,224029,285172,67664,123227,15536,14324,29017,36302,32243,50891,41896,72635,58673,74303,80563,87516,142142,181926,58858,106667,1946993,881039,262361,132048,753849,58781,11679,198,129
2021-05-13T23:59:59+02:00,77,82,47197,46686,101396,112032,121890,146252,181706,222817,293934,315158,292657,327673,223219,284035,67564,123020,14677,13881,28164,35607,31484,49997,40958,71553,57176,72743,76804,83188,139391,178336,58748,106452,1895529,868559,253783,125041,747651,54942,10667,194,128
2021-05-12T23:59:59+02:00,75,80,46287,45984,99485,110610,119839,144600,179168,220713,289209,309844,291495,326409,222977,283713,67526,122935,14512,13730,27847,35391,31083,49707,40517,71179,56641,72177,75474,81575,138616,177214,58662,106292,1872527,862860,251625,123264,747164,54672,9869,191,127
2021-05-11T23:59:59+02:00,71,74,44050,44515,95475,107545,114049,139882,165837,209465,277586,299106,288103,322505,222022,282312,67377,122637,14085,13165,26839,33971,29959,47914,39220,68910,54933,69916,72400,78007,137269,175392,58504,105935,1813791,850664,241953,120589,738695,46807,8406,187,125
2021-05-10T23:59:59+02:00,70,70,42805,43551,92886,105549,110809,137264,157469,202469,269742,292014,285934,320064,221448,281450,67252,122397,13743,12722,26083,32991,29167,46661,38229,67056,53715,68187,70325,75462,136130,173884,58385,105648,1778333,841825,235919,119543,731778,39627,7445,183,119
2021-05-09T23:59:59+02:00,69,70,41689,42784,90219,103811,108163,135504,152471,199061,264244,287101,284700,318684,221072,280921,67186,122251,13431,12506,25393,32325,28440,45859,37441,66097,52776,67237,69101,74061,135537,173056,58330,105517,1759104,837264,228845,118558,725822,34877,6457,182,119
2021-05-08T23:59:59+02:00,68,70,41398,42486,89376,103081,107084,134658,151034,197852,261699,285047,284199,318142,220952,280742,67170,122219,13329,12445,25265,32235,28295,45731,37252,65905,52438,66920,68140,73141,134475,171697,58283,105424,1747159,832688,228337,117817,725599,34102,6444,146,92
2021-05-07T23:59:59+02:00,66,69,40476,41772,87454,101749,104281,132453,146425,194061,255472,279548,282866,316548,220604,280285,67117,122096,12584,11961,24443,31504,27536,44673,36391,64647,51260,65412,65901,70462,132264,168893,58194,105246,1721486,823071,225142,115564,721480,27321,5491,146,91
2021-05-06T23:59:59+02:00,62,68,37839,40055,82721,98301,98314,127718,136272,185572,239063,265164,277753,310771,219316,278601,66942,121780,11898,11445,23510,30401,26544,43327,35039,62650,49528,63448,63423,67349,130169,166142,58081,105028,1656071,812046,215248,112467,710661,18964,4581,140,90
2021-05-05T23:59:59+02:00,60,65,35956,38866,79078,95723,93731,124080,128462,179053,224341,251147,271575,303641,217744,276612,66696,121256,11663,11171,22973,29679,25945,42404,34116,61251,48381,62040,60826,64253,127241,162456,57983,104777,1589974,799830,210194,108919,704653,14977,3509,140,89
2021-05-04T23:59:59+02:00,60,63,34854,37765,76363,93420,90236,121044,122910,174325,213748,240893,266096,297197,216304,274769,66488,120788,11502,10970,22571,29142,25487,41637,33404,60175,47278,60771,58115,61089,124888,159530,57833,104541,1541012,788016,205090,106296,698603,11840,2858,139,87
2021-05-03T23:59:59+02:00,59,61,33990,36714,74086,91610,87364,118702,118472,170691,207108,234898,262822,293339,215506,273688,66367,120493,11260,10701,22180,28568,25010,40940,32723,59212,46258,59634,55343,57759,121135,154651,57576,104104,1509316,772254,201984,104592,693702,9079,1205,137,86
2021-05-02T23:59:59+02:00,59,61,33641,36397,72917,90714,85906,117609,116053,168830,204017,232396,261864,292252,215222,273279,66302,120385,11192,10632,21992,28360,24785,40656,32388,58808,45807,59160,54155,56307,118084,150985,57493,103974,1498746,767272,199199,99061,689853,8184,339,136,84
2021-05-01T23:59:59+02:00,58,61,33327,36026,72158,89924,84838,116572,114596,167476,200945,229368,261175,291433,215013,272998,66291,120347,11178,10617,21939,28330,24726,40618,32327,58751,45724,59085,53914,56016,117925,150789,57484,103957,1483716,765966,199197,99021,689589,8136,335,135,84
2021-04-30T23:59:59+02:00,55,58,32786,35427,70954,88707,83381,114849,110829,163920,193569,222264,259184,289070,214565,272392,66231,120241,10860,10423,21580,28053,24452,40196,32002,58191,45263,58455,53021,54856,116977,149605,57429,103839,1450905,762306,198872,97040,688794,5798,139,134,81
2021-04-29T23:59:59+02:00,53,57,31291,34484,68052,86692,79762,112258,105734,159828,180787,210739,251273,279985,213370,270764,66096,119893,10558,10213,21106,27605,24023,39698,31422,57450,44467,57526,51197,52672,115131,147375,57329,103644,1396192,753514,191597,94369,683438,3496,119,128,79
2021-04-28T23:59:59+02:00,52,55,30059,33874,66192,85388,77284,110445,102322,156981,171124,201582,240440,267409,212093,269078,65899,119565,10375,10055,20810,27256,23661,39229,31003,56799,43742,56705,49084,50062,112558,144151,57207,103432,1343658,744009,188250,89842,678074,2271,90,124,77
2021-04-27T23:59:59+02:00,49,54,29304,33193,64623,83928,75294,108644,99573,154590,166419,196872,231948,257613,210948,267467,65779,119342,10253,9944,20529,26968,23426,38902,30648,56304,43062,56016,47086,47525,109921,140727,57090,103233,1309706,734232,185955,85844,670116,1556,89,122,73
2021-04-26T23:59:59+02:00,48,54,28877,32812,63532,83047,73802,107487,97302,152889,157821,188876,227766,252780,210243,266477,65688,119144,10161,9854,20317,26785,23190,38685,30353,55968,42453,55444,45284,45383,108035,138253,56995,103080,1280848,726302,184518,82764,663417,1176,86,120,71
2021-04-25T23:59:59+02:00,48,53,28627,32575,62759,82527,72744,106759,95580,151670,152453,184013,223441,247907,209655,265700,65623,119023,10106,9821,20238,26711,23104,38604,30242,55844,42293,55285,44871,44886,107357,137346,56967,103010,1268155,724649,178387,80997,654752,1044,84,120,70
2021-04-24T23:59:59+02:00,48,52,28284,32149,61826,81313,71562,105320,94038,150020,147564,178879,220660,244582,209185,265028,65589,118973,10092,9803,20197,26671,23055,38540,30162,55758,42144,55149,44629,44579,107108,137053,56946,102982,1243367,723572,178362,80300,653479,1002,83,120,69
2021-04-23T23:59:59+02:00,46,52,27540,31532,60260,79810,69780,103308,91458,147395,142807,174501,216119,239047,208532,264037,65527,118858,10041,9742,20088,26585,22924,38391,29930,55553,41782,54819,44011,43823,106050,135775,56789,102707,1218589,720238,177185,77831,644968,950,82,118,67
2021-04-22T23:59:59+02:00,44,51,26926,30933,58729,78381,67321,101100,87346,143913,134785,167029,207101,228070,206494,261407,65329,118463,9916,9646,19841,26294,22573,37960,29416,55039,41025,54183,42841,42500,104063,133334,56561,102309,1177153,712801,169753,73884,636649,826,82,114,65
2021-04-21T23:59:59+02:00,44,49,26437,30415,57408,77282,65442,99478,84323,141280,127616,160228,194054,212757,204347,258521,65104,118039,9787,9560,19610,26049,22290,37638,29066,54594,40478,53654,41998,41484,101886,130560,56308,101899,1125789,706298,166877,69820,630294,754,82,107,64
2021-04-20T23:59:59+02:00,43,48,26015,29949,56254,76144,63776,97904,81790,138714,122554,155182,182599,199329,201927,255397,64871,117618,9685,9471,19393,25863,22000,37370,28659,54185,39939,53123,41187,40556,99675,127584,55974,101362,1083306,698792,163395,66574,623549,676,80,105,61
2021-04-19T23:59:59+02:00,43,47,25650,29596,55291,75325,62497,96734,79672,136795,119044,151814,176867,192499,200221,253171,64690,117289,9577,9381,19163,25645,21758,37100,28345,53795,39432,52595,40394,39650,96587,123626,55570,100652,1058851,688486,161572,64161,616961,640,79,100,61
2021-04-18T23:59:59+02:00,42,45,25347,29337,54525,74781,61376,95791,77827,135378,115689,149425,171774,186958,199211,251947,64582,117099,9505,9307,18976,25474,21582,36935,28130,53520,39174,52346,40067,39265,95375,122085,55389,100357,1044935,684646,159910,62234,606422,625,79,100,60
2021-04-17T23:59:59+02:00,41,44,25238,29245,54154,74587,60861,95440,77177,134782,114845,148686,167531,182083,198677,251223,64547,117034,9460,9248,18838,25287,21396,36705,27904,53246,38909,52080,39771,38946,94618,121158,55325,100275,1034074,680651,159882,61920,602371,613,79,100,60
2021-04-16T23:59:59+02:00,41,44,24866,28997,53168,73982,59582,94566,75562,133454,110714,144554,159914,173320,197027,249022,64438,116826,9251,9073,18447,24864,20823,36134,26808,52351,36903,50492,36499,36055,91453,117666,54923,99620,1008236,665746,159096,55060,592877,573,79,99,59
2021-04-15T23:59:59+02:00,37,40,24393,28546,51922,72817,57627,92840,72298,130613,105250,139286,152063,164357,192376,243156,64142,116209,9077,8912,18079,24444,20332,35477,26132,51561,35516,49268,34396,34039,88361,113947,54416,98764,976081,652728,157048,49491,574973,522,78,98,57
2021-04-14T23:59:59+02:00,35,36,24051,28222,50986,71883,56290,91455,69917,128459,101271,135528,142878,153993,184641,233281,63802,115541,8674,8641,17607,23941,19798,34836,25223,50685,34231,48149,32359,31899,85392,110313,53927,97907,938260,637903,154383,45277,559756,424,77,95,56
2021-04-13T23:59:59+02:00,35,36,23814,28008,50293,71345,55351,90635,68285,127055,97552,132102,131063,140892,178256,224952,63462,114953,8440,8471,17265,23538,19380,34307,24562,49891,33166,47140,30980,30547,83262,107950,53571,97365,905076,628662,149874,40893,543270,302,77,93,55
2021-04-12T23:59:59+02:00,34,35,23607,27824,49745,70839,54491,89905,66831,125770,94928,129779,123966,132868,175034,221006,63193,114462,8203,8286,16910,23244,19014,33873,24093,49355,32499,46517,29466,29011,81607,106017,53245,96844,888709,620275,148342,37646,527394,283,77,92,55
2021-04-11T23:59:59+02:00,33,35,23436,27666,49222,70420,53765,89453,65697,124968,93075,128304,118496,126868,171116,216408,63025,114166,8071,8152,16614,22965,18698,33565,23737,48975,32054,46134,28833,28347,80589,104774,53037,96526,881267,615002,143937,35821,511076,268,76,92,54
2021-04-10T23:59:59+02:00,33,35,23375,27609,49056,70287,53566,89297,65372,124701,92552,127870,116416,124344,169679,214560,62984,114066,7486,7550,15724,22182,17742,32727,22617,47944,30944,45141,28174,27636,78499,102170,52770,96090,874291,599712,143085,35443,508556,261,72,92,54
2021-04-09T23:59:59+02:00,32,35,23131,27362,48558,69797,52929,88618,64379,123580,90731,125967,107611,113424,166309,210162,62785,113710,6528,6653,14202,20864,16024,31173,20483,45982,28747,43137,26403,25819,75007,98005,52229,95252,854938,572344,136043,33934,498273,250,67,88,53
2021-04-08T23:59:59+02:00,32,35,22836,27117,47980,69309,52179,87923,63078,122503,88321,123805,97324,101456,160780,203327,62459,113146,5888,6066,13017,19850,14767,29837,18844,44270,26254,40805,23393,22856,70373,92259,51092,93505,836325,540889,127168,31996,480263,216,57,86,53
2021-04-07T23:59:59+02:00,30,34,22526,26893,47183,68855,51257,87317,61695,121525,85197,121374,88159,91186,153790,194556,62166,112585,5508,5745,12363,19177,13956,29012,17802,43223,24350,38911,20860,20338,66431,87505,50100,91892,815986,517490,121589,29524,458901,183,53,85,52
2021-04-06T23:59:59+02:00,29,34,22316,26732,46659,68476,50671,86795,60664,120750,83096,119634,80406,82391,147440,186599,61823,111958,5316,5588,12018,18826,13606,28581,17269,42665,23489,38105,19736,19311,63284,83422,49181,90514,796746,504176,118383,26593,441495,172,49,83,50
2021-04-05T23:59:59+02:00,29,33,22220,26609,46348,68135,50290,86398,60118,120059,81919,118482,75936,77307,142448,180504,61622,111643,5178,5449,11757,18574,13312,28269,16949,42293,23045,37646,19273,18842,60415,79878,48483,89449,787339,494874,116635,23802,426278,167,46,81,50
2021-04-04T23:59:59+02:00,29,33,22172,26551,46228,67868,50121,86085,59839,119559,81412,117851,74499,75602,141748,179528,61585,111561,5175,5443,11742,18561,13301,28253,16931,42276,22947,37574,18867,18519,58981,78034,48278,89138,784810,490097,116532,23800,421088,160,42,78,48
2021-04-03T23:59:59+02:00,29,33,22110,26470,46105,67761,49960,85910,59523,119247,80845,117275,73155,73969,140636,177992,61502,111413,5166,5435,11729,18543,13278,28233,16897,42229,22842,37500,18731,18370,58631,77475,48189,88993,778462,488319,116490,23800,419143,160,41,77,48
2021-04-02T23:59:59+02:00,29,33,22033,26388,45945,67596,49743,85662,59056,118798,79967,116463,71601,72090,138360,175015,61305,111055,5147,5398,11682,18501,13224,28151,16808,42081,22569,37023,18374,18008,56292,74599,47379,87897,769367,479857,114716,23157,417217,160,39,76,46
2021-04-01T23:59:59+02:00,26,31,21836,26184,45528,67078,49100,84923,58181,117860,78087,114796,68346,68668,134287,169851,60987,110490,5003,5256,11412,18239,13001,27918,16486,41773,22070,36583,17561,17267,51469,68588,45705,85443,757745,461883,108639,21790,410039,146,34,74,45
2021-03-31T23:59:59+02:00,26,31,21510,25965,45128,66557,48610,84276,57454,116922,76932,113553,66308,66354,129540,163748,60585,109768,4925,5206,11317,18121,12841,27768,16247,41504,21480,36075,16433,16364,46270,62190,44332,83472,748011,443607,101499,20847,403927,143,30,72,41
2021-03-30T23:59:59+02:00,26,30,21335,25745,44731,65940,48106,83481,56751,115871,75799,112181,64473,64336,125167,158001,60118,108867,4858,5122,11212,17995,12650,27579,15920,41180,20905,35526,15601,15563,43514,58785,43217,81680,737853,431759,97285,19488,395996,114,26,68,40
2021-03-29T23:59:59+02:00,25,30,21138,25506,44272,65390,47632,82793,56017,114797,74581,110748,61991,61596,118444,149371,59348,107474,4761,5053,11107,17884,12499,27413,15673,40861,20449,35058,14949,15024,40931,55807,42113,79864,717364,420586,93868,18814,390096,100,26,68,39
2021-03-28T23:59:59+02:00,25,30,20934,25220,43775,64709,47119,82053,55339,113795,73643,109647,60733,60166,113747,143406,58904,106718,4707,4995,10961,17740,12245,27115,15482,40615,20282,34827,14712,14781,39852,54393,41765,79328,710851,416289,86572,17488,382715,80,26,67,36
2021-03-27T23:59:59+01:00,25,30,20815,25064,43483,64345,46760,81524,54841,113105,72973,108911,59580,59085,112267,141700,58837,106639,4694,4983,10934,17721,12227,27085,15122,40190,19883,34391,14419,14569,39367,53708,41292,78512,705589,412246,85872,16834,378697,74,26,67,36
2021-03-26T23:59:59+01:00,25,29,20564,24552,42680,62645,45794,79503,53509,110091,70965,105307,57574,57211,109522,138472,58511,106125,4676,4950,10910,17669,12158,26993,15044,40081,19544,33802,13952,13920,36308,49879,39237,75273,694238,397778,82570,16616,366444,60,23,66,36
2021-03-25T23:59:59+01:00,25,27,20132,23881,41807,60886,44702,76956,51999,106572,68581,101548,54984,54581,106216,134506,57940,105136,4630,4896,10819,17567,12039,26849,14860,39863,19270,33498,13478,13430,32465,44840,36246,70750,682836,379482,78377,16021,349440,55,21,65,36
2021-03-24T23:59:59+01:00,25,27,19733,23437,41035,59625,43694,75423,50632,104658,66494,99223,52204,51673,101972,129413,57303,104060,4576,4830,10726,17429,11874,26650,14630,39581,18903,33080,13023,12977,29902,41629,33135,65918,670062,363957,73509,14920,337239,49,16,63,36
2021-03-23T23:59:59+01:00,25,27,19487,23139,40475,58718,42975,74338,49603,103150,64845,97370,49918,49333,99219,126204,56744,103222,4517,4760,10626,17305,11728,26470,14388,39272,18487,32694,12521,12471,27474,38536,29479,60030,661969,346443,70169,14332,326834,45,15,61,36
2021-03-22T23:59:59+01:00,25,27,19268,22730,39841,57839,42312,73302,48660,101768,63374,95743,48091,47452,96823,123458,56272,102450,4460,4713,10540,17191,11598,26294,14231,39033,18248,32393,12212,12099,25644,36192,25539,53668,655691,330291,67364,13780,316560,43,15,60,35
2021-03-21T23:59:59+01:00,25,27,19133,22471,39354,57086,41767,72459,48014,100615,62434,94516,47048,46430,95181,121610,55902,101871,4446,4705,10504,17144,11553,26208,14171,38943,18168,32294,12093,11968,25217,35745,25186,53110,653126,328105,65340,13366,307654,43,14,59,35
2021-03-20T23:59:59+01:00,24,27,19073,22326,39144,56593,41529,71901,47703,99979,61997,93916,46398,45664,92586,118382,55617,101385,4437,4698,10495,17132,11526,26192,14128,38907,18086,32220,11934,11807,24578,34971,24424,52026,646676,324400,64894,13177,302849,43,14,59,35
2021-03-19T23:59:59+01:00,24,26,18720,21763,38014,54477,40252,69910,45973,97894,59124,91160,41969,41802,87379,112629,54918,100305,4417,4685,10462,17085,11462,26081,14038,38739,17851,31922,11582,11530,22912,32915,22747,49468,628959,315103,57704,12815,289849,36,14,57,35
2021-03-18T23:59:59+01:00,24,25,18327,21120,36843,52325,38712,67124,43822,93432,55281,85370,37944,38008,82656,107153,53831,98647,4397,4657,10394,16983,11384,25928,13889,38549,17634,31720,11350,11349,21667,31403,21037,46874,612052,307035,51968,12205,266791,33,14,57,34
2021-03-17T23:59:59+01:00,24,24,17908,20770,36118,51410,37951,66172,42743,92081,53495,83546,35277,35230,78637,102333,52887,97174,4374,4633,10332,16890,11312,25795,13776,38362,17436,31530,11113,11127,20429,29995,19448,44476,595422,299554,47575,11500,260946,30,14,56,34
2021-03-16T23:59:59+01:00,23,24,17552,20352,35374,50344,37137,64980,41648,90415,51660,81560,33076,33214,74623,97408,52007,95860,4324,4585,10259,16763,11221,25645,13678,38126,17301,31287,10943,10950,19151,28481,17967,42157,582207,291799,42890,11066,252320,29,11,55,34
2021-03-15T23:59:59+01:00,23,24,17274,19989,34669,49367,36349,63789,40745,88935,50400,79963,31359,31378,71344,93322,51310,94728,4302,4551,10193,16640,11155,25444,13564,37839,17152,31015,10776,10792,18421,27519,16712,40298,571101,285994,39570,10418,244464,28,0,55,34
2021-03-14T23:59:59+01:00,23,23,17006,19562,33818,48158,35450,62470,39692,87109,49147,78241,30197,30147,69351,90761,50865,94052,4277,4533,10148,16563,11098,25302,13504,37617,17062,30851,10705,10708,18239,27238,16450,39738,563998,284799,37694,9284,234547,17,0,51,34
2021-03-13T23:59:59+01:00,23,23,16198,18508,32329,46140,33880,60349,37658,84057,47023,75706,28851,28799,67337,88141,50596,93661,4277,4533,10146,16558,11095,25295,13495,37610,17056,30842,10668,10675,17493,26353,15405,38287,547658,280553,37409,9283,224366,17,0,51,34
2021-03-12T23:59:59+01:00,22,23,15098,17132,29889,43494,31215,57212,34797,79203,43817,71248,26019,25612,63036,82842,49617,92259,4265,4500,10128,16496,11077,25244,13450,37493,16965,30711,10392,10448,16613,25111,14337,36769,519667,274775,36098,9272,206918,14,0,49,33
2021-03-11T23:59:59+01:00,21,23,14061,15672,27647,40805,28897,54026,32210,74814,40067,66359,22623,22139,57035,75533,47688,89420,4224,4463,10047,16378,10967,25019,13334,37183,16800,30407,10090,10236,15979,24275,13669,35497,487663,270786,34510,7834,187001,11,0,47,32
2021-03-10T23:59:59+01:00,21,22,13466,14975,26242,39192,27251,52204,30651,72501,37554,63236,19879,19591,51121,68399,46137,87082,4190,4419,9948,16211,10849,24770,13187,36765,16600,30035,9854,10054,15235,23502,13010,34472,461272,266062,32467,7091,175916,9,0,46,32
2021-03-09T23:59:59+01:00,20,21,13183,14510,25123,38155,25840,51020,29589,70849,36176,61404,18701,18470,47615,63964,45012,85294,4166,4393,9864,16044,10746,24511,13034,36449,16426,29799,9732,9952,14574,22666,12515,33698,447687,262363,29944,6259,167433,9,0,46,30
2021-03-08T23:59:59+01:00,19,21,12853,13909,24042,37050,24573,49882,28652,69365,34945,59787,17623,17592,43501,58979,43784,83311,4151,4358,9803,15846,10644,24254,12901,36093,16299,29535,9650,9869,14081,22060,12201,33259,432242,259193,27938,5868,159824,4,0,45,30
2021-03-07T23:59:59+01:00,19,21,12620,13617,23448,36201,23877,49007,28054,68494,34337,59032,17363,17342,42436,57532,43417,82748,4139,4345,9783,15804,10617,24181,12869,35923,16242,29421,9628,9840,13883,21807,12065,33057,427491,258137,26125,5528,156062,0,0,44,29
2021-03-06T23:59:59+01:00,19,20,12507,13326,23046,35468,23348,48220,27010,66969,33239,57270,16977,17013,41791,56643,43116,82281,4136,4331,9772,15779,10599,24147,12859,35881,16224,29390,9611,9799,13836,21769,11962,32848,423433,257760,26061,5245,148880,0,0,44,28
2021-03-05T23:59:59+01:00,19,20,12097,12725,22365,34264,22666,46990,26254,65340,32008,54852,16334,16182,38332,52340,40960,78839,4109,4284,9702,15679,10550,24000,12791,35686,16138,29184,9515,9730,13650,21555,11592,32237,408255,256067,24610,4397,139826,0,0,44,27
2021-03-04T23:59:59+01:00,17,20,11338,11720,21178,32539,21449,44947,24900,62690,30313,52497,15604,15465,34329,47176,37883,74153,4060,4195,9589,15390,10448,23643,12659,35158,15993,28787,9342,9577,13494,21345,11508,32092,389828,253037,22536,4305,125956,0,0,44,25
2021-03-03T23:59:59+01:00,15,20,11033,11233,20490,31326,20679,43592,23999,60943,29272,50858,15129,14963,31720,43854,34798,69386,4020,4133,9510,15222,10369,23393,12553,34738,15817,28441,9160,9451,13369,21131,11362,31822,374401,250413,21744,4142,117266,0,0,41,23
2021-03-02T23:59:59+01:00,15,20,10770,10809,19845,30361,19966,42574,23217,59559,28301,49585,14502,14316,29045,40483,30914,63169,3972,4062,9448,15058,10301,23130,12452,34308,15716,28135,9035,9349,13231,20943,11285,31677,356228,248023,20235,4141,111083,0,0,40,23
2021-03-01T23:59:59+01:00,13,19,10599,10551,19334,29559,19406,41694,22628,58489,27589,48462,14087,13861,26976,37896,26663,56288,3957,4013,9393,14903,10237,22833,12372,33931,15611,27812,8953,9289,13048,20675,11170,31494,339027,245614,19126,4138,106053,0,0,40,23
2021-02-28T23:59:59+01:00,12,19,10433,10352,18867,28914,18875,40959,22151,57638,27104,47672,13880,13620,26370,37236,26259,55686,3941,3999,9369,14871,10218,22782,12355,33861,15585,27766,8927,9265,12917,20498,11107,31344,336588,244763,18266,4103,101283,0,0,40,23
2021-02-27T23:59:59+01:00,12,18,10254,9837,18538,28047,18617,40175,21866,56657,26776,46879,13604,13319,25703,36432,25337,54268,3929,3988,9348,14851,10186,22734,12316,33779,15542,27693,8905,9249,12908,20482,11103,31338,332683,244413,17544,3999,96200,0,0,40,23
2021-02-26T23:59:59+01:00,11,17,9458,9052,17637,26608,17836,37968,20938,53811,25317,44055,13138,12918,24115,34445,23816,51963,3848,3920,9270,14690,10112,22479,12235,33414,15425,27399,8825,9167,12841,20414,11062,31268,323578,242506,17291,3925,82317,0,0,40,21
2021-02-25T23:59:59+01:00,11,17,8299,8202,16315,25006,16569,35706,19701,50925,23609,41276,12665,12519,22836,32854,22321,49681,3726,3777,9108,14378,9892,21877,11981,32564,15100,26746,8629,9015,12582,20090,10921,31000,315963,238374,16521,3075,66109,0,0,39,20
2021-02-24T23:59:59+01:00,11,16,7934,7680,15660,23969,15940,34469,18986,49412,22818,40078,12269,12183,21530,31356,20642,47057,3654,3710,8968,14087,9716,21425,11781,31939,14837,26211,8488,8878,12440,19917,10856,30789,307723,235606,15556,2150,58810,0,0,39,20
2021-02-23T23:59:59+01:00,11,16,7450,7204,14848,22794,15255,33251,18266,48002,22100,39009,11962,11859,20193,29782,19028,44502,3614,3635,8848,13885,9581,21029,11594,31363,14538,25712,8319,8736,12313,19707,10786,30558,299613,232788,14755,1489,51241,0,0,39,20
2021-02-22T23:59:59+01:00,10,14,7343,6999,14465,22177,14905,32524,17804,46997,21606,38276,11765,11611,19446,28776,17715,42549,3584,3533,8710,13593,9417,20528,11340,30624,14166,25117,8072,8543,12115,19455,10682,30255,293761,229487,14145,305,47153,0,0,38,20
2021-02-21T23:59:59+01:00,10,14,7253,6874,14144,21736,14486,31941,17389,46345,21170,37781,11659,11510,19283,28563,17468,42216,3546,3493,8628,13470,9342,20311,11269,30333,14045,24849,8010,8481,12059,19348,10611,30092,292618,227653,13773,291,43524,0,0,38,20
2021-02-20T23:59:59+01:00,10,14,7136,6824,14019,21656,14370,31807,17270,46195,21012,37600,11560,11428,18503,27646,16412,40746,3544,3487,8618,13462,9332,20290,11255,30308,14032,24838,8005,8472,11994,19284,10557,30024,288368,227270,13576,290,42334,0,0,38,19
2021-02-19T23:59:59+01:00,8,13,6836,6572,13666,21217,13999,31139,16797,45400,20307,36731,10958,11027,17460,26315,15255,39138,3464,3464,8542,13435,9290,20233,11217,30217,13973,24744,7962,8412,11771,19011,10364,29693,281992,225562,13201,289,37714,0,0,35,18
2021-02-18T23:59:59+01:00,8,13,6439,6097,13039,20074,13359,29764,15981,43529,19436,35153,10728,10808,16869,25564,14678,38255,3279,3328,8209,12895,8998,19486,10868,29180,13608,23919,7757,8103,11185,18060,9867,28543,278421,217055,12619,289,28821,0,0,35,18
2021-02-17T23:59:59+01:00,8,12,6274,5754,12593,19194,12871,28574,15281,41806,18789,33828,10501,10557,16113,24750,13901,37065,3030,3168,7869,12381,8697,18697,10498,28137,13217,23069,7525,7867,10628,17210,9429,27726,273750,208917,11888,287,22296,0,0,35,18
2021-02-16T23:59:59+01:00,8,12,5948,5454,12056,18361,12367,27499,14736,40427,18197,32794,10349,10452,15445,23920,13393,36276,2848,3048,7568,11932,8391,17973,10103,27052,12752,22174,7254,7574,9911,16039,8703,26176,270216,199421,11392,132,16149,0,0,33,18
2021-02-15T23:59:59+01:00,8,12,5843,5277,11762,17719,12101,26715,14388,39434,17849,32024,10224,10341,14885,23266,13032,35737,2759,2968,7378,11611,8172,17469,9804,26210,12402,21491,6973,7291,9211,14984,8188,24895,267115,191776,10789,86,12776,0,0,33,17
2021-02-14T23:59:59+01:00,8,12,5575,5162,11514,17447,11878,26279,14154,38988,17658,31747,10179,10290,14651,22927,12867,35343,2709,2930,7264,11447,8043,17263,9629,25879,12224,21190,6878,7168,8991,14600,8000,24361,266114,188546,9853,85,10776,0,0,31,17
2021-02-13T23:59:59+01:00,8,12,5515,5124,11464,17412,11848,26248,14126,38956,17638,31728,10166,10263,14624,22896,12855,35326,2705,2927,7259,11440,8031,17243,9614,25845,12197,21147,6848,7134,8837,14388,7648,23735,265874,187046,9852,7,10548,0,0,30,16
2021-02-12T23:59:59+01:00,8,11,4999,4806,10893,17050,11530,25697,13807,38312,17310,31086,10055,10156,14440,22682,12775,35217,2655,2894,7165,11284,7930,17012,9464,25453,11980,20703,6667,6902,8476,13828,7056,22396,264178,181914,9841,6,6878,0,0,30,16
2021-02-11T23:59:59+01:00,8,10,4537,4507,10306,16369,11118,24890,13327,37050,16820,30226,9740,9896,14159,22234,12495,34534,2487,2620,6566,10096,7243,15280,8606,22843,10933,18627,6020,6189,7433,12213,6241,20077,260952,163522,8200,4,3137,0,0,28,15
2021-02-10T23:59:59+01:00,8,10,4291,4340,9969,15917,10809,24351,13015,36167,16404,29474,9526,9758,13978,22028,12403,34328,2127,2330,5631,8642,6446,13240,7617,19942,9813,16599,5476,5603,6450,10553,5466,18019,258303,144009,7701,2,835,0,0,27,2
2021-02-09T23:59:59+01:00,8,9,4228,4242,9846,15650,10700,23951,12844,35546,16192,29001,9348,9622,13783,21819,12261,34106,1732,1979,4854,7377,5676,11447,6698,17442,8726,14607,4899,4976,5403,9001,4736,15918,255864,125522,6924,1,431,0,0,26,2
2021-02-08T23:59:59+01:00,8,9,4194,4187,9753,15438,10592,23592,12726,35084,16052,28643,9256,9555,13581,21536,12152,33913,1568,1784,4298,6388,5016,9877,5879,14918,7708,12758,4340,4444,4420,7416,3973,13844,253497,108678,6409,1,425,0,0,26,2
2021-02-07T23:59:59+01:00,8,9,4029,4120,9597,15301,10489,23425,12647,34821,15940,28450,9215,9510,13436,21353,12079,33770,1353,1537,3879,5716,4603,9000,5455,13761,7226,11804,4084,4185,4191,7024,3814,13250,252394,100927,5863,1,0,0,0,26,1
2021-02-06T23:59:59+01:00,8,9,4020,4111,9587,15285,10476,23389,12625,34771,15923,28393,9195,9496,13418,21318,11974,33574,1201,1341,3646,5409,4417,8575,5235,13173,6946,11246,3947,4048,4066,6875,3536,12793,252051,96497,5579,1,0,0,0,26,0
2021-02-05T23:59:59+01:00,8,8,3947,4044,9515,15142,10408,23139,12540,34401,15808,28112,9111,9422,13345,21243,11625,32977,1060,1113,3366,4964,4159,7996,4917,12396,6560,10519,3686,3802,3905,6648,3034,11908,250164,90073,4687,0,0,0,0,26,0
2021-02-04T23:59:59+01:00,8,8,3890,3921,9395,14829,10231,22593,12352,33605,15591,27549,8987,9313,13121,20950,11512,32776,796,780,2541,3715,3223,6255,3966,9855,5236,8309,3006,3090,3280,5663,2641,10410,246225,72795,4463,0,0,0,0,25,0
2021-02-03T23:59:59+01:00,8,8,3821,3850,9289,14606,10127,22255,12219,33095,15440,27128,8878,9198,12979,20772,11436,32611,660,612,1920,2801,2490,4831,2998,7570,4005,6264,2198,2226,2397,4199,1914,7803,243482,54912,4295,0,0,0,0,25,0
2021-02-02T23:59:59+01:00,8,8,3755,3755,9189,14413,10031,21875,12076,32531,15238,26674,8754,9084,12856,20562,11353,32345,524,485,1451,2067,1903,3632,2253,5758,2987,4684,1556,1528,1634,2764,1331,5190,240269,39765,4293,0,0,0,0,25,0
2021-02-01T23:59:59+01:00,7,8,3715,3665,9109,14182,9925,21487,11938,31893,15056,26172,8636,8936,12747,20419,11302,32170,390,352,1010,1429,1253,2417,1467,3774,1854,2966,984,972,970,1687,763,3012,237130,25309,4293,0,0,0,0,24,0
2021-01-31T23:59:59+01:00,7,8,3697,3630,9056,14073,9856,21283,11872,31597,14953,25975,8580,8877,12696,20307,11257,32041,360,331,890,1239,1064,2045,1265,3222,1621,2600,886,881,866,1505,692,2706,235642,22180,4179,0,0,0,0,23,0
2021-01-30T23:59:59+01:00,7,8,3697,3627,9046,14060,9842,21261,11859,31577,14941,25961,8576,8872,12637,20244,11207,31977,343,307,830,1155,1007,1922,1201,3033,1546,2463,858,855,847,1465,677,2654,235323,21169,4132,0,0,0,0,23,0
2021-01-29T23:59:59+01:00,7,8,3637,3613,8985,14031,9813,21210,11827,31502,14894,25893,8552,8849,12450,20019,11027,31734,276,224,710,983,863,1562,1046,2644,1335,2138,769,765,798,1410,659,2601,234105,18787,4005,0,0,0,0,20,0
2021-01-28T23:59:59+01:00,7,8,3518,3527,8782,13644,9593,20698,11596,30924,14568,25394,8415,8748,12015,19399,10671,31153,130,57,291,360,375,606,456,1147,606,959,407,423,467,810,377,1571,229320,9044,3399,0,0,0,0,20,0
2021-01-27T23:59:59+01:00,7,8,3287,3392,8489,13229,9292,20075,11214,30089,14181,24657,8199,8536,11465,18595,10246,30390,78,33,201,222,241,411,302,800,427,661,309,309,347,604,283,1149,222615,6378,2791,0,0,0,0,20,0
2021-01-26T23:59:59+01:00,6,8,3121,3295,8208,12892,9029,19505,10909,29332,13784,24029,7963,8315,10887,17681,9599,29238,73,29,186,212,225,377,286,749,396,600,294,284,320,542,257,1019,215905,5850,1950,0,0,0,0,20,0
2021-01-25T23:59:59+01:00,6,8,3034,3200,7927,12411,8738,18799,10523,28331,13303,23267,7680,8116,10269,16865,9143,28337,65,21,166,191,193,321,247,629,344,496,257,240,266,465,209,831,209607,4942,404,0,0,0,0,18,0
2021-01-24T23:59:59+01:00,6,8,2990,3180,7842,12333,8664,18674,10414,28171,13175,23085,7638,8081,10204,16753,9095,28241,64,20,162,187,191,308,244,608,336,482,248,236,264,458,205,816,208305,4830,302,0,0,0,0,18,0
2021-01-23T23:59:59+01:00,6,8,2989,3179,7841,12330,8660,18664,10413,28158,13169,23080,7631,8078,10080,16588,8767,27654,63,20,162,187,190,307,242,608,334,482,248,236,264,458,205,815,207049,4822,300,0,0,0,0,17,0
2021-01-22T23:59:59+01:00,6,8,2927,3133,7717,12217,8577,18524,10303,27988,13089,22965,7601,8045,9882,16286,8249,26630,63,20,161,187,190,307,242,608,333,482,248,236,264,458,205,815,203902,4820,300,0,0,0,0,16,0
2021-01-21T23:59:59+01:00,6,8,2845,2963,7218,11304,8093,17380,9766,26367,12484,21749,7317,7717,9242,15325,7724,25558,57,18,146,173,173,276,218,532,296,442,222,209,233,378,175,684,192818,4233,300,0,0,0,0,16,0
2021-01-20T23:59:59+01:00,6,8,2486,2616,6337,9897,7349,15427,8813,23537,11375,19678,6716,7065,8147,13558,6910,23336,55,18,145,168,170,274,211,518,285,420,210,202,227,353,162,646,173009,4065,297,0,0,0,0,16,0
2021-01-19T23:59:59+01:00,6,8,2044,2259,5438,8514,6486,13535,7792,20748,10103,17439,5959,6181,6758,11364,5888,20280,39,11,96,124,114,170,148,354,186,292,133,115,139,235,113,479,150624,2748,216,0,0,0,0,16,0
2021-01-18T23:59:59+01:00,5,8,1770,1970,4682,7132,5530,11295,6594,17152,8673,14723,5078,5299,5372,9110,4814,16794,21,6,37,46,52,79,65,161,74,147,59,54,66,131,62,220,125944,1280,92,0,0,0,0,16,0
2021-01-17T23:59:59+01:00,4,8,1493,1681,4169,6338,5022,10164,6058,15577,8034,13459,4738,4950,5000,8436,4485,15788,8,2,8,15,15,28,19,51,27,56,23,23,20,31,13,47,115345,386,88,0,0,0,0,15,0
2021-01-16T23:59:59+01:00,4,7,1326,1477,3952,6017,4842,9724,5799,14911,7704,12766,4549,4722,4788,8161,4130,15184,0,0,0,1,1,2,1,1,1,2,0,1,1,0,0,1,110085,12,5,0,0,0,0,14,0
2021-01-15T23:59:59+01:00,4,7,1175,1251,3698,5596,4589,9159,5507,14072,7296,11967,4257,4428,4602,7854,3595,14138,0,0,0,0,0,0,0,0,0,0,0,0,0,0,0,0,103216,0,3,0,0,0,0,14,0
2021-01-14T23:59:59+01:00,3,4,901,938,2952,4408,3725,7344,4563,11329,5900,9623,3458,3559,3865,6629,3111,12326,0,0,0,0,0,0,0,0,0,0,0,0,0,0,0,0,84653,0,0,0,0,0,0,14,0
2021-01-13T23:59:59+01:00,3,3,765,784,2480,3677,3140,6121,3792,9391,4808,7749,2585,2646,2919,5047,2379,9422,0,0,0,0,0,0,0,0,0,0,0,0,0,0,0,0,67723,0,0,0,0,0,0,13,0
2021-01-12T23:59:59+01:00,2,3,634,655,2079,3017,2585,4977,3036,7570,3791,6089,1855,1827,1994,3412,1681,6426,0,0,0,0,0,0,0,0,0,0,0,0,0,0,0,0,51655,0,0,0,0,0,0,0,0
2021-01-11T23:59:59+01:00,1,1,493,522,1736,2444,2076,3976,2351,5756,2815,4419,1193,1130,1196,2001,921,3647,0,0,0,0,0,0,0,0,0,0,0,0,0,0,0,0,36696,0,0,0,0,0,0,0,0
2021-01-10T23:59:59+01:00,1,1,437,453,1478,2020,1735,3255,1941,4771,2339,3701,1052,1006,1051,1756,820,3195,0,0,0,0,0,0,0,0,0,0,0,0,0,0,0,0,31023,0,0,0,0,0,0,0,0
2021-01-09T23:59:59+01:00,1,1,405,409,1354,1843,1590,2965,1788,4323,2154,3370,977,935,992,1702,802,3153,0,0,0,0,0,0,0,0,0,0,0,0,0,0,0,0,28773,0,0,0,0,0,0,0,0
2021-01-08T23:59:59+01:00,1,1,308,281,1106,1501,1312,2296,1470,3545,1784,2753,844,830,904,1579,756,3000,0,0,0,0,0,0,0,0,0,0,0,0,0,0,0,0,24278,0,0,0,0,0,0,0,0
2021-01-07T23:59:59+01:00,1,0,144,76,397,507,476,786,591,1367,777,1201,467,481,560,961,463,1907,0,0,0,0,0,0,0,0,0,0,0,0,0,0,0,0,11163,0,0,0,0,0,0,0,0
2021-01-06T23:59:59+01:00,1,0,109,44,267,285,305,510,395,927,527,822,359,361,423,747,357,1440,0,0,0,0,0,0,0,0,0,0,0,0,0,0,0,0,7880,0,0,0,0,0,0,0,0
2021-01-05T23:59:59+01:00,1,0,85,31,188,230,238,424,317,818,444,703,343,345,406,714,350,1385,0,0,0,0,0,0,0,0,0,0,0,0,0,0,0,0,7023,0,0,0,0,0,0,0,0
2021-01-04T23:59:59+01:00,1,0,67,25,171,193,197,331,253,635,350,511,268,253,286,516,233,927,0,0,0,0,0,0,0,0,0,0,0,0,0,0,0,0,5217,0,0,0,0,0,0,0,0
2021-01-03T23:59:59+01:00,1,0,65,21,165,188,193,317,251,620,342,494,260,251,282,503,231,910,0,0,0,0,0,0,0,0,0,0,0,0,0,0,0,0,5094,0,0,0,0,0,0,0,0
2021-01-02T23:59:59+01:00,1,0,65,21,165,188,193,317,249,620,339,494,260,251,282,503,231,909,0,0,0,0,0,0,0,0,0,0,0,0,0,0,0,0,5088,0,0,0,0,0,0,0,0
2021-01-01T23:59:59+01:00,1,0,64,21,164,188,193,316,249,620,337,492,260,251,282,502,231,909,0,0,0,0,0,0,0,0,0,0,0,0,0,0,0,0,5080,0,0,0,0,0,0,0,0
2020-12-31T23:59:59+01:00,1,0,64,21,164,186,193,315,248,619,336,491,260,251,282,502,231,909,0,0,0,0,0,0,0,0,0,0,0,0,0,0,0,0,5073,0,0,0,0,0,0,0,0
2020-12-30T23:59:59+01:00,1,0,63,21,164,185,191,312,248,617,336,489,260,251,282,502,231,909,0,0,0,0,0,0,0,0,0,0,0,0,0,0,0,0,5062,0,0,0,0,0,0,0,0
2020-12-29T23:59:59+01:00,1,0,45,12,116,140,142,212,181,443,237,375,179,164,194,373,170,709,0,0,0,0,0,0,0,0,0,0,0,0,0,0,0,0,3693,0,0,0,0,0,0,0,0
2020-12-28T23:59:59+01:00,1,0,24,8,64,77,80,122,100,252,118,232,98,93,103,200,103,388,0,0,0,0,0,0,0,0,0,0,0,0,0,0,0,0,2063,0,0,0,0,0,0,0,0
2020-12-27T23:59:59+01:00,0,0,11,3,17,26,36,47,36,89,37,94,32,29,40,73,32,145,0,0,0,0,0,0,0,0,0,0,0,0,0,0,0,0,747,0,0,0,0,0,0,0,0
