Datum,<15_m,<15_w,15-24_1_m,15-24_1_w,25-34_1_m,25-34_1_w,35-44_1_m,35-44_1_w,45-54_1_m,45-54_1_w,55-64_1_m,55-64_1_w,65-74_1_m,65-74_1_w,75-84_1_m,75-84_1_w,>84_1_m,>84_1_w,<24_2_m,<24_2_w,25-34_2_m,25-34_2_w,35-44_2_m,35-44_2_w,45-54_2_m,45-54_2_w,55-64_2_m,55-64_2_w,65-74_2_m,65-74_2_w,75-84_2_m,75-84_2_w,>84_2_m,>84_2_w,bp_1,bp_2,mo_1,mo_2,az_1,az_2,ja,unb_1,unb_2
2021-09-09T23:59:59+02:00,35712,33337,272824,262298,379439,349667,395700,388727,459988,469311,513109,514446,350794,391399,245877,314924,72399,132572,245772,236447,355690,323794,374673,364097,438619,444703,492783,493730,339841,378816,238278,304403,69479,126458,3980313,3747980,520872,498004,809690,762213,272311,526,434
2021-09-08T23:59:59+02:00,35326,32953,271903,261348,378670,348845,395046,387965,459385,468722,512688,514000,350597,391169,245778,314760,72373,132530,244881,235630,354920,323083,374034,363413,438044,444165,492354,493292,339650,378583,238162,304246,69446,126371,3974061,3742496,520660,497714,809650,762084,270348,526,434
2021-09-07T23:59:59+02:00,34962,32628,270908,260438,377874,348084,394415,387306,458864,468212,512252,513618,350410,390958,245680,314595,72341,132464,244025,234863,354140,322417,373409,362873,437554,443670,491919,492913,339450,378371,238070,304107,69417,126318,3968108,3737609,520426,497383,809636,761914,268499,526,434
2021-09-06T23:59:59+02:00,34571,32223,269804,259352,376941,347149,393730,386531,458278,467584,511817,513185,350189,390713,245592,314470,72314,132396,243273,234123,353405,321769,372798,362282,437102,443175,491507,492538,339237,378166,237983,303974,69388,126261,3960948,3732827,520289,497135,809592,761795,266669,526,434
2021-09-05T23:59:59+02:00,34420,32075,269398,258934,376624,346805,393441,386213,458037,467343,511636,513005,350113,390619,245549,314408,72298,132372,242838,233723,353006,321387,372453,361974,436839,442928,491306,492329,339131,378044,237937,303910,69370,126227,3958341,3730188,520196,496866,809565,761665,265847,526,434
2021-09-04T23:59:59+02:00,34362,32038,269236,258806,376497,346675,393309,386104,457960,467255,511583,512956,350102,390601,245542,314396,72298,132371,242678,233579,352841,321226,372305,361854,436747,442826,491240,492279,339109,378024,237928,303898,69370,126226,3957626,3729407,520141,496731,809558,761645,265425,526,434
2021-09-03T23:59:59+02:00,34039,31728,268346,258003,375754,346019,392715,385512,457378,466775,511124,512620,349932,390423,245479,314289,72275,132337,241674,232739,352054,320529,371638,361207,436103,442246,490750,491868,338914,377828,237842,303788,69348,126199,3953252,3725163,519473,495266,809528,761573,263153,526,434
2021-09-02T23:59:59+02:00,33681,31399,267301,257134,374905,345195,391986,384770,456699,466146,510592,512196,349663,390173,245355,314115,72249,132259,240656,231948,351183,319771,370907,360508,435399,441624,490184,491407,338662,377564,237728,303630,69320,126118,3947362,3720013,519191,494787,809492,761255,260428,525,434
2021-09-01T23:59:59+02:00,33355,31035,266465,256304,374164,344525,391460,384224,456233,465668,510211,511854,349485,389979,245265,313999,72225,132199,239575,230901,350333,318938,370237,359815,434800,441021,489666,490926,338430,377296,237584,303433,69285,126028,3941949,3713181,519009,494254,809460,761038,258887,525,431
2021-08-31T23:59:59+02:00,32958,30694,265604,255407,373446,343821,390900,383649,455734,465189,509771,511491,349292,389787,245169,313852,72194,132160,238626,230026,349545,318201,369585,359178,434252,440518,489149,490525,338220,377078,237485,303282,69252,125968,3936483,3707875,518820,493870,809434,760627,257035,525,431
2021-08-30T23:59:59+02:00,32415,30215,264319,254249,372469,342921,390093,382846,454990,464488,509213,511000,349063,389574,245076,313699,72158,132091,237482,229054,348559,317324,368806,358445,433559,439946,488593,490014,337962,376839,237359,303099,69211,125890,3929117,3701912,518704,493426,809388,760376,254319,525,431
2021-08-29T23:59:59+02:00,32229,30027,263755,253750,372000,342511,389713,382514,454695,464200,508984,510779,348965,389464,245027,313634,72148,132067,236772,228427,347955,316783,368306,357979,433135,439571,488284,489754,337816,376686,237299,303023,69191,125865,3926061,3698056,518586,493027,809361,760119,253102,525,431
2021-08-28T23:59:59+02:00,32140,29935,263531,253573,371826,342358,389557,382393,454570,464082,508911,510729,348941,389441,245016,313622,72147,132064,236455,228171,347708,316592,368087,357817,432953,439406,488157,489662,337774,376644,237279,302997,69189,125861,3925036,3696490,518546,492912,809355,760093,252547,525,431
2021-08-27T23:59:59+02:00,31911,29686,262880,253008,371315,341845,389087,381944,454118,463686,508544,510448,348813,389308,244956,313535,72128,132042,235851,227678,347100,316095,367619,357389,432507,439055,487853,489415,337639,376526,237226,302932,69178,125854,3921251,3693299,518477,492698,809291,760032,250882,525,431
2021-08-26T23:59:59+02:00,31534,29300,261879,252034,370477,341033,388340,381207,453440,463014,508002,509966,348581,389049,244832,313418,72099,131981,234384,226337,345887,314921,366522,356404,431636,438265,487186,488843,337358,376210,237063,302762,69148,125809,3915111,3685048,518233,492056,809244,759676,248239,525,430
2021-08-25T23:59:59+02:00,31176,28972,260965,251186,369741,340269,387692,380517,452812,462427,507453,509517,348344,388793,244705,313257,72064,131913,232347,224477,344413,313526,365341,355212,430638,437301,486386,488119,336970,375818,236906,302521,69104,125719,3909478,3673092,518108,491647,809216,759527,245640,524,427
2021-08-24T23:59:59+02:00,30877,28716,260247,250430,369146,339653,387164,379953,452341,461933,507060,509159,348139,388576,244597,313098,72036,131842,231144,223426,343456,312613,364567,354463,429970,436655,485829,487570,336692,375505,236770,302359,69079,125655,3904721,3665947,517821,491196,809197,759224,243866,524,422
2021-08-23T23:59:59+02:00,30361,28194,258866,249127,368123,338741,386339,379171,451561,461253,506413,508596,347861,388295,244460,312909,72009,131783,229671,222116,342147,311555,363615,353614,429108,435904,485126,487001,336385,375170,236627,302169,69052,125595,3897355,3658572,517679,490715,809159,758941,240505,524,422
2021-08-22T23:59:59+02:00,30221,28081,258463,248763,367775,338416,386065,378908,451326,461008,506228,508449,347766,388200,244420,312850,71993,131757,228957,221445,341465,310902,363079,353112,428669,435499,484804,486736,336221,374989,236558,302061,69028,125547,3895174,3654190,517532,490257,809119,758642,239499,524,421
2021-08-21T23:59:59+02:00,29974,27878,257969,248303,367461,338095,385813,378651,451122,460832,506079,508310,347711,388144,244398,312812,71990,131748,228216,220793,340983,310506,362684,352704,428304,435194,484577,486542,336136,374921,236531,302018,69022,125535,3892642,3651234,517389,489053,809112,758586,238782,524,421
2021-08-20T23:59:59+02:00,29785,27681,257310,247648,366727,337478,385140,378124,450531,460341,505610,507992,347568,387988,244343,312716,71973,131714,226418,219184,339586,309325,361569,351751,427351,434392,483860,485993,335895,374671,236428,301899,68997,125505,3889202,3643022,517072,487901,809099,758220,235930,524,421
2021-08-19T23:59:59+02:00,29460,27372,256333,246809,365748,336703,384363,377440,449820,459715,505053,507510,347330,387729,244236,312569,71939,131642,223663,216754,337291,307508,359865,350275,425949,433124,482708,485022,335473,374245,236235,301653,68961,125435,3883773,3628675,516713,486142,809065,757750,232853,523,420
2021-08-18T23:59:59+02:00,29177,27111,255539,246107,365057,336096,383789,376872,449224,459220,504582,507105,347058,387490,244117,312420,71907,131576,221202,214241,335243,305750,358226,348625,424426,431798,481563,483979,334951,373688,236001,301352,68909,125340,3878699,3615435,516539,482200,809041,757370,230800,523,420
2021-08-17T23:59:59+02:00,28861,26836,254757,245396,364444,335424,383232,376327,448744,458745,504155,506688,346859,387282,244000,312291,71880,131524,218454,211497,333175,303922,356539,347161,422991,430523,480441,482988,334458,373146,235763,301057,68855,125263,3873731,3600388,516239,479427,809014,756936,229092,523,419
2021-08-16T23:59:59+02:00,28580,26577,254064,244748,363875,334868,382769,375868,448307,458305,503734,506322,346673,387074,243903,312126,71849,131484,215297,208436,330886,301813,355023,345717,421788,429394,479487,482148,334067,372701,235575,300782,68815,125174,3869339,3583054,516083,478700,808989,756585,227345,523,418
2021-08-15T23:59:59+02:00,28386,26416,253577,244308,363454,334475,382415,375533,448010,458051,503495,506130,346559,386959,243853,312045,71838,131463,211293,204385,328998,300201,353766,344504,420770,428459,478704,481490,333733,372364,235454,300605,68791,125124,3866529,3565490,515943,477789,808953,756261,226172,523,417
2021-08-14T23:59:59+02:00,28320,26359,253335,244110,363223,334299,382241,375384,447854,457922,503378,506023,346510,386927,243835,312021,71835,131458,210224,203287,328184,299440,353051,343834,420278,428002,478315,481168,333593,372235,235416,300548,68782,125107,3865360,3558819,515872,477422,808949,756186,225483,523,417
2021-08-13T23:59:59+02:00,28065,26117,252630,243522,362725,333874,381805,374954,447420,457561,503041,505766,346381,386777,243770,311945,71823,131430,208341,201504,326761,298130,351791,342643,419232,427064,477565,480529,333349,371945,235303,300404,68764,125054,3861556,3546903,515802,476824,808939,755995,223945,517,417
2021-08-12T23:59:59+02:00,27868,25892,251906,242886,362106,333291,381277,374470,446892,457120,502621,505409,346197,386576,243669,311843,71809,131382,205753,199236,323881,295602,349783,340847,417721,425818,476333,479461,332893,371405,235052,300127,68724,124969,3857616,3529509,515615,475621,808902,754970,221716,517,415
2021-08-11T23:59:59+02:00,27634,25642,251174,242199,361488,332717,380754,373992,446433,456697,502212,504983,345971,386335,243553,311707,71781,131330,202717,196256,320702,292669,347615,338777,416222,424415,475050,478171,332348,370763,234802,299718,68673,124839,3852796,3507676,515401,474551,808862,754035,220180,515,414
2021-08-10T23:59:59+02:00,27392,25384,250342,241468,360783,332175,380217,373447,445937,456223,501758,504586,345778,386138,243467,311569,71758,131286,198524,192137,316040,288469,344637,336005,414108,422471,473455,476709,331660,370091,234503,299308,68616,124719,3847730,3477583,515120,473439,808826,752883,218669,515,414
2021-08-09T23:59:59+02:00,27199,25183,249719,240899,360209,331703,379782,373070,445534,455879,501416,504303,345621,385987,243400,311460,71737,131249,193986,187550,310340,283719,341880,333516,412200,420699,471832,475243,331007,369397,234223,298937,68557,124582,3844076,3447228,514941,470652,808794,751790,217176,515,412
2021-08-08T23:59:59+02:00,27031,25029,249238,240497,359820,331352,379440,372783,445234,455626,501175,504109,345514,385880,243337,311380,71720,131216,192639,186183,308718,282386,340576,332358,411334,419946,471268,474728,330748,369129,234096,298769,68532,124531,3841549,3438153,514786,469296,808741,751314,215941,515,412
2021-08-07T23:59:59+02:00,26881,24855,248710,240043,359423,331015,379104,372500,444941,455390,500950,503936,345442,385786,243302,311331,71712,131205,188969,182595,306676,280536,338860,330837,410004,418681,470343,473936,330391,368757,233965,298579,68498,124494,3838693,3418554,514679,467965,808731,751100,215059,515,409
2021-08-06T23:59:59+02:00,26657,24620,247836,239380,358642,330406,378438,371922,444285,454864,500414,503545,345206,385580,243203,311215,71701,131183,185234,179047,303220,277742,336739,329006,408404,417344,469042,472972,330010,368372,233804,298423,68473,124446,3836119,3399287,513319,466235,808720,750006,211575,515,408
2021-08-05T23:59:59+02:00,26336,24296,246658,238447,357749,329542,377623,371196,443548,454191,499747,503008,344920,385279,243086,311039,71660,131119,180759,175102,297845,273355,332631,325458,405599,414850,466785,471179,329338,367664,233538,298051,68412,124334,3829788,3371388,513061,461531,808658,746301,208571,515,408
2021-08-04T23:59:59+02:00,25963,23952,245511,237459,356752,328632,376848,370484,442919,453587,499176,502482,344646,385009,242965,310868,71632,131049,177283,171802,294083,270226,328225,321553,403344,412757,465077,469626,328640,366965,233261,297697,68353,124232,3823300,3344240,512718,459764,808622,744549,205932,506,407
2021-08-03T23:59:59+02:00,25497,23531,244143,236271,355846,327796,376139,369790,442263,452926,498578,501948,344350,384709,242836,310690,71588,130981,173801,168360,289986,266587,323119,316945,400600,410197,462738,467523,327795,366098,232910,297227,68284,124092,3815320,3312141,512559,457890,808583,742475,204057,506,407
2021-08-02T23:59:59+02:00,25180,23224,243087,235306,354998,327040,375443,369189,441694,452382,498052,501497,344088,384435,242717,310535,71562,130922,170166,164765,285293,262629,317243,311989,397849,407645,460498,465530,327024,365264,232611,296827,68220,123973,3808960,3278687,512309,455903,808526,739947,202192,506,405
2021-08-01T23:59:59+02:00,25026,23036,242457,234701,354403,326533,375005,368800,441260,452062,497708,501219,343950,384271,242641,310417,71548,130895,168612,163315,282805,260635,312614,308270,395988,406069,459020,464282,326597,364779,232440,296610,68191,123914,3805299,3260794,512007,453759,808434,737499,200823,506,403
2021-07-31T23:59:59+02:00,24916,22931,242115,234381,354123,326311,374766,368632,441071,451909,497600,501120,343917,384233,242621,310404,71547,130890,164841,159475,279981,258092,310529,306271,394590,404786,457873,463294,326279,364403,232306,296436,68165,123868,3803693,3237883,511818,452822,808429,736708,200177,506,403
2021-07-30T23:59:59+02:00,24628,22672,241320,233666,353548,325779,374277,368165,440608,451505,497239,500828,343779,384092,242576,310325,71534,130874,161100,155707,276583,254982,307504,303452,392359,402668,456026,461709,325770,363870,232093,296143,68131,123809,3799613,3212802,511451,451618,808412,733513,198569,506,403
2021-07-29T23:59:59+02:00,24281,22331,239781,232396,352385,324700,373308,367254,439756,450711,496424,500200,343445,383780,242438,310143,71497,130808,156242,151227,271204,250800,301593,298668,388005,399175,452969,459297,324936,363024,231781,295731,68069,123710,3792031,3178875,510774,446760,808329,728405,195133,505,403
2021-07-28T23:59:59+02:00,23980,22044,238626,231355,351498,323855,372552,366565,439118,450045,495857,499710,343192,383482,242305,309957,71462,130735,152485,147582,266714,247139,297158,294716,384739,396315,450882,457449,324274,362264,231512,295345,68005,123585,3785278,3148155,510235,444841,808248,725768,193207,504,400
2021-07-27T23:59:59+02:00,23708,21820,237616,230379,350655,323113,371853,365974,438532,449430,495329,499251,342949,383177,242171,309763,71426,130637,147462,142456,260793,241995,291853,289954,380719,392611,447698,454632,323286,361160,231146,294838,67914,123427,3778983,3106552,509683,442515,808190,722026,191558,503,399
2021-07-26T23:59:59+02:00,23476,21581,236643,229402,349863,322410,371250,365420,437976,448939,494877,498881,342718,382937,242043,309606,71402,130579,143113,138063,255244,237209,286681,285477,376255,388652,444183,451605,322330,360196,230814,294358,67839,123290,3773302,3067128,509050,440258,808108,717675,190171,502,399
2021-07-25T23:59:59+02:00,23117,21280,235300,228246,348921,321645,370570,364760,437398,448399,494419,498477,342520,382724,241955,309475,71381,130515,141267,136313,252564,234996,284180,283376,374121,386877,442101,449821,321815,359683,230612,294129,67814,123214,3766239,3052156,508668,438064,808042,713321,188779,502,399
2021-07-24T23:59:59+02:00,22868,21084,234370,227385,348200,320993,369992,364232,436869,447960,494058,498200,342403,382626,241912,309413,71378,130504,138370,133514,249827,232675,281617,281159,371862,385019,440862,448835,321464,359346,230467,293950,67795,123180,3762219,3033809,507900,435053,808026,712980,186926,502,399
2021-07-23T23:59:59+02:00,22451,20697,232863,226045,346874,320054,368947,363369,435990,447170,493360,497666,342168,382354,241822,309300,71357,130468,132890,128668,244458,228376,277141,277372,368171,381822,438214,446637,320764,358624,230213,293639,67740,123099,3754753,2998289,507429,433279,807969,710843,183425,502,398
2021-07-22T23:59:59+02:00,21946,20220,230755,224066,345121,318509,367437,362071,434666,446019,492373,496762,341733,381901,241644,309049,71312,130386,128529,124605,238425,223842,270737,272268,361239,376288,432738,442128,319578,357366,229775,293108,67646,122946,3742264,2956002,505839,427287,807839,704525,180644,501,398
2021-07-21T23:59:59+02:00,21437,19701,228865,222246,343423,316982,365813,360493,433086,444626,491147,495592,341179,381376,241394,308763,71259,130289,124769,121032,232965,219596,265203,267741,353100,369356,428123,438386,318457,356214,229313,292542,67565,122767,3731240,2920481,502077,416396,807613,699738,177352,501,395
2021-07-20T23:59:59+02:00,21133,19422,227390,220773,342181,315809,364846,359616,432223,443830,490427,494942,340837,381004,241246,308540,71231,130200,120433,116794,226613,214421,259374,262559,345983,363253,423429,434071,317363,354960,228898,291957,67467,122583,3721896,2876698,501667,409178,807481,695347,175214,501,394
2021-07-19T23:59:59+02:00,20816,19124,225649,219077,340861,314556,363812,358638,431411,443051,489749,494321,340541,380642,241096,308307,71186,130102,117675,114193,222235,210827,254755,258602,342269,360074,420807,431891,316635,354232,228599,291565,67392,122459,3711288,2851638,501243,403800,807389,691023,173626,501,394
2021-07-18T23:59:59+02:00,20662,18993,224348,217803,339244,313123,362747,357715,430594,442328,489209,493777,340306,380356,240967,308127,71164,130040,116178,112807,219583,208648,252394,256505,340017,358225,418772,430198,316146,353745,228438,291348,67371,122392,3701841,2839358,500701,399525,807315,687325,172251,501,391
2021-07-17T23:59:59+02:00,20268,18571,223193,216747,338666,312582,362158,357201,430076,441878,488797,493486,340200,380239,240925,308072,71161,130030,114106,110706,217126,206345,249931,254312,337595,356092,417324,428934,315811,353355,228303,291180,67347,122352,3696272,2821860,500497,396804,807299,686538,170787,498,391
2021-07-16T23:59:59+02:00,19725,18058,220640,214598,336921,311282,360644,355905,428608,440670,487695,492621,339795,379867,240750,307913,71136,129993,110991,107906,212359,202413,245394,250676,333295,352393,413978,426213,314887,352425,227950,290763,67293,122270,3686040,2794180,499739,394448,807137,682724,164507,497,390
2021-07-15T23:59:59+02:00,19082,17432,217850,212165,335008,309573,359048,354461,427267,439479,486752,491766,339394,379439,240547,307655,71094,129888,107081,104693,203995,196166,237902,245068,326688,347157,406909,419770,313147,350612,227403,290093,67221,122070,3670945,2747630,499135,385981,807018,675301,161399,497,390
2021-07-14T23:59:59+02:00,18235,16706,215399,209833,333296,308025,357637,353113,426040,438272,485719,490807,338938,378977,240304,307343,71039,129800,103474,101358,197530,191011,232192,240400,322391,343679,402734,416141,311838,349301,226994,289535,67140,121916,3655955,2714032,498545,380448,806886,668500,158691,496,387
2021-07-13T23:59:59+02:00,17585,16049,213207,207804,331688,306649,356296,351888,424863,437178,484753,489946,338498,378503,240101,307096,71004,129707,99718,97820,191047,185611,225052,234335,315716,337613,394340,408283,310041,347373,226386,288740,67026,121714,3642098,2671235,497984,367768,806723,659028,156600,494,382
2021-07-12T23:59:59+02:00,16563,15116,209924,204619,329624,304914,354715,350416,423618,435974,483768,489040,338077,378029,239921,306864,70964,129630,96625,95097,185763,181312,218072,228655,308881,331578,389243,404006,308309,345509,225791,288005,66927,121544,3623597,2632938,497424,360625,806540,650610,154804,493,381
2021-07-11T23:59:59+02:00,16055,14641,208566,203346,328884,304200,354053,349790,423054,435469,483321,488698,337884,377825,239861,306757,70942,129590,95204,93811,182995,179004,215078,226363,306192,329425,386414,401615,305840,342880,225410,287535,66873,121446,3617356,2617954,496784,358633,806411,640119,152977,488,380
2021-07-10T23:59:59+02:00,15581,14182,206719,201565,327419,302940,352911,348812,422327,434875,482846,488298,337714,377660,239795,306671,70932,129570,93903,92539,180464,176892,212043,223878,303668,327263,385249,400578,305191,342209,225230,287346,66857,121419,3608763,2601142,496146,358403,806173,638367,150322,487,380
2021-07-09T23:59:59+02:00,15258,13903,204813,199723,325810,301488,351838,347849,421422,434163,482273,487820,337508,377437,239698,306550,70916,129536,91116,89813,176935,173666,207699,219730,298645,322661,381807,397597,304092,340982,224927,286976,66820,121354,3599609,2572153,495282,356342,805974,630773,147720,487,379
2021-07-08T23:59:59+02:00,14790,13474,201313,196731,322487,298815,349453,345859,419708,432710,480835,486749,337067,376994,239518,306301,70871,129459,86812,86049,169693,168011,199561,213330,291270,316550,374860,391389,301376,338068,224150,286039,66703,121094,3584216,2525963,491224,347678,805450,620414,142820,486,379
2021-07-07T23:59:59+02:00,14289,13021,197571,192861,319311,295952,347129,343808,418146,431233,479636,485646,336590,376426,239326,306027,70833,129353,83128,82600,162396,162305,190520,206153,283292,309985,367830,384575,298070,334461,223245,284937,66564,120847,3562890,2477998,489858,334246,805060,610427,139922,483,377
2021-07-06T23:59:59+02:00,13829,12649,194127,189478,316049,293213,344643,341513,416422,429666,478364,484505,336088,375867,239127,305735,70780,129267,79553,79021,155718,156790,183105,199945,274353,302026,361339,378482,294870,331215,222358,283846,66455,120615,3542985,2425478,486791,327264,804636,600905,137480,480,377
2021-07-05T23:59:59+02:00,13431,12311,189741,185236,312006,289876,342131,339176,414749,428121,477220,483430,335611,375349,238951,305489,70747,129181,76494,76201,150600,152707,178341,195816,267440,295756,355229,372941,291595,327768,221471,282728,66346,120446,3520140,2386426,485633,322769,804140,590541,133406,478,375
2021-07-04T23:59:59+02:00,13254,12154,185900,181368,309368,287849,340816,338103,413866,427342,476638,482941,335385,375096,238861,305364,70721,129127,74294,74314,147491,150130,175989,193731,264960,293642,352088,370722,288288,324363,220890,282056,66291,120326,3507893,2372374,484343,320473,803567,579019,128910,477,373
2021-07-03T23:59:59+02:00,12059,11099,179466,175369,305105,284391,338488,335932,412049,425533,475423,481881,334985,374650,238686,305117,70697,129084,72513,72740,145067,148252,173551,191649,261899,290916,349805,368866,286537,322381,220622,281694,66259,120277,3481518,2356650,482939,320274,803382,574529,122722,477,373
2021-07-02T23:59:59+02:00,10961,10007,175752,171908,302692,282193,336740,334225,410794,424341,474647,481192,334724,374335,238571,304936,70669,129036,69818,70056,141146,144966,169118,187609,255844,285473,344585,364160,283284,318655,219982,280923,66211,120193,3463409,2323460,481457,317490,803194,561940,120204,476,354
2021-07-01T23:59:59+02:00,9865,9076,172084,168472,298652,278903,334244,331953,408994,422761,473544,480227,334304,373872,238370,304664,70622,128957,64936,65338,134839,139640,161836,181100,245593,276617,333787,354379,278498,313381,218129,278669,66032,119880,3440844,2267162,479358,305140,802844,544208,117057,476,350
2021-06-30T23:59:59+02:00,9375,8683,168816,165394,293031,274272,330571,328610,407221,421219,472516,479257,333879,373387,238179,304363,70588,128868,61811,62497,129200,134957,155192,175096,235546,267469,320382,341101,273287,307831,216237,276347,65864,119560,3415723,2212162,477191,292326,802547,525347,113303,475,349
2021-06-29T23:59:59+02:00,8839,8159,165022,161620,288493,270012,327012,325308,405119,419134,470970,477841,333288,372746,237926,304007,70533,128759,59024,59506,124254,130554,149174,169571,223694,256781,311831,332746,266826,300640,214266,273891,65661,119214,3388202,2152947,475196,287668,802217,507944,109702,474,346
2021-06-28T23:59:59+02:00,8434,7779,161704,158164,283461,265694,323703,322451,402974,417204,469480,476526,332767,372132,237692,303695,70489,128665,56754,57161,120360,127046,144829,165487,214464,248371,306042,327345,261873,295335,212502,271655,65514,118946,3364266,2117244,471213,279058,801559,491400,106496,474,343
2021-06-27T23:59:59+02:00,8286,7656,160200,156640,281356,263885,321898,320914,401276,415842,468584,475812,332474,371839,237589,303533,70470,128616,55556,56052,118240,125334,142264,163360,210358,244987,302682,324490,258068,291332,210044,268742,65403,118758,3354257,2101807,469134,275575,800506,475259,103493,474,343
2021-06-26T23:59:59+02:00,7131,6559,156936,153296,279248,262000,319488,318679,400085,414690,467883,475111,332204,371555,237482,303375,70446,128586,55007,55467,116907,124184,140842,162124,208112,242983,300151,322077,256534,289673,209711,268332,65376,118688,3335124,2085025,466315,275487,800500,472762,103360,443,316
2021-06-25T23:59:59+02:00,5909,5443,152623,149014,275854,259043,317427,316713,398771,413442,466882,474286,331914,371221,237354,303219,70418,128536,53719,53841,114434,121489,136763,157557,199352,234532,294468,316205,254811,287553,209121,267531,65305,118570,3310150,2042542,464883,273795,800443,466183,103135,443,316
2021-06-24T23:59:59+02:00,5055,4656,148176,144880,271037,255101,313149,312933,396582,411570,465503,473149,331490,370755,237185,302981,70384,128449,51074,51250,109323,116775,129443,150922,187316,224082,283048,305975,249430,281713,207286,265186,65102,118170,3278959,1980514,462879,262035,800273,452424,101461,442,315
2021-06-23T23:59:59+02:00,4835,4449,145011,141765,267337,251945,307902,308130,394082,409222,464093,471829,330963,370132,236955,302669,70336,128342,49133,49169,105526,112864,123778,145248,177425,215418,271086,293993,244821,276903,205953,263485,64941,117810,3251387,1924236,459351,252180,800111,441724,99685,440,314
2021-06-22T23:59:59+02:00,4585,4220,141935,138637,263624,248566,301777,302695,391444,406661,462547,470344,330415,369523,236735,302316,70288,128235,47445,47431,101921,109562,118986,140674,164841,204279,260183,283699,240757,272434,204032,261074,64689,117339,3219315,1865925,457422,244466,799921,430760,98416,438,306
2021-06-21T23:59:59+02:00,4326,3975,138669,135695,258923,244670,296527,297821,388403,403790,461074,468990,329897,368962,236509,301999,70247,128122,46211,46202,99538,107344,116248,137971,158622,198508,253298,277055,235396,266598,200095,256555,64502,116962,3187585,1834943,455381,238948,799704,410964,96450,437,306
2021-06-20T23:59:59+02:00,4182,3857,137162,134189,254689,241191,293948,295581,387009,402474,460281,468245,329671,368679,236397,301866,70227,128060,45090,45284,97281,105558,113979,135987,155593,195975,248994,272988,232397,263071,199108,255301,64421,116836,3170141,1814645,453617,235397,799548,403100,94916,437,298
2021-06-19T23:59:59+02:00,3765,3506,135014,132091,251936,238868,292168,293934,385168,400905,459439,467516,329448,368426,236293,301726,70206,128028,44551,44635,96011,104302,112509,134524,154092,194539,245776,269974,231680,262224,198937,255038,64399,116783,3153794,1798704,450796,233819,799538,402822,94816,437,297
2021-06-18T23:59:59+02:00,2816,2592,131734,128950,248412,235822,288152,290522,382768,398780,458101,466353,329072,368025,236138,301490,70179,127979,43763,43720,94430,102521,110220,131855,150541,190504,238915,262698,229959,260221,198452,254399,64324,116649,3127988,1769409,446355,233284,799509,396115,94539,436,297
2021-06-17T23:59:59+02:00,2582,2369,128002,125642,242357,231363,282908,286090,377938,394756,455754,464508,328472,367301,235893,301131,70114,127865,41522,41895,90379,99046,105328,127108,142677,182827,227527,251316,224755,254289,196801,252242,64063,116230,3092934,1713757,443371,229144,799248,385208,90072,358,289
2021-06-16T23:59:59+02:00,2311,2135,124767,122231,237459,227020,278208,281820,372760,390254,453153,462361,327724,366497,235602,300717,70048,127751,39693,40297,86843,96018,100981,123284,134451,175489,215426,239410,218531,247186,194880,249916,63811,115742,3059374,1654008,437830,223542,798730,377117,87460,356,288
2021-06-15T23:59:59+02:00,1924,1803,119849,117361,231477,221871,272855,276825,367693,385617,450298,459939,326851,365519,235249,300202,69966,127566,38073,38688,83522,92973,97014,119233,127402,169117,203080,227386,212505,240397,192918,247488,63500,115172,3014622,1596742,435901,217706,798160,369439,84744,356,285
2021-06-14T23:59:59+02:00,1662,1528,115784,113195,226241,216955,267486,271846,362400,380864,447178,457340,326066,364660,234936,299813,69904,127446,37092,37800,81240,90883,94303,116715,123293,165369,196480,220887,209389,236882,191782,246015,63281,114782,2972423,1567156,433546,215430,797899,361770,81991,354,284
2021-06-13T23:59:59+02:00,1588,1443,114287,111818,223793,214854,264942,269583,360142,378904,446004,456310,325790,364353,234800,299640,69872,127371,36228,37068,79382,89214,92292,114900,120464,162768,192610,217181,206304,233446,190751,244644,63049,114371,2957420,1553166,431103,208163,797591,353559,79931,354,282
2021-06-12T23:59:59+02:00,1437,1306,111635,109073,221899,213124,263558,268308,358705,377504,445106,455541,325503,364043,234708,299537,69854,127343,35859,36664,78396,88120,91042,113605,118888,161209,189050,213879,205266,232319,189349,242985,63039,114339,2941242,1540021,430124,208154,797568,346174,79800,353,281
2021-06-11T23:59:59+02:00,1289,1170,109094,106557,219005,210500,259890,265115,355569,374770,443388,454064,325065,363592,234571,299329,69827,127288,35183,35553,76389,84744,88807,110074,114784,156060,182354,206428,203165,229949,188745,242215,62977,114240,2916813,1512528,427326,207457,797380,332710,79108,353,280
2021-06-10T23:59:59+02:00,1127,1016,104329,102149,212927,205733,252833,259288,349471,369472,438880,450291,324202,362618,234248,298880,69744,127135,33601,34069,72386,80569,83884,104573,108112,147851,170016,192778,197092,223063,187014,240074,62724,113836,2873157,1465417,420217,205713,796528,305676,74966,351,275
2021-06-09T23:59:59+02:00,979,885,100407,98442,206958,200994,246013,253570,342806,363518,435198,447259,323521,361867,233977,298497,69679,127002,32068,32811,69154,77921,80185,101404,103390,143574,158871,182026,186470,211074,185152,237828,62451,113341,2834115,1411397,411673,201735,796010,294402,70314,327,271
2021-06-08T23:59:59+02:00,796,704,95875,93894,200323,195427,239050,247552,334552,356240,430086,442578,322679,360855,233603,298010,69598,126865,30993,31953,66567,75621,76902,98678,98812,139653,151275,174539,177760,201363,183345,235582,62217,112974,2782096,1372217,405905,196816,795416,283535,65794,327,259
2021-06-07T23:59:59+02:00,638,562,92657,90791,194259,190719,232487,242309,326712,350061,427034,440121,322130,360218,233384,297682,69544,126769,30124,31107,64104,73665,73949,96521,95044,136715,143192,166747,173711,196743,181915,233768,61994,112591,2743068,1345105,399739,193522,794822,272418,60964,325,258
2021-06-06T23:59:59+02:00,600,526,91082,89474,190971,188172,229132,239532,322428,346657,425594,439037,321858,359922,233276,297524,69520,126722,29522,30551,62332,71984,71869,94510,91851,133648,137501,160950,171171,194109,180805,232366,61763,112211,2727641,1333246,392342,183830,794337,261965,58216,323,257
2021-06-05T23:59:59+02:00,520,446,89138,87456,186101,183952,226667,237397,320611,345030,424594,438119,321572,359603,233128,297355,69506,126690,29068,29795,61131,70033,70472,92363,90175,131380,132744,155619,168164,190439,180320,231708,61729,112145,2704152,1309625,392210,183363,794194,256570,57833,322,256
2021-06-04T23:59:59+02:00,420,361,86784,84926,182438,180343,222660,233448,317017,341389,422228,435925,321113,359066,232931,297125,69468,126626,28601,29123,60013,68381,69192,90283,88382,128763,129376,151959,163930,185669,179327,230441,61681,112058,2674886,1290795,388385,182588,794073,246482,57418,322,255
2021-06-03T23:59:59+02:00,327,287,83489,81854,176703,175670,215394,227349,309301,334685,414467,429063,320076,357879,232560,296671,69412,126492,27710,28111,58120,66189,66796,87535,84748,124647,122615,145288,157576,178060,177754,228413,61568,111822,2625898,1261582,378133,177263,793645,233725,54482,320,249
2021-06-02T23:59:59+02:00,276,228,81409,79684,172619,171943,211749,224190,305717,331336,412420,427228,319667,357422,232405,296463,69384,126441,27244,27633,56993,65073,65200,86262,82688,122708,117639,140400,149690,169089,177034,227457,61483,111653,2597100,1229358,376747,175292,793616,230104,53588,317,243
2021-06-01T23:59:59+02:00,177,160,77142,75858,164327,165374,202376,216439,296611,323448,404213,419384,318148,355802,231861,295718,69269,126210,25693,26217,52680,62119,60360,82971,77266,118203,110208,133182,138586,155677,174931,224724,61275,111229,2538324,1179215,365089,171181,792848,218304,46707,315,238
2021-05-31T23:59:59+02:00,155,143,74393,73372,158661,161053,195059,210460,289215,317060,398462,414414,317145,354688,231471,295192,69179,126039,24779,25157,50054,59898,57189,80429,73661,114924,105702,128732,134434,150767,173559,222999,61105,110897,2497856,1156779,355690,168842,792201,207889,40855,314,236
2021-05-30T23:59:59+02:00,143,135,73328,72286,156170,158996,192412,208063,286400,314490,396539,412655,316778,354261,231310,294948,69141,125958,24175,24368,48463,58168,55447,78573,71430,112356,103040,125864,132278,148241,172765,222061,61011,110686,2481737,1147005,353168,167535,791564,196483,37981,313,232
2021-05-29T23:59:59+02:00,140,133,72718,71693,154659,157594,190112,206032,284560,312902,395700,411881,316557,354016,231230,294868,69130,125939,23852,23843,47543,56670,54106,76695,69504,109506,100722,123064,129473,144817,172113,221153,60984,110634,2467836,1133388,353006,167469,791496,185937,37961,313,231
2021-05-28T23:59:59+02:00,136,130,71627,70576,152265,155334,186449,202491,281289,309764,393841,410111,316144,353512,231081,294652,69111,125882,23321,22841,45936,54544,52278,74132,67459,105544,96392,117165,125094,139762,171138,219844,60937,110520,2444001,1110762,351956,167256,791283,171380,37582,312,228
2021-05-27T23:59:59+02:00,125,120,68312,67558,145777,150393,178254,196234,274893,304600,387521,404422,314874,352055,230614,294118,69039,125697,21999,21155,42680,51494,48397,70310,62906,99526,90030,109649,121160,135136,168339,216141,60764,110206,2399379,1082314,344329,164513,789456,151279,31854,312,223
2021-05-26T23:59:59+02:00,121,117,66155,65380,140818,146308,172150,191160,268138,298926,380773,397718,313349,350443,230123,293414,68936,125484,21256,20238,40856,49356,46042,67577,59866,95731,85432,104528,116174,129411,164546,210802,60554,109778,2362040,1050374,331123,162935,787631,139784,29120,311,222
2021-05-25T23:59:59+02:00,120,110,64124,63387,136610,142816,167092,186865,261070,292643,375348,392328,312049,349014,229708,292764,68852,125306,20677,19573,39455,47837,44206,65561,57387,92729,81347,100152,111237,123722,159009,203556,60382,109471,2324427,1018834,323606,159511,785088,130543,27483,307,216
2021-05-24T23:59:59+02:00,117,108,62880,62172,133853,140706,163808,184451,254114,286652,370414,387643,311218,348093,229420,292376,68780,125176,20335,19166,38436,46763,42860,64072,55709,90714,79111,97640,109811,122065,158401,202764,60269,109269,2300671,1009465,312485,158210,783282,123848,25935,306,212
2021-05-23T23:59:59+02:00,112,108,62382,61656,132753,139810,162612,183415,252870,285631,368827,386212,310598,347433,229247,292148,68760,125140,20103,18979,37885,46207,42103,63370,54543,89715,77621,96274,108634,120667,157423,201542,60198,109127,2289162,1001276,311897,155127,783238,122253,25807,306,210
2021-05-22T23:59:59+02:00,109,106,61686,61035,131264,138738,160237,181791,249900,283343,366346,383987,310066,346839,229070,291882,68733,125090,19784,18559,37274,45605,41462,62838,53886,88989,76850,95129,107084,118864,156650,200573,60171,109073,2271185,994571,311882,155123,783196,118822,24343,306,210
2021-05-21T23:59:59+02:00,105,102,60354,59592,128354,136142,156949,178469,244660,278577,360249,378298,309133,345744,228774,291485,68672,124982,19423,18192,36660,44835,40810,61785,52933,87594,75125,92825,103841,114912,155510,199122,60079,108898,2235102,981538,310241,154797,781618,112219,24059,303,208
2021-05-20T23:59:59+02:00,98,100,57302,56797,122612,131262,150012,172153,234340,269818,351214,370007,306593,342995,228007,290472,68540,124762,18125,17256,34479,42588,38355,58884,50118,83818,71190,88326,99715,110262,153048,196108,59897,108542,2177062,962233,303577,152846,775650,94532,21161,295,208
2021-05-19T23:59:59+02:00,97,98,55088,54604,117603,126581,142838,165533,223794,260457,340654,359095,303946,340122,227256,289418,68389,124485,17544,16468,33253,40999,36946,56823,48105,81036,67948,84745,95829,105780,149423,191379,59635,108051,2111099,938818,297320,150865,772656,85019,19330,294,194
2021-05-18T23:59:59+02:00,92,93,52990,52641,112814,122320,136456,159958,212219,250082,330772,349295,301273,337151,226370,288213,68237,124231,17025,15863,32040,39536,35590,55027,46295,78623,65059,81516,91823,101247,146229,187318,59422,107616,2051197,918578,287949,148007,769056,76362,17346,289,194
2021-05-17T23:59:59+02:00,89,90,51956,51648,110478,120262,133638,157301,205691,244062,323192,342208,299476,335177,225779,287389,68130,124018,16569,15414,30988,38490,34419,53737,44813,76822,62796,79120,86985,95379,144765,185431,59271,107301,2024373,906873,275638,140536,765625,69669,15284,287,191
2021-05-16T23:59:59+02:00,88,87,51168,50991,109034,118936,131897,155639,202719,241378,315757,335249,298457,334045,225469,286902,68078,123920,16285,15039,30238,37708,33546,52816,43745,75509,61463,77645,83566,91302,143973,184353,59184,107161,2009038,900787,265203,133756,762376,65522,13529,285,187
2021-05-15T23:59:59+02:00,88,87,50629,50357,108036,117948,130884,154527,200784,239443,312186,332039,297835,333359,225273,286631,68058,123856,16145,14875,29984,37401,33261,52385,43257,74863,60613,76663,82969,90485,143457,183685,59148,107114,1992841,895548,265184,133609,761505,64391,12819,283,186
2021-05-14T23:59:59+02:00,87,87,49368,48932,105779,115848,127293,151073,192575,232371,305868,326155,296855,332220,224988,286182,68011,123761,15647,14445,29198,36581,32491,51194,42178,73079,59048,74708,81065,87998,142843,182698,59108,107028,1955569,885896,263483,132736,756946,58965,11772,281,185
2021-05-13T23:59:59+02:00,83,86,47447,46985,101934,112617,122584,146958,182547,223788,295254,316332,293884,328795,224177,285040,67911,123554,14782,13998,28342,35884,31729,50291,41232,71984,57540,73141,77284,83645,140079,179088,58998,106812,1903948,873341,254869,125681,750708,55109,10755,277,182
2021-05-12T23:59:59+02:00,81,84,46533,46278,100015,111187,120521,145299,179999,221679,290520,311004,292719,327527,223937,284719,67873,123469,14617,13848,28022,35665,31327,50001,40786,71609,56999,72574,75940,82019,139300,177954,58912,106652,1880871,867600,252704,123888,750219,54838,9955,271,181
2021-05-11T23:59:59+02:00,77,78,44284,44802,95986,108109,114715,140571,166628,210405,278871,300244,289317,323616,222980,283314,67723,123169,14189,13280,27012,34237,30192,48193,39480,69330,55280,70307,72853,78431,137944,176120,58753,106293,1822004,855311,243001,121194,741703,46966,8477,267,178
2021-05-10T23:59:59+02:00,76,74,43031,43828,93384,106100,111455,137940,158240,203377,270992,293137,287139,321166,222406,282451,67599,122927,13847,12836,26249,33251,29396,46933,38483,67472,54051,68575,70765,75874,136797,174610,58633,106004,1786439,846440,236956,120141,734720,39754,7501,263,170
2021-05-09T23:59:59+02:00,75,74,41908,43057,90701,104344,108789,136171,153231,199958,265467,288189,285900,319780,222029,281922,67533,122781,13532,12618,25554,32581,28660,46129,37687,66510,53113,67627,69533,74472,136199,173775,58578,105873,1767114,841857,229853,119160,728722,34971,6511,259,168
2021-05-08T23:59:59+02:00,74,74,41617,42755,89856,103615,107695,135315,151784,198743,262907,286124,285399,319238,221910,281743,67517,122749,13430,12557,25426,32488,28515,46000,37498,66315,52773,67309,68566,73547,135130,172411,58531,105780,1755080,837244,229342,118413,728499,34193,6498,240,152
2021-05-07T23:59:59+02:00,72,73,40692,42038,87922,102277,104869,133104,147159,194935,256653,280615,284060,317638,221562,281285,67464,122626,12683,12074,24600,31751,27749,44937,36635,65052,51585,65796,66317,70862,132904,169590,58441,105602,1729296,827575,226132,116142,724372,27390,5543,237,149
2021-05-06T23:59:59+02:00,68,72,38046,40313,83168,98820,98874,128345,136970,186420,240195,266197,278932,311841,220277,279596,67289,122309,11995,11557,23658,30644,26751,43587,35277,63048,49847,63818,63827,67735,130791,166825,58326,105384,1663707,816477,216216,113028,713469,19008,4628,226,148
2021-05-05T23:59:59+02:00,66,69,36158,39115,79506,96233,94269,124697,129143,179886,225430,252147,272744,304694,218700,277602,67043,121786,11760,11282,23118,29918,26148,42664,34351,61648,48694,62406,61213,64625,127848,163125,58228,105133,1597461,804197,211137,109459,707417,15025,3553,226,144
2021-05-04T23:59:59+02:00,66,67,35054,38007,76783,93911,90763,121654,123578,175150,214803,241865,267250,298245,217257,275756,66834,121317,11598,11078,22713,29377,25690,41888,33631,60558,47582,61130,58494,61444,125481,160192,58078,104897,1548385,792311,206017,106821,701335,11874,2899,224,142
2021-05-03T23:59:59+02:00,65,65,34185,36952,74491,92092,87886,119301,119136,171502,208138,235856,263967,294372,216454,274664,66713,121021,11352,10805,22319,28798,25206,41187,32944,59591,46559,59989,55709,58106,121705,155294,57821,104460,1516586,776462,202906,105106,696396,9112,1240,222,139
2021-05-02T23:59:59+02:00,65,65,33833,36633,73315,91189,86416,118207,116708,169635,205036,233342,263006,293281,216165,274249,66644,120911,11280,10733,22129,28585,24976,40900,32602,59185,46105,59513,54517,56643,118640,151608,57737,104330,1505967,771439,200106,99544,692520,8208,370,221,135
2021-05-01T23:59:59+02:00,64,65,33516,36259,72553,90395,85342,117166,115237,168271,201952,230310,262316,292457,215955,273969,66633,120872,11266,10717,22076,28555,24916,40862,32540,59128,46021,59437,54275,56351,118481,151412,57728,104313,1490872,770129,200099,99504,692255,8159,364,220,135
2021-04-30T23:59:59+02:00,61,63,32972,35659,71344,89172,83881,115434,111457,164702,194552,223188,260322,290089,215507,273361,66573,120766,10944,10522,21714,28276,24639,40437,32215,58564,45558,58803,53377,55186,117529,150225,57673,104193,1457965,766448,199773,97512,691455,5812,165,217,131
2021-04-29T23:59:59+02:00,59,61,31472,34711,68419,87143,80243,112832,106344,160589,181731,211639,252386,280983,214309,271727,66438,120420,10638,10308,21238,27828,24208,39937,31628,57821,44749,57869,51541,52992,115681,147989,57573,103998,1403045,757612,192494,94829,686080,3494,144,208,129
2021-04-28T23:59:59+02:00,58,59,30235,34099,66548,85832,77761,111010,102914,157734,172042,202469,241526,268380,213029,270041,66241,120092,10453,10149,20940,27475,23844,39467,31204,57164,44022,57044,49415,50374,113099,144753,57450,103785,1350387,748060,189127,90277,680701,2269,114,201,125
2021-04-27T23:59:59+02:00,55,58,29476,33415,64972,84368,75751,109201,100155,155335,167317,197743,233023,258568,211879,268425,66121,119869,10328,10038,20659,27186,23608,39133,30843,56668,43338,56352,47410,47828,110460,141321,57333,103585,1316353,738252,186819,86265,672703,1547,113,195,120
2021-04-26T23:59:59+02:00,54,58,29047,33030,63870,83485,74250,108035,97870,153622,158694,189725,228834,253724,211168,267428,66028,119669,10233,9949,20444,26999,23372,38915,30547,56329,42718,55773,45603,45677,108566,138837,57237,103431,1287389,730281,185374,83161,665973,1166,109,191,118
2021-04-25T23:59:59+02:00,54,57,28795,32791,63095,82962,73187,107299,96142,152394,153306,184851,224500,248838,210578,266648,65961,119546,10178,9915,20366,26923,23286,38833,30436,56203,42558,55614,45191,45183,107885,137930,57209,103360,1274626,728621,179232,81398,657290,1035,106,190,115
2021-04-24T23:59:59+02:00,54,56,28453,32365,62156,81740,72001,105853,94594,150737,148402,179705,221712,245505,210108,265974,65927,119496,10163,9897,20325,26881,23234,38767,30355,56117,42409,55477,44946,44874,107635,137636,57188,103332,1249767,727535,179203,80697,656008,991,105,190,112
2021-04-23T23:59:59+02:00,52,56,27707,31740,60586,80231,70210,103834,91997,148093,143621,175310,217159,239959,209452,264985,65864,119381,10110,9834,20216,26795,23103,38617,30120,55908,42045,55144,44328,44117,106573,136350,57032,103057,1224891,724184,178022,78218,647459,939,104,187,107
2021-04-22T23:59:59+02:00,50,55,27092,31140,59049,78794,67744,101618,87873,144602,135580,167821,208118,228951,207409,262352,65665,118982,9985,9738,19966,26496,22748,38183,29604,55394,41288,54504,43159,42793,104581,133901,56803,102659,1183342,716705,170572,74275,639116,815,104,182,105
2021-04-21T23:59:59+02:00,50,53,26599,30618,57722,77690,65860,99985,84831,141962,128390,161002,195039,213603,205258,259463,65439,118555,9854,9652,19735,26247,22461,37858,29252,54944,40735,53973,42311,41774,102393,131117,56548,102248,1131835,710160,167687,70193,632734,743,104,175,104
2021-04-20T23:59:59+02:00,49,52,26174,30147,56564,76546,64185,98404,82283,139386,123305,155933,183563,200142,202828,256323,65200,118124,9751,9561,19516,26059,22168,37589,28841,54532,40195,53440,41495,40841,100175,128128,56209,101711,1089181,702611,164203,66941,625960,663,102,173,96
2021-04-19T23:59:59+02:00,49,51,25807,29790,55592,75724,62898,97225,80156,137458,119782,152547,177809,193296,201119,254083,65014,117790,9641,9468,19284,25839,21923,37315,28525,54140,39682,52911,40698,39930,97075,124162,55804,100998,1064606,692260,162371,64516,619352,624,101,167,96
2021-04-18T23:59:59+02:00,48,46,25499,29530,54822,75179,61773,96276,78299,136028,116417,150151,172699,187738,200108,252851,64902,117596,9567,9393,19095,25665,21746,37147,28307,53860,39422,52658,40368,39540,95859,122615,55621,100698,1050604,688376,160701,62581,608790,609,101,165,95
2021-04-17T23:59:59+02:00,47,45,25390,29438,54450,74983,61257,95922,77645,135428,115571,149409,168446,182849,199573,252125,64868,117531,9522,9334,18957,25478,21557,36917,28080,53584,39157,52389,40067,39218,95095,121687,55556,100614,1039715,684354,160673,62266,604721,597,101,165,95
2021-04-16T23:59:59+02:00,47,45,25016,29190,53460,74373,59969,95042,76019,134096,111420,145263,160800,174069,197916,249919,64759,117322,9314,9159,18562,25047,20976,36341,26967,52679,37130,50784,36744,36281,91900,118158,55153,99959,1013783,669256,159881,55341,595191,562,101,164,93
2021-04-15T23:59:59+02:00,43,41,24539,28737,52204,73204,58004,93311,72746,131250,105948,139972,152926,165082,193258,244043,64461,116702,9140,8996,18193,24622,20483,35681,26287,51884,35736,49552,34628,34234,88783,114420,54645,99101,981535,656138,157824,49744,577240,510,100,162,91
2021-04-14T23:59:59+02:00,41,37,24198,28412,51267,72263,56663,91918,70357,129087,101953,136201,143720,154691,185516,234152,64118,116034,8733,8723,17719,24114,19946,35036,25372,51005,34445,48429,32580,32074,85800,110773,54154,98240,943645,641232,155150,45509,561962,411,99,157,90
2021-04-13T23:59:59+02:00,41,37,23961,28195,50569,71725,55719,91089,68721,127673,98222,132763,131877,141559,179119,225816,63780,115445,8498,8551,17373,23708,19525,34495,24705,50210,33377,47412,31195,30709,83643,108391,53797,97696,910358,631894,150630,41113,545452,288,99,155,88
2021-04-12T23:59:59+02:00,40,36,23752,28005,50013,71211,54852,90356,67251,126383,95589,130436,124757,133515,175888,221861,63508,114954,8261,8364,17009,23410,19154,34059,24232,49673,32709,46786,29664,29167,81980,106448,53471,97175,893926,623444,149085,37854,529526,274,97,152,86
2021-04-11T23:59:59+02:00,39,36,23578,27843,49488,70787,54120,89899,66104,125578,93727,128955,119265,127499,171967,217252,63338,114656,8127,8229,16712,23130,18836,33749,23873,49292,32260,46398,29027,28498,80959,105199,53262,96855,886442,618140,144670,36025,513152,256,93,150,83
2021-04-10T23:59:59+02:00,39,36,23517,27785,49321,70650,53920,89740,65774,125308,93201,128518,117180,124970,170526,215401,63296,114556,7539,7623,15821,22341,17872,32904,22749,48254,31149,45400,28363,27784,78864,102592,52995,96419,879441,602790,143813,35643,510620,251,88,150,83
2021-04-09T23:59:59+02:00,38,36,23270,27535,48819,70159,53279,89055,64775,124183,91373,126607,108338,114016,167138,210991,63097,114198,6579,6722,14289,21012,16139,31335,20602,46283,28931,43384,26576,25958,75359,98413,52449,95579,860005,575259,136746,34129,500299,239,80,143,77
2021-04-08T23:59:59+02:00,38,36,22973,27289,48239,69668,52521,88350,63465,123097,88947,124436,98015,102007,161579,204118,62756,113615,5933,6129,13100,19992,14877,29992,18961,44559,26423,41040,23543,22975,70699,92631,51305,93829,841258,543615,127827,32185,482217,209,70,141,77
2021-04-07T23:59:59+02:00,36,35,22660,27064,47435,69211,51594,87736,62074,122112,85801,121988,88820,91695,154566,195322,62462,113053,5553,5804,12438,19318,14058,29163,17915,43507,24508,39140,21003,20448,66739,87861,50309,92213,820829,520120,122226,29701,460768,179,63,137,76
2021-04-06T23:59:59+02:00,35,35,22447,26903,46905,68830,51003,87212,61041,121335,83687,120240,81054,82882,148201,187354,62119,112424,5359,5645,12086,18961,13705,28730,17379,42943,23642,38329,19875,19416,63576,83762,49385,90830,801546,506734,119009,26753,443315,167,58,133,73
2021-04-05T23:59:59+02:00,35,34,22348,26778,46594,68484,50616,86810,60494,120643,82501,119084,76571,77782,143187,181244,61918,112108,5220,5506,11823,18709,13411,28418,17056,42570,23197,37868,19411,18945,60690,80206,48686,89763,792094,497390,117254,23959,428046,162,55,131,73
2021-04-04T23:59:59+02:00,35,34,22300,26719,46473,68216,50446,86495,60212,120140,81991,118452,75125,76074,142481,180270,61881,112026,5216,5499,11805,18696,13399,28402,17037,42553,23099,37796,19004,18622,59252,78358,48479,89452,789551,492594,117146,23957,422843,155,51,128,71
2021-04-03T23:59:59+02:00,35,34,22238,26638,46350,68107,50283,86320,59896,119827,81422,117871,73779,74438,141363,178733,61798,111877,5207,5490,11792,18678,13376,28382,17003,42506,22993,37722,18867,18471,58901,77796,48390,89305,783180,490805,117104,23957,420895,155,50,127,71
2021-04-02T23:59:59+02:00,35,34,22160,26555,46190,67941,50064,86071,59426,119376,80543,117056,72223,72551,139081,175746,61601,111517,5188,5452,11744,18635,13320,28299,16914,42357,22718,37243,18508,18106,56555,74904,47574,88199,774050,482302,115329,23301,418965,155,46,124,69
2021-04-01T23:59:59+02:00,32,32,21965,26351,45772,67419,49416,85327,58549,118433,78652,115380,68950,69114,134982,170549,61275,110935,5041,5308,11472,18370,13097,28063,16591,42048,22213,36799,17688,17361,51701,68863,45894,85740,762337,464223,109218,21930,411755,142,41,121,68
2021-03-31T23:59:59+02:00,32,32,21638,26133,45370,66894,48917,84676,57815,117493,77490,114136,66901,66793,130215,164426,60870,110204,4963,5257,11373,18248,12936,27912,16350,41777,21618,36287,16556,16456,46479,62434,44511,83754,752542,445846,102046,20983,405631,138,36,118,62
2021-03-30T23:59:59+02:00,32,31,21460,25910,44968,66275,48410,83877,57103,116440,76350,112756,65056,64765,125826,158668,60401,109303,4896,5172,11269,18122,12744,27722,16023,41452,21041,35737,15723,15653,43713,59018,43393,81952,742331,433961,97811,19618,397680,109,32,113,61
2021-03-29T23:59:59+02:00,31,31,21262,25672,44507,65725,47933,83184,56366,115360,75118,111321,62565,62013,119070,150017,59629,107907,4799,5099,11164,18008,12590,27556,15776,41129,20584,35268,15071,15112,41126,56032,42285,80130,721759,422756,94379,18939,391765,94,30,112,60
2021-03-28T23:59:59+02:00,31,31,21055,25380,44007,65038,47416,82441,55685,114352,74175,110213,61302,60577,114358,144031,59185,107149,4744,5040,11019,17861,12331,27257,15584,40882,20416,35035,14831,14868,40044,54609,41937,79591,715211,418432,87057,17608,384350,72,30,111,57
2021-03-27T23:59:59+01:00,31,31,20935,25223,43715,64672,47048,81912,55184,113662,73500,109474,60141,59490,112871,142316,59118,107067,4731,5028,10992,17842,12313,27227,15223,40453,20016,34599,14538,14656,39557,53920,41462,78773,709916,414373,86354,16953,380309,67,30,111,57
2021-03-26T23:59:59+01:00,31,30,20682,24709,42909,62963,46076,79885,53842,110629,71480,105846,58117,57598,110113,139068,58789,106548,4712,4995,10968,17790,12243,27135,15145,40343,19675,34003,14067,14004,36483,50078,39404,75526,698479,399846,83032,16734,367992,54,27,110,57
2021-03-25T23:59:59+01:00,31,28,20250,24036,42035,61195,44978,77332,52326,107095,69082,102073,55518,54958,106800,135093,58218,105553,4666,4939,10877,17687,12121,26989,14961,40122,19398,33696,13590,13513,32626,45024,36406,70987,687035,381480,78831,16135,350925,49,24,108,57
2021-03-24T23:59:59+01:00,31,28,19846,23588,41250,59924,43960,75793,50947,105163,66979,99738,52725,52037,102540,129986,57578,104475,4611,4873,10784,17544,11953,26786,14729,39838,19030,33277,13131,13059,30053,41811,33288,66149,674207,365908,73942,15034,338634,42,19,106,56
2021-03-23T23:59:59+01:00,31,28,19598,23286,40691,59009,43233,74697,49910,103647,65308,97875,50423,49681,99779,126771,57017,103632,4551,4803,10685,17418,11806,26602,14483,39525,18611,32889,12628,12553,27614,38714,29615,60251,666059,348329,70585,14445,328170,41,18,102,56
2021-03-22T23:59:59+01:00,31,28,19374,22871,40051,58126,42567,73656,48963,102258,63830,96236,48581,47786,97377,124014,56544,102857,4492,4756,10597,17302,11675,26423,14324,39283,18369,32587,12315,12178,25777,36360,25653,53868,659733,332093,67770,13891,317847,38,18,98,55
2021-03-21T23:59:59+01:00,31,28,19235,22612,39557,57373,42018,72810,48308,101101,62884,95000,47529,46756,95724,122160,56173,102278,4476,4747,10561,17254,11628,26337,14264,39193,18287,32488,12194,12046,25346,35911,25300,53309,657153,329894,65735,13476,308887,37,16,96,53
2021-03-20T23:59:59+01:00,30,28,19175,22467,39346,56878,41777,72249,47997,100464,62444,94396,46873,45990,93121,118929,55885,101791,4467,4739,10552,17242,11600,26320,14221,39156,18205,32413,12035,11885,24704,35136,24538,52221,650679,326176,65286,13287,304071,37,16,96,53
2021-03-19T23:59:59+01:00,29,27,18821,21901,38211,54749,40495,70249,46256,98372,59554,91632,42411,42110,87897,113155,55183,100710,4446,4725,10519,17191,11535,26208,14129,38984,17969,32114,11681,11602,23033,33075,22852,49660,632874,316832,58063,12925,291023,31,16,89,53
2021-03-18T23:59:59+01:00,29,26,18425,21250,37030,52591,38952,67454,44093,93892,55699,85829,38365,38297,83156,107666,54094,99049,4426,4697,10453,17088,11457,26053,13978,38795,17752,31910,11446,11418,21785,31561,21139,47061,615893,308743,52310,12312,267886,28,16,89,52
2021-03-17T23:59:59+01:00,29,25,18002,20896,36305,51670,38183,66497,43009,92535,53904,83992,35680,35501,79120,102823,53148,97568,4403,4671,10390,16992,11383,25919,13865,38606,17552,31716,11208,11193,20542,30146,19549,44661,599153,301229,47895,11603,262025,25,16,88,52
2021-03-16T23:59:59+01:00,28,25,17644,20477,35558,50600,37366,65296,41906,90853,52053,81998,33463,33476,75075,97866,52263,96251,4353,4621,10317,16864,11292,25765,13766,38369,17418,31470,11037,11012,19258,28624,18065,42335,585841,293434,43195,11169,253347,25,12,86,52
2021-03-15T23:59:59+01:00,28,25,17364,20112,34843,49617,36573,64104,41001,89369,50789,80396,31733,31632,71783,93767,51566,95115,4331,4586,10250,16741,11225,25564,13650,38081,17269,31197,10869,10852,18523,27658,16805,40473,574688,287602,39864,10519,245455,25,1,84,52
2021-03-14T23:59:59+01:00,28,24,17094,19684,33986,48402,35669,62780,39939,87539,49526,78663,30562,30394,69782,91202,51121,94438,4307,4567,10205,16664,11168,25421,13590,37859,17178,31033,10797,10764,18343,27377,16543,39911,567560,286399,37979,9385,235484,16,0,80,52
2021-03-13T23:59:59+01:00,28,24,16279,18619,32485,46364,34091,60639,37893,84454,47389,76104,29204,29039,67763,88572,50852,94045,4307,4567,10203,16658,11165,25414,13581,37852,17172,31024,10760,10732,17594,26486,15483,38443,551170,282112,37693,9384,225155,16,0,80,52
2021-03-12T23:59:59+01:00,27,24,15175,17240,30036,43707,31411,57484,35022,79580,44163,71623,26355,25839,63438,83254,49866,92636,4294,4534,10184,16596,11147,25363,13534,37734,17078,30893,10483,10505,16706,25237,14409,36918,523004,276297,36380,9373,207659,13,0,78,51
2021-03-11T23:59:59+01:00,26,24,14130,15771,27781,41009,29086,54284,32428,75179,40396,66709,22937,22346,57402,75909,47925,89788,4253,4494,10104,16477,11036,25138,13416,37423,16912,30589,10175,10291,16070,24393,13738,35643,490802,272286,34782,7929,187691,10,0,76,46
2021-03-10T23:59:59+01:00,26,24,13534,15069,26369,39388,27427,52459,30856,72859,37864,63575,20175,19784,51473,68748,46369,87448,4219,4450,10004,16310,10918,24889,13268,37003,16713,30215,9937,10107,15326,23620,13079,34616,464301,267551,32726,7184,176565,9,0,72,46
2021-03-09T23:59:59+01:00,25,23,13251,14601,25243,38344,26006,51270,29787,71199,36484,61738,18985,18655,47949,64293,45240,85651,4195,4424,9919,16143,10813,24629,13115,36682,16536,29976,9812,10005,14660,22782,12583,33840,450643,263825,30191,6351,168042,9,0,72,44
2021-03-08T23:59:59+01:00,24,23,12920,13992,24161,37230,24730,50130,28846,69713,35245,60116,17900,17770,43814,59294,44009,83659,4180,4388,9858,15944,10711,24368,12982,36323,16407,29711,9728,9921,14165,22177,12267,33401,435124,260641,28183,5958,160398,3,0,71,43
2021-03-07T23:59:59+01:00,24,23,12687,13699,23567,36380,24029,49253,28244,68842,34634,59356,17637,17519,42742,57839,43641,83095,4168,4375,9836,15902,10684,24295,12949,36153,16350,29597,9706,9891,13967,21922,12130,33199,430348,259578,26367,5618,156622,0,0,70,41
2021-03-06T23:59:59+01:00,24,22,12574,13407,23165,35646,23498,48465,27191,67311,33534,57593,17248,17189,42095,56947,43339,82626,4165,4361,9825,15876,10666,24261,12939,36111,16332,29566,9688,9850,13920,21884,12027,32988,426274,259198,26303,5334,149420,0,0,70,40
2021-03-05T23:59:59+01:00,24,22,12161,12804,22482,34440,22812,47232,26434,65678,32295,55168,16596,16352,38626,52632,41177,79179,4138,4314,9755,15776,10614,24111,12870,35915,16245,29359,9592,9780,13734,21668,11655,32376,411060,257493,24834,4483,140336,0,0,70,38
2021-03-04T23:59:59+01:00,22,22,11401,11793,21293,32710,21590,45176,25073,63023,30589,52803,15861,15631,34611,47461,38090,74486,4088,4223,9642,15482,10509,23753,12737,35381,16101,28957,9413,9626,13575,21457,11570,32231,392574,254431,22739,4390,126435,0,0,70,34
2021-03-03T23:59:59+01:00,19,22,11091,11295,20602,31487,20813,43810,24158,61270,29538,51155,15372,15125,31992,44132,35000,69708,4048,4160,9561,15312,10430,23501,12631,34958,15923,28611,9225,9499,13449,21242,11424,31960,377066,251790,21943,4221,117694,0,0,65,32
2021-03-02T23:59:59+01:00,19,22,10829,10868,19955,30516,20095,42786,23371,59879,28559,49871,14740,14477,29304,40756,31106,63482,4000,4088,9499,15146,10361,23236,12527,34525,15822,28304,9099,9395,13311,21053,11347,31815,358825,249383,20424,4220,111494,0,0,64,32
2021-03-01T23:59:59+01:00,15,21,10655,10606,19442,29710,19528,41898,22780,58806,27839,48744,14316,14022,27225,38165,26844,56590,3984,4038,9444,14991,10298,22937,12446,34149,15714,27981,9014,9333,13128,20783,11231,31632,341552,246957,19309,4220,106449,0,0,64,32
2021-02-28T23:59:59+01:00,14,21,10487,10403,18970,29060,18993,41157,22299,57950,27349,47946,14107,13780,26608,37503,26438,55987,3968,4024,9419,14957,10279,22886,12429,34079,15686,27935,8987,9309,12996,20603,11168,31482,339083,246099,18442,4183,101649,0,0,64,31
2021-02-27T23:59:59+01:00,14,20,10308,9888,18641,28190,18734,40364,22013,56964,27017,47148,13829,13478,25937,36695,25515,54567,3956,4012,9397,14936,10247,22838,12390,33997,15641,27861,8965,9294,12977,20581,11146,31462,335159,245741,17718,4034,96545,0,0,64,31
2021-02-26T23:59:59+01:00,13,19,9510,9099,17735,26743,17946,38148,21082,54104,25555,44318,13359,13076,24343,34703,23986,52259,3875,3944,9319,14775,10173,22583,12308,33630,15524,27566,8885,9213,12910,20513,11105,31393,326012,243832,17464,3960,82616,0,0,64,29
2021-02-25T23:59:59+01:00,13,19,8350,8245,16407,25131,16675,35878,19835,51205,23837,41522,12878,12670,23059,33108,22485,49972,3753,3799,9157,14459,9951,21978,12053,32774,15196,26911,8687,9060,12646,20187,10964,31123,318359,239679,16675,3097,66344,0,0,63,27
2021-02-24T23:59:59+01:00,12,18,7984,7721,15748,24092,16044,34639,19120,49686,23036,40316,12477,12333,21746,31602,20803,47344,3681,3732,9017,14167,9773,21523,11850,32147,14933,26372,8545,8923,12503,20014,10899,30912,310079,236902,15696,2164,59032,0,0,63,27
2021-02-23T23:59:59+01:00,12,18,7500,7241,14928,22914,15355,33413,18398,48274,22313,39243,12167,12004,20396,30022,19184,44779,3640,3656,8897,13964,9635,21124,11660,31566,14633,25870,8374,8781,12374,19803,10829,30680,301929,234061,14883,1500,51432,0,0,62,26
2021-02-22T23:59:59+01:00,11,16,7392,7034,14543,22294,15003,32685,17931,47263,21818,38508,11965,11752,19641,29008,17864,42823,3610,3553,8760,13671,9471,20622,11405,30821,14257,25273,8126,8587,12173,19551,10723,30377,296034,230741,14270,313,47330,0,0,60,26
2021-02-21T23:59:59+01:00,11,16,7302,6909,14219,21848,14581,32100,17513,46609,21377,38011,11858,11650,19478,28795,17617,42488,3571,3513,8676,13548,9394,20406,11333,30529,14132,25002,8063,8525,12117,19442,10652,30214,294883,228890,13898,299,43682,0,0,58,26
2021-02-20T23:59:59+01:00,11,16,7185,6859,14093,21768,14465,31964,17394,46458,21219,37830,11759,11565,18693,27872,16545,41000,3568,3507,8666,13540,9383,20385,11319,30504,14119,24991,8058,8516,12052,19378,10597,30145,290585,228503,13700,298,42489,0,0,58,25
2021-02-19T23:59:59+01:00,8,15,6880,6607,13738,21327,14093,31293,16917,45660,20511,36957,11155,11163,17643,26535,15384,39386,3488,3484,8590,13512,9340,20328,11281,30411,14060,24896,8015,8455,11830,19107,10404,29814,284173,226793,13324,296,37851,0,0,55,24
2021-02-18T23:59:59+01:00,8,15,6481,6131,13111,20181,13448,29914,16100,43786,19634,35377,10923,10944,17046,25776,14805,38499,3302,3347,8255,12970,9046,19576,10929,29364,13691,24067,7810,8146,11242,18153,9906,28660,280572,218242,12742,296,28939,0,0,55,23
2021-02-17T23:59:59+01:00,8,14,6315,5787,12664,19300,12954,28723,15398,42061,18986,34047,10693,10691,16287,24961,14027,37308,3053,3187,7915,12454,8744,18784,10559,28319,13296,23216,7575,7910,10684,17299,9466,27841,275889,210078,12010,294,22393,0,0,55,23
2021-02-16T23:59:59+01:00,8,14,5989,5486,12123,18465,12447,27645,14852,40678,18391,33007,10538,10587,15615,24127,13517,36519,2870,3067,7612,11999,8438,18060,10163,27227,12830,22316,7305,7615,9964,16123,8739,26288,272344,200546,11511,138,16221,0,0,53,23
2021-02-15T23:59:59+01:00,8,14,5883,5305,11826,17821,12178,26862,14504,39683,18039,32235,10409,10474,15050,23468,13154,35978,2780,2986,7419,11675,8219,17553,9861,26380,12479,21632,7023,7329,9262,15064,8224,25006,269223,192869,10905,92,12833,0,0,51,22
2021-02-14T23:59:59+01:00,8,14,5613,5190,11576,17550,11953,26426,14269,39235,17846,31958,10364,10422,14814,23128,12987,35584,2730,2948,7305,11509,8090,17347,9685,26048,12300,21330,6927,7205,9040,14680,8036,24470,268215,189628,9967,90,10827,0,0,48,22
2021-02-13T23:59:59+01:00,8,14,5553,5152,11526,17513,11922,26394,14241,39203,17826,31939,10348,10394,14787,23095,12973,35566,2726,2945,7300,11502,8078,17325,9669,26011,12273,21287,6897,7171,8885,14466,7683,23842,267969,188117,9962,11,10596,0,0,47,21
2021-02-12T23:59:59+01:00,8,13,5034,4834,10954,17149,11604,25839,13921,38553,17492,31293,10234,10286,14603,22879,12892,35456,2676,2912,7206,11344,7977,17094,9519,25618,12056,20840,6715,6938,8523,13903,7089,22500,266260,182969,9951,9,6905,0,0,46,21
2021-02-11T23:59:59+01:00,8,12,4570,4533,10364,16468,11190,25032,13440,37288,16998,30430,9916,10021,14320,22427,12607,34765,2505,2637,6606,10148,7288,15355,8652,22998,11004,18754,6058,6223,7473,12280,6270,20165,263011,164477,8302,6,3149,0,0,42,16
2021-02-10T23:59:59+01:00,8,12,4322,4365,10028,16013,10880,24488,13128,36402,16582,29678,9700,9883,14138,22222,12515,34557,2143,2344,5668,8684,6479,13309,7660,20079,9876,16715,5505,5636,6486,10615,5492,18100,260353,144854,7801,5,839,0,0,40,4
2021-02-09T23:59:59+01:00,8,11,4258,4266,9904,15745,10770,24085,12954,35780,16368,29203,9518,9741,13943,22007,12373,34326,1744,1989,4886,7413,5705,11509,6737,17549,8785,14709,4926,5004,5436,9059,4760,15998,257878,126270,7022,1,432,0,0,39,4
2021-02-08T23:59:59+01:00,8,11,4223,4211,9810,15532,10661,23724,12835,35317,16224,28843,9425,9673,13739,21721,12264,34128,1578,1793,4327,6415,5043,9926,5912,15012,7756,12848,4364,4469,4445,7454,3990,13905,255486,109293,6506,1,426,0,0,39,4
2021-02-07T23:59:59+01:00,8,11,4058,4144,9653,15394,10559,23559,12754,35053,16111,28647,9383,9628,13592,21537,12190,33983,1363,1546,3906,5742,4627,9046,5486,13851,7269,11885,4108,4207,4216,7057,3829,13308,254376,101500,5958,1,0,0,0,36,3
2021-02-06T23:59:59+01:00,8,11,4049,4135,9642,15378,10545,23523,12732,35003,16094,28590,9363,9614,13574,21502,12083,33785,1211,1350,3672,5435,4441,8620,5265,13261,6987,11327,3970,4070,4087,6907,3549,12848,254029,97052,5672,1,0,0,0,36,2
2021-02-05T23:59:59+01:00,8,9,3976,4067,9570,15234,10478,23271,12646,34633,15979,28304,9278,9539,13500,21426,11732,33188,1070,1120,3391,4990,4180,8040,4948,12477,6599,10597,3708,3822,3924,6675,3043,11956,252128,90589,4778,0,0,0,0,36,2
2021-02-04T23:59:59+01:00,8,9,3918,3942,9449,14915,10301,22721,12455,33833,15759,27737,9152,9425,13273,21128,11615,32981,805,787,2565,3737,3245,6294,3993,9928,5273,8372,3026,3110,3304,5696,2655,10464,248140,73289,4553,0,0,0,0,32,2
2021-02-03T23:59:59+01:00,8,9,3849,3870,9346,14690,10194,22382,12323,33318,15609,27313,9039,9309,13130,20951,11538,32811,669,619,1936,2821,2511,4860,3018,7630,4037,6311,2208,2241,2415,4221,1926,7843,245384,55295,4377,0,0,0,0,32,2
2021-02-02T23:59:59+01:00,8,9,3781,3774,9244,14496,10094,22000,12180,32750,15404,26859,8908,9193,13006,20737,11454,32543,530,491,1466,2084,1922,3657,2269,5803,3011,4716,1565,1543,1650,2784,1340,5219,242135,40070,4375,0,0,0,0,32,2
2021-02-01T23:59:59+01:00,7,9,3740,3682,9165,14266,9987,21615,12040,32111,15216,26351,8786,9045,12896,20593,11403,32364,394,356,1022,1440,1271,2436,1481,3804,1872,2993,992,987,976,1697,770,3027,238973,25527,4375,0,0,0,0,30,2
2021-01-31T23:59:59+01:00,7,9,3722,3647,9111,14157,9917,21410,11973,31814,15111,26152,8728,8986,12845,20481,11358,32235,364,335,900,1248,1077,2059,1280,3251,1638,2620,891,893,871,1513,699,2720,237474,22366,4260,0,0,0,0,29,2
2021-01-30T23:59:59+01:00,7,9,3721,3644,9101,14143,9903,21387,11960,31794,15099,26138,8724,8981,12776,20412,11290,32157,348,311,840,1164,1020,1935,1216,3061,1563,2483,863,867,852,1473,684,2667,237150,21353,4167,0,0,0,0,29,2
2021-01-29T23:59:59+01:00,7,9,3661,3628,9040,14112,9874,21333,11927,31715,15051,26069,8699,8957,12589,20187,11110,31914,280,227,718,989,876,1572,1058,2667,1350,2156,772,774,802,1418,666,2614,235919,18943,4037,0,0,0,0,26,2
2021-01-28T23:59:59+01:00,7,9,3542,3542,8834,13722,9654,20819,11694,31134,14722,25568,8561,8855,12151,19563,10752,31332,132,58,295,361,383,614,465,1155,614,968,408,430,471,815,382,1582,231111,9136,3426,0,0,0,0,24,1
2021-01-27T23:59:59+01:00,7,9,3311,3407,8540,13305,9352,20195,11308,30299,14324,24830,8340,8642,11597,18756,10324,30564,80,34,204,222,249,415,309,807,435,666,310,313,350,608,287,1160,224366,6451,2814,0,0,0,0,24,1
2021-01-26T23:59:59+01:00,6,9,3145,3309,8258,12962,9088,19625,11000,29539,13919,24192,8098,8417,11007,17833,9672,29407,75,30,189,212,233,381,293,755,404,602,295,287,323,545,260,1030,217588,5916,1967,0,0,0,0,24,1
2021-01-25T23:59:59+01:00,6,9,3056,3215,7975,12479,8797,18919,10613,28531,13433,23425,7805,8213,10377,17014,9212,28503,67,22,169,191,199,325,254,635,352,497,258,242,269,467,211,842,211238,5002,413,0,0,0,0,22,1
2021-01-24T23:59:59+01:00,6,9,3012,3194,7890,12401,8723,18794,10504,28371,13304,23242,7761,8176,10312,16902,9164,28407,66,21,165,187,197,311,251,614,343,483,249,238,267,460,207,827,209930,4888,310,0,0,0,0,22,1
2021-01-23T23:59:59+01:00,6,9,3011,3193,7889,12398,8719,18784,10502,28357,13298,23237,7754,8173,10188,16735,8836,27819,65,21,165,187,196,310,249,614,341,483,249,238,267,460,207,825,208669,4879,308,0,0,0,0,21,1
2021-01-22T23:59:59+01:00,6,9,2949,3147,7765,12285,8636,18642,10391,28184,13216,23122,7723,8138,9990,16431,8316,26794,65,21,164,187,196,310,249,614,340,483,249,238,267,460,207,825,205509,4877,307,0,0,0,0,18,1
2021-01-21T23:59:59+01:00,6,9,2867,2977,7266,11369,8149,17493,9850,26554,12607,21904,7434,7811,9347,15477,7791,25725,59,19,147,173,178,279,221,535,303,443,223,210,235,380,177,691,194399,4275,307,0,0,0,0,16,1
2021-01-20T23:59:59+01:00,6,9,2504,2630,6382,9957,7401,15531,8893,23712,11493,19826,6827,7155,8247,13702,6967,23485,57,19,146,168,175,277,213,521,291,421,211,203,229,355,163,653,174483,4104,304,0,0,0,0,16,1
2021-01-19T23:59:59+01:00,6,9,2063,2274,5480,8567,6538,13629,7868,20918,10210,17582,6063,6271,6856,11502,5938,20421,41,11,97,124,119,172,150,358,191,293,134,115,141,237,114,486,152025,2783,221,0,0,0,0,16,1
2021-01-18T23:59:59+01:00,5,9,1789,1983,4720,7181,5579,11381,6659,17310,8774,14861,5168,5382,5455,9236,4859,16925,22,6,38,46,52,80,66,164,77,146,60,54,66,131,62,220,127226,1290,97,0,0,0,0,16,1
2021-01-17T23:59:59+01:00,4,9,1510,1691,4206,6384,5064,10245,6116,15732,8131,13587,4824,5027,5079,8558,4528,15915,8,2,8,15,15,29,20,51,30,56,23,23,20,31,13,47,116560,390,91,0,0,0,0,15,1
2021-01-16T23:59:59+01:00,4,8,1343,1488,3988,6060,4883,9804,5853,15060,7799,12889,4632,4796,4862,8279,4169,15309,0,0,0,1,1,3,1,1,2,2,0,1,1,0,0,1,111257,13,8,0,0,0,0,14,1
2021-01-15T23:59:59+01:00,4,8,1192,1262,3734,5637,4627,9237,5562,14216,7388,12089,4337,4500,4675,7971,3633,14262,0,0,0,0,0,0,0,0,1,0,0,0,0,0,0,0,104366,0,4,0,0,0,0,14,1
2021-01-14T23:59:59+01:00,3,5,917,949,2984,4447,3760,7408,4610,11451,5978,9726,3522,3620,3923,6727,3144,12431,0,0,0,0,0,0,0,0,1,0,0,0,0,0,0,0,85630,0,0,0,0,0,0,14,1
2021-01-13T23:59:59+01:00,3,4,779,795,2510,3715,3174,6177,3834,9497,4873,7830,2637,2702,2967,5134,2409,9522,0,0,0,0,0,0,0,0,1,0,0,0,0,0,0,0,68582,0,0,0,0,0,0,13,1
2021-01-12T23:59:59+01:00,2,4,647,664,2102,3047,2615,5022,3070,7645,3844,6150,1901,1877,2038,3493,1709,6518,0,0,0,0,0,0,0,0,1,0,0,0,0,0,0,0,52374,0,0,0,0,0,0,1,1
2021-01-11T23:59:59+01:00,1,1,499,527,1752,2468,2101,4012,2375,5808,2855,4465,1224,1168,1224,2060,944,3727,0,0,0,0,0,0,0,0,1,0,0,0,0,0,0,0,37232,0,0,0,0,0,0,1,1
2021-01-10T23:59:59+01:00,1,1,441,457,1490,2040,1757,3286,1964,4818,2373,3735,1078,1038,1078,1811,843,3270,0,0,0,0,0,0,0,0,1,0,0,0,0,0,0,0,31493,0,0,0,0,0,0,1,1
2021-01-09T23:59:59+01:00,1,1,410,412,1365,1862,1611,2994,1810,4368,2186,3403,1002,966,1017,1756,825,3227,0,0,0,0,0,0,0,0,1,0,0,0,0,0,0,0,29226,0,0,0,0,0,0,1,1
2021-01-08T23:59:59+01:00,1,1,312,282,1113,1512,1330,2322,1486,3575,1807,2784,867,856,928,1633,777,3071,0,0,0,0,0,0,0,0,1,0,0,0,0,0,0,0,24665,0,0,0,0,0,0,1,1
2021-01-07T23:59:59+01:00,1,0,146,76,401,509,489,801,600,1383,788,1219,484,502,579,995,475,1955,0,0,0,0,0,0,0,0,1,0,0,0,0,0,0,0,11406,0,0,0,0,0,0,0,1
2021-01-06T23:59:59+01:00,1,0,111,44,270,285,316,523,403,939,537,839,375,382,442,780,368,1488,0,0,0,0,0,0,0,0,1,0,0,0,0,0,0,0,8106,0,0,0,0,0,0,0,1
2021-01-05T23:59:59+01:00,1,0,87,31,191,230,249,436,324,829,454,717,358,366,425,747,361,1434,0,0,0,0,0,0,0,0,1,0,0,0,0,0,0,0,7243,0,0,0,0,0,0,0,1
2021-01-04T23:59:59+01:00,1,0,69,25,174,193,205,341,260,645,359,519,282,273,305,549,244,975,0,0,0,0,0,0,0,0,1,0,0,0,0,0,0,0,5421,0,0,0,0,0,0,0,1
2021-01-03T23:59:59+01:00,1,0,67,21,168,188,200,324,258,630,349,502,274,271,301,536,242,958,0,0,0,0,0,0,0,0,1,0,0,0,0,0,0,0,5292,0,0,0,0,0,0,0,1
2021-01-02T23:59:59+01:00,1,0,67,21,168,188,200,324,255,630,346,502,274,271,301,536,242,957,0,0,0,0,0,0,0,0,1,0,0,0,0,0,0,0,5285,0,0,0,0,0,0,0,1
2021-01-01T23:59:59+01:00,1,0,66,21,167,188,200,323,254,630,343,500,274,271,301,535,242,957,0,0,0,0,0,0,0,0,1,0,0,0,0,0,0,0,5275,0,0,0,0,0,0,0,1
2020-12-31T23:59:59+01:00,1,0,66,21,167,186,200,322,253,629,342,499,274,271,301,535,242,957,0,0,0,0,0,0,0,0,1,0,0,0,0,0,0,0,5268,0,0,0,0,0,0,0,1
2020-12-30T23:59:59+01:00,1,0,65,21,167,185,198,319,253,627,342,497,274,271,301,535,241,957,0,0,0,0,0,0,0,0,1,0,0,0,0,0,0,0,5256,0,0,0,0,0,0,0,1
2020-12-29T23:59:59+01:00,1,0,46,12,119,140,149,216,185,449,241,380,185,172,207,403,179,753,0,0,0,0,0,0,0,0,1,0,0,0,0,0,0,0,3838,0,0,0,0,0,0,0,1
2020-12-28T23:59:59+01:00,1,0,25,8,64,77,85,122,103,256,119,232,99,94,103,200,103,389,0,0,0,0,0,0,0,0,1,0,0,0,0,0,0,0,2081,0,0,0,0,0,0,0,1
2020-12-27T23:59:59+01:00,0,0,12,3,17,26,40,47,37,90,38,94,32,29,40,73,32,145,0,0,0,0,0,0,0,0,0,0,0,0,0,0,0,0,755,0,0,0,0,0,0,0,0
