Datum,<15_1_m,<15_1_w,15-24_1_m,15-24_1_w,25-34_1_m,25-34_1_w,35-44_1_m,35-44_1_w,45-54_1_m,45-54_1_w,55-64_1_m,55-64_1_w,65-74_1_m,65-74_1_w,75-84_1_m,75-84_1_w,>84_1_m,>84_1_w,<15_2_m,<15_2_w,15-24_2_m,15-24_2_w,25-34_2_m,25-34_2_w,35-44_2_m,35-44_2_w,45-54_2_m,45-54_2_w,55-64_2_m,55-64_2_w,65-74_2_m,65-74_2_w,75-84_2_m,75-84_2_w,>84_2_m,>84_2_w,bp_1,bp_2,mo_1,mo_2,az_1,az_2,ja,unb_1,unb_2
2021-11-09T23:59:59+01:00,53453,50503,324185,307472,430143,393560,435932,423853,492745,497914,534770,532530,357953,399504,248963,319524,73388,134913,43485,41030,288030,276368,392607,359303,404320,393533,463396,468670,511702,510635,348148,388209,242688,310906,70819,129455,4336657,4033320,534029,511803,808931,765733,333228,649,619
2021-11-08T23:59:59+01:00,52872,49964,321619,305488,427714,391607,434078,422373,491324,496661,533854,531699,357622,399194,248834,319345,73365,134852,43326,40877,287449,275812,392001,358766,403894,393088,463025,468267,511408,510310,347986,388029,242619,310797,70795,129411,4319000,4028864,533622,511583,808909,765719,332474,649,619
2021-11-07T23:59:59+01:00,52506,49618,320198,304384,426178,390294,432838,421375,490379,495900,533277,531177,357437,398974,248745,319253,73348,134803,43179,40722,286995,275425,391526,358297,403518,392725,462731,467933,511170,510084,347885,387908,242545,310714,70783,129378,4308077,4025212,533241,511379,808891,765693,332014,649,619
2021-11-06T23:59:59+01:00,52208,49341,319368,303595,425234,389539,432136,420810,489781,495425,532950,530893,357379,398905,248711,319221,73342,134794,43126,40681,286813,275263,391315,358135,403389,392603,462627,467825,511096,510019,347859,387877,242532,310698,70779,129372,4301304,4023897,533126,511347,808887,765691,331854,649,619
2021-11-05T23:59:59+01:00,51640,48758,317817,302297,423723,388134,430830,419718,488779,494516,532341,530392,357271,398753,248674,319152,73336,134775,42908,40471,286291,274868,390905,357755,403038,392298,462337,467532,510900,509852,347791,387800,242497,310652,70773,129358,4289616,4020634,532615,511157,808876,765681,331334,649,619
2021-11-04T23:59:59+01:00,50937,48085,315633,300360,421302,386105,428926,418133,487181,493189,531430,529702,357064,398511,248588,319013,73307,134714,42513,40034,285352,274011,390043,356858,402287,391564,461718,466927,510391,509408,347621,387613,242398,310487,70730,129295,4272795,4013481,532051,510891,808861,765651,330007,649,619
2021-11-03T23:59:59+01:00,50569,47712,314307,299263,419664,384869,427704,417193,486210,492382,530800,529209,356909,398341,248517,318909,73284,134667,42226,39751,284604,273363,389323,356159,401736,391036,461233,466499,510020,509083,347463,387405,242293,310335,70697,129209,4261880,4007313,531784,510741,808857,765639,329522,647,619
2021-11-02T23:59:59+01:00,50252,47394,312987,298307,418010,383674,426444,416327,485158,491666,530186,528718,356761,398152,248440,318809,73265,134603,41854,39408,283773,272676,388560,355460,401131,390487,460743,466023,509649,508699,347283,387206,242206,310194,70667,129134,4251481,4000887,531476,510552,808853,765623,328870,647,619
2021-11-01T23:59:59+01:00,49858,47023,311504,297202,416373,382573,425129,415452,484140,490949,529652,528343,356631,398019,248385,318743,73249,134567,41603,39129,283106,272073,387890,354914,400576,390039,460290,465656,509336,508439,347168,387086,242149,310081,70646,129072,4241346,3996183,531244,510333,808821,765609,327907,646,619
2021-10-31T23:59:59+01:00,49801,46989,311319,297092,416165,382460,424929,415326,484021,490870,529595,528299,356616,398011,248383,318738,73249,134565,41546,39086,282991,272013,387786,354836,400492,389985,460241,465623,509304,508417,347157,387077,242146,310076,70642,129067,4240217,3995629,531182,510293,808818,765605,327737,646,619
2021-10-30T23:59:59+02:00,49747,46950,311121,296965,415847,382301,424709,415171,483812,490709,529475,528241,356595,397986,248378,318728,73246,134559,41509,39077,282889,271942,387676,354764,400402,389920,460183,465561,509262,508398,347150,387069,242143,310070,70638,129063,4238538,3995083,531135,510234,808817,765602,327576,646,619
2021-10-29T23:59:59+02:00,49527,46724,310126,296280,414595,381451,423611,414486,482931,490098,528977,527963,356521,397915,248336,318681,73234,134536,41380,38976,282410,271581,387202,354382,399990,389635,459842,465289,509061,508250,347092,387017,242124,310033,70631,129049,4231149,3992331,530838,510078,808813,765597,326717,646,619
2021-10-28T23:59:59+02:00,49081,46295,308347,294968,412548,380052,421999,413340,481638,489128,528252,527432,356365,397746,248270,318595,73223,134494,41072,38689,281460,270740,386250,353578,399225,388985,459232,464766,508597,507933,346944,386831,242055,309936,70609,128994,4218987,3986232,530412,509776,808800,765569,325096,646,619
2021-10-27T23:59:59+02:00,48756,45976,307465,294192,411470,379193,421142,412640,480925,488603,527840,527127,356265,397580,248209,318497,73205,134454,40784,38398,280718,270061,385610,352970,398739,388503,458810,464339,508300,507649,346786,386653,241973,309812,70582,128933,4211643,3980763,530114,509586,808796,765539,324508,646,619
2021-10-26T23:59:59+02:00,48351,45564,306392,293237,410321,378267,420250,411967,480228,488004,527423,526806,356142,397443,248137,318398,73178,134403,40424,38031,279847,269134,384857,352246,398182,387945,458372,463884,507938,507346,346639,386492,241872,309655,70557,128864,4203507,3974279,529903,509425,808789,765523,323834,646,619
2021-10-25T23:59:59+02:00,48196,45428,305885,292791,409753,377850,419773,411632,479820,487726,527235,526646,356099,397386,248124,318373,73171,134396,40358,37970,279623,268948,384613,352074,398009,387813,458225,463767,507836,507270,346618,386459,241861,309636,70554,128853,4199869,3973055,529841,509381,808787,765519,323308,646,619
2021-10-24T23:59:59+02:00,47985,45248,305336,292317,409071,377340,419264,411219,479405,487413,527016,526458,356036,397303,248092,318347,73163,134383,40168,37809,279166,268484,384155,351678,397662,387493,457958,463513,507668,507092,346528,386364,241823,309571,70542,128834,4195733,3969816,529684,509248,808784,765505,322715,646,619
2021-10-23T23:59:59+02:00,47951,45215,305176,292185,408862,377196,419109,411081,479293,487326,526942,526411,356017,397279,248088,318341,73163,134380,40130,37767,279075,268379,384037,351605,397583,387418,457887,463452,507632,507060,346509,386350,241822,309565,70541,128833,4194562,3969167,529623,509184,808782,765502,322568,646,619
2021-10-22T23:59:59+02:00,47697,44984,304402,291624,407984,376510,418375,410538,478722,486852,526587,526162,355961,397210,248069,318307,73157,134368,39878,37525,278520,267859,383545,351170,397169,387058,457584,463181,507409,506888,346442,386286,241800,309523,70535,128823,4188973,3965548,529351,509016,808780,765484,321923,646,619
2021-10-21T23:59:59+02:00,47225,44533,303298,290753,406779,375553,417397,409744,477896,486212,526048,525787,355836,397073,248001,318206,73136,134315,39300,36964,277457,266810,382642,350299,396445,386289,456953,462612,506990,506526,346284,386083,241707,309364,70509,128772,4180503,3957714,529076,508641,808774,765471,320955,646,619
2021-10-20T23:59:59+02:00,47004,44282,302697,290210,406106,374941,416853,409297,477466,485841,525762,525553,355742,396950,247930,318112,73110,134261,38884,36589,276709,266054,382024,349640,395925,385686,456528,462163,506634,506207,346108,385882,241609,309223,70471,128696,4175329,3951282,528933,508467,808770,765460,320598,645,619
2021-10-19T23:59:59+02:00,46721,44008,302155,289738,405605,374484,416488,408963,477187,485569,525531,525345,355625,396822,247866,318018,73077,134207,38434,36137,275822,265227,381318,348931,395450,385148,456121,461703,506299,505885,345923,385652,241504,309075,70434,128613,4171085,3944449,528812,508296,808767,765446,320258,645,618
2021-10-18T23:59:59+02:00,46530,43818,301629,289274,405114,374052,416138,408625,476919,485332,525310,525143,355534,396720,247812,317923,73056,134165,38147,35878,275179,264540,380771,348289,395030,384657,455783,461317,506011,505608,345767,385502,241418,308947,70401,128564,4167279,3939142,528668,508113,808762,765428,319896,645,618
2021-10-17T23:59:59+02:00,46419,43700,301312,289019,404859,373806,415931,408461,476770,485176,525210,525019,355470,396663,247791,317875,73041,134130,37899,35622,274670,264036,380404,347912,394749,384323,455540,461088,505850,505440,345678,385392,241381,308877,70378,128512,4165127,3935486,528592,507957,808758,765393,319684,645,618
2021-10-16T23:59:59+02:00,46390,43668,301236,288957,404785,373749,415889,408417,476726,485140,525185,525003,355464,396655,247787,317869,73039,134128,37859,35578,274564,263927,380324,347842,394691,384250,455500,461044,505823,505416,345670,385383,241378,308872,70377,128507,4164647,3934872,528578,507898,808758,765391,319613,645,618
2021-10-15T23:59:59+02:00,46240,43507,300803,288613,404415,373429,415596,408157,476484,484916,525029,524868,355412,396615,247770,317837,73030,134113,37629,35332,274004,263345,379917,347452,394353,383908,455223,460764,505627,505246,345608,385309,241338,308825,70372,128486,4161822,3931132,528456,507685,808754,765381,319308,645,618
2021-10-14T23:59:59+02:00,45910,43175,300019,287913,403767,372768,415082,407697,476058,484508,524710,524588,355297,396485,247710,317741,72999,134052,37075,34767,272762,262081,379112,346489,393668,383076,454577,460120,505204,504829,345375,385085,241227,308665,70341,128436,4156332,3922437,528197,507182,808742,765326,318711,645,617
2021-10-13T23:59:59+02:00,45601,42896,299447,287363,403287,372261,414690,407301,475722,484177,524448,524342,355174,396342,247641,317641,72971,133992,36744,34484,271993,261279,378513,345741,393146,382442,454157,459657,504837,504464,345199,384885,241129,308475,70305,128357,4151757,3916098,528017,506909,808738,765280,318287,645,617
2021-10-12T23:59:59+02:00,45274,42620,298794,286820,402767,371726,414286,406914,475414,483870,524197,524106,355066,396204,247592,317552,72944,133941,36450,34195,271160,260419,377821,345021,392607,381878,453737,459228,504474,504118,344977,384666,241022,308323,70264,128248,4147085,3909502,527839,506685,808730,765256,317935,644,614
2021-10-11T23:59:59+02:00,45029,42395,298214,286337,402284,371266,413881,406557,475111,483567,523959,523909,354956,396087,247520,317457,72908,133873,36164,33940,270406,259686,377150,344343,392121,381324,453357,458783,504141,503816,344784,384471,240925,308174,70221,128161,4142954,3903628,527661,506402,808719,765230,317477,644,614
2021-10-10T23:59:59+02:00,44871,42264,297855,286057,401944,370960,413649,406305,474933,483376,523817,523780,354906,396031,247496,317418,72890,133843,35997,33813,269929,259266,376693,343878,391791,380981,453068,458499,503919,503639,344688,384370,240869,308105,70204,128128,4140547,3900013,527518,506279,808712,765196,317118,644,614
2021-10-09T23:59:59+02:00,44841,42238,297756,285981,401858,370902,413588,406253,474885,483328,523791,523763,354898,396017,247494,317414,72889,133842,35947,33759,269812,259161,376593,343780,391708,380906,453010,458445,503884,503609,344678,384356,240863,308097,70203,128126,4140041,3899309,527483,506206,808709,765185,317005,644,614
2021-10-08T23:59:59+02:00,44600,42029,297254,285574,401407,370526,413287,405956,474605,483098,523580,523596,354835,395956,247457,317362,72871,133828,35739,33482,269250,258600,376170,343350,391332,380528,452734,458122,503706,503451,344613,384273,240829,308052,70192,128114,4136651,3895491,527358,506042,808705,765166,316605,644,614
2021-10-07T23:59:59+02:00,44220,41607,296279,284710,400624,369756,412641,405340,474092,482606,523174,523277,354706,395781,247363,317252,72839,133762,35087,32822,267871,257206,375179,342167,390523,379531,452025,457374,503159,502950,344358,383992,240690,307872,70133,128023,4129773,3885823,527124,504850,808696,765124,315932,644,613
2021-10-06T23:59:59+02:00,43960,41347,295579,284125,400106,369251,412244,404915,473735,482295,522899,523026,354573,395629,247285,317133,72814,133685,34760,32509,267130,256397,374641,341504,390048,378991,451605,456926,502811,502593,344185,383781,240579,307726,70103,127944,4124938,3879731,526995,504737,808690,765092,315439,644,613
2021-10-05T23:59:59+02:00,43643,41050,294871,283446,399477,368628,411729,404427,473350,481894,522615,522722,354427,395472,247202,316978,72781,133574,34460,32195,266316,255556,373957,340766,389510,378380,451102,456459,502461,502237,343995,383563,240468,307553,70056,127870,4119499,3873300,526858,504593,808683,765070,314705,644,613
2021-10-04T23:59:59+02:00,43366,40811,294046,282746,398765,368037,411237,403965,472941,481500,522313,522453,354294,395299,247128,316853,72750,133483,34156,31878,265415,254621,373240,339991,388918,377784,450627,455922,502075,501870,343803,383333,240312,307386,70016,127783,4114305,3866621,526706,504481,808674,765030,313761,643,613
2021-10-03T23:59:59+02:00,43205,40662,293643,282331,398351,367673,410922,403714,472726,481267,522135,522289,354212,395204,247079,316767,72742,133445,33975,31744,264924,254197,372786,339581,388563,377391,450357,455614,501827,501638,343678,383187,240250,307293,69998,127752,4111446,3863049,526605,504369,808650,764976,313124,643,613
2021-10-02T23:59:59+02:00,43169,40625,293519,282204,398232,367583,410840,403633,472664,481210,522101,522258,354198,395181,247078,316764,72740,133443,33928,31706,264785,254066,372686,339491,388485,377313,450300,455561,501796,501599,343666,383165,240248,307286,69996,127752,4110750,3862352,526527,504312,808648,764953,312975,643,613
2021-10-01T23:59:59+02:00,42959,40370,292904,281648,397667,367083,410387,403248,472328,480943,521835,522076,354114,395103,247049,316715,72728,133425,33629,31415,264125,253418,372193,339057,388102,376936,449974,455244,501570,501404,343590,383099,240223,307242,69987,127735,4106839,3858473,526382,504155,808639,764899,312179,643,613
2021-09-30T23:59:59+02:00,42555,39969,291774,280557,396660,366113,409587,402462,471663,480271,521326,521666,353946,394895,246953,316586,72703,133356,33091,30870,262928,252250,371325,338130,387396,376111,449370,454593,501097,501005,343421,382874,240143,307084,69958,127682,4099117,3851406,526039,503149,808618,764815,310719,642,613
2021-09-29T23:59:59+02:00,42214,39666,291003,279809,395918,365400,409034,401879,471163,479779,520961,521353,353764,394692,246877,316452,72673,133290,32791,30562,262179,251488,370688,337476,386937,375532,448947,454136,500745,500659,343249,382694,240050,306921,69936,127624,4093191,3845932,525879,502999,808610,764747,309694,642,612
2021-09-28T23:59:59+02:00,41879,39353,290132,278976,395119,364684,408427,401313,470638,479270,520579,520994,353555,394472,246781,316297,72633,133188,32480,30292,261314,250700,369981,336834,386427,375002,448504,453680,500392,500310,343069,382491,239954,306776,69909,127568,4086892,3840409,525753,502851,808602,764693,308486,642,612
2021-09-27T23:59:59+02:00,41464,38970,289249,278135,394321,363967,407867,400724,470161,478746,520177,520663,353395,394275,246695,316177,72602,133096,32159,29933,260295,249775,369118,336030,385764,374325,447963,453138,499987,499948,342886,382258,239863,306642,69884,127504,4081217,3834223,525587,502699,808595,764584,306721,642,612
2021-09-26T23:59:59+02:00,41088,38664,288677,277601,393819,363520,407523,400374,469863,478458,519966,520473,353285,394175,246652,316107,72583,133055,32001,29799,259787,249314,368673,335632,385424,373953,447672,452845,499780,499760,342795,382167,239805,306569,69868,127467,4077513,3831258,525444,502548,808571,764468,305790,642,612
2021-09-25T23:59:59+02:00,41034,38603,288508,277434,393664,363398,407405,400284,469769,478373,519905,520430,353273,394155,246643,316098,72581,133052,31958,29744,259621,249161,368527,335506,385303,373853,447600,452744,499718,499726,342775,382144,239795,306556,69868,127465,4076754,3830541,525370,502488,808568,764437,305351,642,612
2021-09-24T23:59:59+02:00,40835,38389,287871,276778,393013,362828,406880,399799,469319,477966,519606,520188,353168,394070,246602,316046,72575,133027,31698,29485,258958,248476,367914,334964,384854,373411,447181,452386,499395,499480,342659,382038,239751,306502,69856,127441,4072980,3826819,525221,502386,808558,764367,303630,642,611
2021-09-23T23:59:59+02:00,40198,37722,286160,275112,391530,361469,405690,398584,468270,476998,518853,519503,352868,393793,246470,315829,72531,132911,31305,29069,257659,247388,366758,333975,383915,372583,446371,451651,498798,498969,342425,381795,239639,306350,69828,127362,4063078,3820736,524812,502114,808546,764267,299473,642,611
2021-09-22T23:59:59+02:00,39863,37404,285159,274124,390674,360616,404936,397811,467602,476393,518311,519060,352637,393524,246360,315630,72481,132823,31017,28805,256877,246637,366009,333285,383286,371987,445859,451129,498333,498619,342222,381586,239534,306212,69794,127299,4056190,3815626,524595,501944,808523,764151,297515,642,611
2021-09-21T23:59:59+02:00,39446,36921,284076,273040,389708,359706,404174,397053,466974,475802,517860,518628,352412,393260,246257,315451,72427,132710,30699,28527,256019,245780,365247,332568,382647,371382,445362,450643,497916,498219,342027,381380,239427,306048,69760,127213,4048570,3809995,524435,501745,808513,764072,295796,642,611
2021-09-20T23:59:59+02:00,39092,36643,282935,271962,388654,358766,403345,396243,466270,475183,517363,518174,352166,393033,246146,315269,72383,132613,30315,28156,254895,244796,364255,331724,381854,370611,444639,450063,497456,497776,341801,381164,239319,305860,69724,127137,4041510,3803504,524289,501570,808498,763868,293345,642,610
2021-09-19T23:59:59+02:00,38931,36508,282339,271550,388077,358276,402935,395846,465926,474869,517096,517941,352078,392908,246107,315190,72372,132575,30198,28036,254381,244359,363751,331297,381429,370273,444269,449718,497173,497553,341692,381035,239262,305774,69714,127106,4038164,3800668,524145,501387,808476,763569,292138,642,610
2021-09-18T23:59:59+02:00,38876,36437,282177,271390,387878,358114,402751,395702,465814,474755,517028,517882,352062,392895,246099,315181,72370,132571,30068,27905,254066,244013,363498,331045,381191,370082,444107,449584,497079,497464,341663,381009,239243,305755,69711,127098,4037211,3798790,524029,501306,808473,763556,291666,642,610
2021-09-17T23:59:59+02:00,38545,36071,281272,270558,387085,357354,402023,395045,465201,474230,516647,517519,351912,392750,246036,315111,72346,132539,29800,27638,253321,243332,362811,330448,380598,369579,443640,449171,496742,497176,341543,380874,239193,305676,69698,127076,4031864,3795009,523693,500903,808464,763525,289613,641,610
2021-09-16T23:59:59+02:00,37975,35474,279688,268988,385729,355898,400815,393725,464184,473250,515873,516822,351594,392421,245906,314923,72298,132447,29363,27216,252172,242315,361848,329510,379770,368716,442971,448475,496226,496728,341316,380652,239094,305549,69667,127014,4020958,3788380,522942,500501,808421,763378,287076,641,608
2021-09-15T23:59:59+02:00,37596,35163,278555,267889,384830,354918,399955,392862,463510,472561,515337,516306,351370,392131,245733,314742,72259,132327,29063,26927,251313,241503,361060,328712,379082,368042,442403,447957,495720,496288,341107,380416,238957,305402,69644,126937,4013393,3782720,522651,500267,808408,763304,284972,641,608
2021-09-14T23:59:59+02:00,37283,34856,277582,266925,383888,354057,399221,392094,462902,471908,514807,515852,351125,391889,245603,314572,72216,132258,28788,26688,250529,240710,360324,328042,378473,367443,441857,447446,495300,495904,340910,380201,238846,305255,69620,126882,4006559,3777589,522321,500044,808378,763155,283158,640,607
2021-09-13T23:59:59+02:00,36896,34462,276343,265655,382934,353012,398445,391214,462205,471187,514283,515348,350903,391637,245481,314417,72177,132185,28328,26266,249401,239656,359500,327255,377871,366788,441297,446921,494841,495524,340717,379974,238746,305108,69591,126828,3998345,3770648,521598,499759,808345,763058,281870,640,607
2021-09-12T23:59:59+02:00,36752,34333,275765,265213,382459,352564,398056,390787,461879,470885,514070,515132,350796,391525,245435,314342,72166,132150,28170,26147,248870,239243,358995,326811,377502,366433,440993,446631,494592,495301,340592,379843,238687,305020,69576,126783,3995145,3767618,521431,499567,808309,762931,280797,640,605
2021-09-11T23:59:59+02:00,36673,34284,275574,265002,382233,352375,397895,390632,461745,470761,513999,515071,350766,391494,245426,314326,72164,132147,28023,26048,248588,239059,358771,326653,377352,366293,440844,446513,494525,495246,340568,379815,238679,305007,69576,126779,3994109,3766535,521342,499434,808301,762910,280184,640,604
2021-09-10T23:59:59+02:00,36345,33947,274496,264008,381274,351475,397017,389823,460946,470077,513441,514624,350559,391294,245338,314214,72146,132117,27814,25848,247678,238353,357942,325916,376566,365665,440152,445989,494034,494865,340407,379659,238598,304903,69554,126749,3988770,3763068,521200,499217,808292,762888,276241,640,604
2021-09-09T23:59:59+02:00,35907,33496,273188,262847,380222,350295,396072,388786,460146,469201,512860,514111,350320,391011,245212,314060,72111,132057,27432,25457,246604,237390,357028,325047,375751,364857,439461,445381,493447,494423,340191,379429,238477,304761,69523,126697,3980560,3756965,520896,498819,808247,762737,273558,638,601
2021-09-08T23:59:59+02:00,35505,33096,272228,261855,379418,349444,395375,388003,459515,468598,512420,513646,350117,390768,245107,313884,72082,131999,27138,25168,245678,236531,356214,324310,375066,364135,438855,444817,492997,493970,339991,379183,238362,304599,69489,126609,3974082,3751272,520673,498499,808194,762601,271463,637,599
2021-09-07T23:59:59+02:00,35130,32759,271205,260926,378585,348662,394730,387329,458983,468075,511977,513251,349926,390558,245007,313720,72048,131928,26862,24957,244800,235746,355408,323624,374416,363577,438350,444309,492552,493581,339782,378965,238275,304461,69462,126554,3967978,3746268,520432,498158,808180,762422,269556,637,598
2021-09-06T23:59:59+02:00,34732,32350,270085,259822,377639,347714,394041,386550,458383,467437,511536,512816,349704,390310,244918,313598,72018,131858,26626,24746,244027,234987,354662,322968,373801,362986,437887,443803,492138,493196,339569,378758,238195,304326,69433,126499,3960749,3741442,520295,497917,808132,762293,267678,637,598
2021-09-05T23:59:59+02:00,34576,32202,269676,259410,377329,347368,393745,386231,458150,467199,511359,512636,349633,390217,244876,313536,72002,131831,26490,24591,243597,234592,354263,322582,373446,362674,437626,443553,491941,492989,339471,378640,238153,304262,69416,126467,3958148,3738806,520192,497642,808104,762155,266873,637,598
2021-09-04T23:59:59+02:00,34517,32164,269508,259278,377207,347241,393617,386125,458073,467114,511308,512591,349621,390199,244869,313524,72002,131830,26452,24538,243430,234448,354101,322418,373299,362558,437534,443451,491875,492940,339450,378620,238145,304250,69416,126466,3957435,3738021,520138,497504,808099,762132,266456,637,598
2021-09-03T23:59:59+02:00,34199,31848,268609,258472,376465,346577,393025,385530,457495,466630,510847,512253,349450,390020,244803,313418,71979,131796,26128,24197,242408,233588,353304,321700,372628,361904,436882,442862,491387,492525,339253,378421,238059,304144,69396,126439,3953049,3733723,519434,495965,808071,762059,264199,637,598
2021-09-02T23:59:59+02:00,33833,31508,267553,257588,375599,345736,392285,384776,456806,465996,510313,511822,349184,389768,244680,313240,71954,131717,25829,23933,241380,232787,352411,320918,371887,361192,436166,442234,490821,492068,339006,378156,237950,303993,69370,126361,3947067,3728532,519148,495480,808036,761733,261438,637,597
2021-09-01T23:59:59+02:00,33506,31142,266701,256746,374837,345065,391752,384225,456334,465515,509926,511476,349007,389577,244590,313123,71930,131657,25440,23531,240289,231725,351542,320061,371197,360496,435549,441628,490294,491583,338774,377890,237819,303839,69342,126306,3941610,3721713,518962,494935,808001,761518,259861,637,593
2021-08-31T23:59:59+02:00,33108,30799,265831,255831,374095,344344,391175,383640,455821,465027,509470,511109,348815,389384,244494,312975,71898,131614,25155,23236,239334,230829,350730,319312,370533,359858,434991,441118,489770,491182,338572,377676,237731,303690,69308,126251,3936045,3716390,518772,494548,807976,761100,257957,635,593
2021-08-30T23:59:59+02:00,32561,30311,264524,254647,373091,343425,390357,382822,455065,464314,508908,510608,348586,389165,244401,312821,71862,131545,24835,22919,238173,229841,349724,318413,369740,359114,434289,440533,489212,490665,338317,377431,237606,303511,69267,126174,3928540,3710332,518655,494105,807932,760846,255199,634,591
2021-08-29T23:59:59+02:00,32371,30120,263957,254137,372608,343008,389976,382482,454770,464025,508678,510386,348489,389056,244351,312757,71852,131521,24610,22704,237455,229202,349113,317869,369243,358643,433861,440157,488903,490404,338176,377276,237546,303437,69249,126149,3925441,3706447,518535,493705,807904,760586,253973,634,591
2021-08-28T23:59:59+02:00,32281,30023,263729,253958,372431,342855,389820,382359,454645,463905,508602,510333,348465,389033,244340,312745,71851,131518,24545,22600,237137,228942,348862,317673,369023,358477,433678,439992,488774,490312,338134,377234,237526,303411,69247,126145,3924398,3704867,518494,493588,807898,760560,253410,634,591
2021-08-27T23:59:59+02:00,32050,29772,263084,253393,371914,342334,389350,381905,454189,463507,508229,510047,348336,388899,244282,312659,71832,131498,24399,22449,236533,228442,348247,317169,368551,358046,433226,439637,488471,490064,338004,377116,237471,303347,69236,126138,3920587,3701647,518425,493374,807839,760501,251733,634,591
2021-08-26T23:59:59+02:00,31667,29385,262078,252413,371058,341516,388591,381160,453501,462829,507677,509566,348104,388639,244161,312542,71804,131437,24050,22085,235051,227078,347014,315978,367432,357052,432349,438827,487798,489488,337717,376795,237307,303178,69206,126093,3914384,3693275,518180,492727,807800,760142,249055,634,589
2021-08-25T23:59:59+02:00,31302,29051,261153,251551,370305,340737,387928,380461,452865,462239,507120,509108,347866,388383,244036,312378,71769,131370,23444,21510,232998,225213,345530,314571,366241,355854,431347,437865,486995,488760,337335,376404,237153,302943,69162,126005,3908648,3681273,518048,492319,807771,759993,246441,632,587
2021-08-24T23:59:59+02:00,30983,28783,260420,250770,369697,340103,387387,379885,452381,461723,506708,508735,347656,388157,243918,312214,71743,131298,23127,21194,231785,224145,344563,313646,365456,355105,430673,437214,486435,488213,337055,376089,237019,302783,69137,125941,3903691,3674078,517761,491869,807750,759687,244641,632,583
2021-08-23T23:59:59+02:00,30461,28255,259030,249453,368664,339188,386552,379092,451600,461038,506058,508166,347373,387874,243778,312025,71716,131239,22817,20895,230300,222826,343246,312573,364504,354251,429809,436453,485728,487644,336749,375755,236883,302592,69111,125882,3896235,3666646,517612,491388,807715,759401,241272,632,582
2021-08-22T23:59:59+02:00,30315,28140,258621,249082,368308,338854,386279,378826,451362,460793,505869,508016,347276,387779,243737,311968,71699,131213,22635,20713,229578,222145,342553,311912,363969,353743,429368,436046,485405,487375,336585,375572,236819,302487,69093,125846,3893999,3662242,517463,490923,807676,759101,240267,631,578
2021-08-21T23:59:59+02:00,30064,27935,258124,248620,367989,338534,386021,378568,451157,460615,505721,507877,347221,387723,243715,311930,71696,131204,22360,20459,228835,221491,342067,311514,363563,353331,429003,435739,485175,487178,336500,375504,236792,302444,69087,125834,3891447,3659257,517319,489717,807668,759045,239544,631,578
2021-08-20T23:59:59+02:00,29872,27736,257463,247957,367248,337903,385340,378039,450562,460119,505245,507554,347075,387563,243660,311833,71679,131169,21955,20119,227027,219870,340653,310313,362443,352373,428045,434939,484455,486626,336256,375255,236690,302324,69062,125804,3887959,3650986,516995,488556,807655,758678,236670,631,578
2021-08-19T23:59:59+02:00,29540,27421,256474,247103,366242,337112,384551,377346,449851,459480,504680,507068,346834,387299,243552,311686,71645,131096,21460,19626,224258,217431,338341,308471,360735,350894,426640,433665,483294,485671,335837,374829,236497,302077,69028,125735,3882419,3636594,516628,486789,807613,758204,233575,631,577
2021-08-18T23:59:59+02:00,29253,27160,255677,246396,365537,336491,383969,376777,449253,458981,504205,506652,346561,387059,243434,311538,71613,131030,21082,19253,221779,214904,336279,306708,359084,349240,425111,432333,482148,484632,335319,374277,236265,301781,68977,125641,3877296,3623303,516448,482848,807583,757822,231511,630,577
2021-08-17T23:59:59+02:00,28935,26884,254893,245676,364915,335804,383405,376219,448761,458493,503771,506231,346358,386848,243317,311407,71586,130977,20611,18818,219028,212148,334201,304875,357392,347773,423672,431053,481021,483639,334823,373734,236028,301488,68923,125565,3872232,3608208,516147,480064,807557,757391,229795,629,574
2021-08-16T23:59:59+02:00,28644,26621,254197,245022,364344,335247,382942,375756,448322,458053,503352,505867,346173,386641,243218,311243,71555,130937,20057,18334,215852,209069,331909,302753,355865,346319,422464,429911,480071,482794,334435,373287,235842,301217,68884,125475,3867812,3590757,515991,479356,807531,757042,228049,629,572
2021-08-15T23:59:59+02:00,28447,26458,253701,244575,363911,334856,382581,375418,448023,457793,503109,505670,346059,386522,243169,311163,71544,130916,19272,17605,211837,205006,330007,301131,354598,345092,421433,428971,479284,482131,334100,372952,235717,301040,68860,125425,3864947,3573087,515847,478441,807492,756715,226878,629,570
2021-08-14T23:59:59+02:00,28378,26399,253453,244377,363675,334679,382405,375267,447866,457663,502991,505563,346010,386489,243151,311140,71541,130911,18946,17307,210762,203901,329182,300367,353877,344413,420937,428510,478895,481809,333961,372823,235679,300983,68851,125408,3863769,3566384,515774,478070,807486,756638,226178,629,570
2021-08-13T23:59:59+02:00,28121,26156,252745,243788,363174,334250,381966,374833,447430,457296,502652,505304,345882,386337,243086,311063,71529,130882,18342,16750,208872,202111,327753,299047,352607,343220,419883,427567,478145,481166,333717,372533,235566,300840,68833,125354,3859933,3554416,515702,477466,807476,756446,224633,625,570
2021-08-12T23:59:59+02:00,27923,25930,252020,243150,362552,333657,381432,374345,446893,456848,502228,504948,345698,386136,242984,310956,71516,130834,17758,16252,206271,199835,324866,296500,350588,341413,418372,426312,476919,480096,333265,371998,235321,300563,68793,125271,3855960,3536950,515510,476286,807438,755418,222389,623,568
2021-08-11T23:59:59+02:00,27688,25683,251290,242459,361925,333073,380905,373862,446427,456417,501816,504518,345472,385894,242868,310821,71488,130779,16938,15564,203219,196843,321677,293553,348410,339343,416869,424901,475635,478804,332722,371354,235072,300155,68742,125142,3851096,3515044,515290,475215,807398,754478,220849,620,567
2021-08-10T23:59:59+02:00,27442,25425,250454,241722,361208,332519,380364,373311,445928,455937,501361,504116,345275,385697,242782,310682,71465,130735,16141,14779,199011,192701,316999,289322,345416,336557,414743,422951,474032,477340,332032,370681,234773,299745,68685,125023,3846000,3484836,515004,474100,807360,753325,219306,618,567
2021-08-09T23:59:59+02:00,27244,25224,249825,241146,360625,332030,379917,372929,445516,455589,501015,503829,345114,385549,242716,310570,71445,130699,15147,13835,194461,188098,311277,284565,342652,334056,412825,421173,472409,475874,331385,369988,234497,299374,68626,124888,3842266,3454397,514824,471322,807328,752231,217810,616,563
2021-08-08T23:59:59+02:00,27072,25065,249342,240732,360228,331674,379564,372636,445210,455328,500772,503637,345006,385439,242653,310491,71428,130666,14925,13640,193109,186725,309648,283224,341332,332889,411944,420414,471834,475353,331122,369716,234368,299205,68600,124837,3839666,3445238,514666,469952,807275,751743,216577,615,562
2021-08-07T23:59:59+02:00,26923,24889,248811,240282,359828,331334,379228,372353,444916,455091,500545,503461,344934,385344,242619,310441,71420,130655,13753,12596,189428,183130,307598,281369,339607,331361,410607,419145,470907,474557,330766,369342,234237,299016,68566,124800,3836798,3425573,514559,468616,807264,751529,215693,615,559
2021-08-06T23:59:59+02:00,26697,24654,247942,239611,359043,330722,378551,371774,444260,454565,500006,503071,344700,385140,242520,310325,71409,130633,12845,11769,185679,179569,304117,278548,337480,329519,409002,417799,469606,473591,330386,368954,234077,298861,68542,124753,3834210,3406204,513190,466885,807252,750426,212209,615,556
2021-08-05T23:59:59+02:00,26373,24330,246763,238671,358139,329845,377719,371040,443512,453876,499335,502526,344416,384837,242406,310151,71368,130570,11839,10835,181188,175614,298715,274121,333348,325943,406184,415304,467343,471803,329717,368249,233814,298487,68481,124642,3827809,3378181,512924,462165,807182,746707,209191,615,555
2021-08-04T23:59:59+02:00,25999,23987,245617,237679,357136,328930,376938,370326,442882,453276,498756,501992,344143,384568,242283,309978,71341,130499,11025,10123,177700,172303,294934,270984,328931,322027,403925,413204,465629,470245,329021,367550,233538,298134,68421,124540,3821285,3350952,512579,460394,807147,744956,206537,611,554
2021-08-03T23:59:59+02:00,25535,23565,244249,236492,356222,328095,376225,369631,442226,452616,498154,501456,343851,384268,242153,309801,71297,130431,10463,9622,174203,168847,290813,267327,323810,317405,401167,410640,463280,468140,328177,366680,233186,297660,68353,124401,3813332,3318751,512414,458510,807103,742878,204633,611,553
2021-08-02T23:59:59+02:00,25217,23258,243194,235529,355370,327333,375520,369030,441650,452065,497627,501007,343589,383992,242035,309645,71271,130372,9907,9081,170555,165244,286100,263349,317925,312443,398403,408075,461040,466141,327405,365843,232890,297261,68291,124283,3806953,3285201,512164,456525,807045,740343,202755,610,551
2021-08-01T23:59:59+02:00,25059,23068,242562,234920,354769,326817,375077,368634,441214,451742,497281,500728,343447,383825,241959,309529,71257,130346,9640,8872,169000,163784,283605,261343,313283,308725,396540,406494,459559,464890,326970,365358,232718,297043,68262,124224,3803249,3267246,511860,454376,806951,737890,201384,607,547
2021-07-31T23:59:59+02:00,24949,22963,242218,234599,354487,326589,374834,368463,441023,451588,497172,500627,343413,383785,241939,309516,71256,130340,8405,7775,165220,159929,280776,258789,311188,306720,395138,405210,458410,463899,326649,364980,232584,296869,68236,124178,3801623,3244268,511670,453436,806945,737095,200732,607,547
2021-07-30T23:59:59+02:00,24659,22703,241413,233876,353907,326057,374341,367993,440558,451184,496810,500335,343275,383644,241894,309436,71243,130324,7467,6905,161464,156156,277372,255667,308154,303896,392902,403092,456559,462310,326137,364446,232374,296577,68203,124120,3797510,3219125,511299,452230,806925,733893,199125,606,545
2021-07-29T23:59:59+02:00,24312,22362,239876,232601,352736,324978,373370,367078,439698,450388,495994,499710,342941,383330,241757,309251,71205,130257,6482,6031,156597,151658,271970,251467,302228,299099,388530,399591,453502,459894,325302,363596,232061,296166,68143,124020,3789902,3185084,510617,447350,806840,728778,195686,605,545
2021-07-28T23:59:59+02:00,24010,22074,238721,231561,351851,324134,372618,366383,439056,449716,495424,499218,342686,383030,241621,309064,71170,130185,5991,5587,152821,147996,267457,247790,297775,295132,385256,396724,451405,458035,324640,362833,231792,295778,68079,123894,3783127,3154234,510076,445421,806762,726128,193757,604,542
2021-07-27T23:59:59+02:00,23737,21847,237711,230585,351003,323390,371912,365789,438468,449098,494897,498759,342441,382725,241487,308869,71134,130086,5421,5060,147783,142857,261514,242644,292459,290352,381229,393014,448216,455212,323648,361727,231425,295272,67987,123735,3776810,3112531,509519,443087,806704,722377,192106,603,540
2021-07-26T23:59:59+02:00,23504,21607,236732,229599,350210,322682,371302,365231,437911,448606,494444,498386,342208,382484,241360,308710,71110,130028,4999,4701,143424,138449,255947,237845,287275,285862,376752,389041,444688,452180,322693,360759,231095,294790,67912,123597,3771102,3072996,508887,440827,806621,718015,190702,600,540
2021-07-25T23:59:59+02:00,23145,21306,235391,228439,349264,321909,370618,364565,437330,448063,493979,497978,342009,382269,241270,308580,71089,129964,4744,4468,141572,136685,253246,235614,284761,283755,374611,387256,442591,450378,322176,360239,230890,294560,67887,123520,3763997,3057895,508507,438637,806554,713645,189300,599,540
2021-07-24T23:59:59+02:00,22896,21109,234461,227575,348538,321256,370043,364043,436801,447623,493617,497700,341893,382170,241226,308519,71086,129953,4422,4183,138670,133879,250507,233286,282190,281531,372346,385395,441349,449390,321826,359901,230745,294382,67868,123486,3759964,3039507,507742,435614,806539,713302,187451,599,540
2021-07-23T23:59:59+02:00,22478,20722,232954,226227,347204,320308,368990,363173,435919,446835,492918,497168,341657,381897,241137,308407,71065,129917,3999,3792,133171,129026,245120,228965,277703,277732,368648,382182,438692,447183,321124,359176,230490,294070,67814,123405,3752460,3003864,507270,433835,806484,711161,183937,599,540
2021-07-22T23:59:59+02:00,21972,20246,230843,224243,345446,318760,367483,361879,434599,445687,491935,496265,341222,381445,240960,308158,71021,129836,3577,3448,128815,124957,239107,224441,271301,272651,361736,376672,433224,442659,319937,357911,230049,293542,67720,123251,3739981,2961672,505679,427840,806351,704832,181150,598,538
2021-07-21T23:59:59+02:00,21463,19722,228952,222418,343743,317224,365863,360303,433021,444299,490708,495096,340669,380920,240712,307874,70967,129741,3374,3251,125043,121375,233637,220192,265759,268114,353592,369724,428602,438912,318817,356762,229587,292976,67639,123071,3728948,2926073,501920,416930,806124,700044,177856,598,536
2021-07-20T23:59:59+02:00,21160,19442,227481,220933,342505,316049,364899,359422,432156,443507,489984,494448,340328,380545,240564,307653,70938,129651,3113,2961,120695,117123,227276,215003,259921,262925,346463,363607,423891,434588,317718,355504,229172,292387,67541,122889,3719598,2882195,501512,409688,805993,695644,175710,596,535
2021-07-19T23:59:59+02:00,20846,19146,225744,219236,341189,314792,363856,358443,431340,442728,489312,493828,340032,380180,240412,307420,70893,129554,2917,2751,117931,114514,222874,211406,255292,258966,342739,360425,421264,432399,316991,354775,228871,291993,67466,122765,3708991,2857065,501088,404295,805898,691311,174118,596,535
2021-07-18T23:59:59+02:00,20691,19013,224442,217959,339566,313353,362782,357512,430516,442002,488771,493284,339799,379894,240284,307243,70871,129492,2826,2658,116426,113120,220204,209214,252933,256857,340485,358569,419225,430704,316499,354285,228711,291774,67445,122697,3699500,2844729,500549,400011,805822,687603,172739,595,531
2021-07-17T23:59:59+02:00,20292,18590,223288,216899,338984,312812,362190,356998,429995,441551,488354,492996,339694,379777,240242,307187,70868,129481,2562,2401,114354,111017,217742,206905,250459,254656,338052,356424,417773,429440,316163,353893,228576,291606,67422,122657,3693918,2827179,500346,397282,805798,686815,171272,592,531
2021-07-16T23:59:59+02:00,19748,18076,220747,214754,337245,311506,360679,355704,428527,440344,487255,492136,339288,379407,240071,307028,70843,129445,2294,2160,111236,108208,212965,202967,245915,251012,333743,352717,414424,426714,315240,352961,228225,291188,67368,122576,3683707,2799432,499585,394917,805640,682996,164996,591,530
2021-07-15T23:59:59+02:00,19106,17448,217956,212328,335334,309791,359087,354267,427183,439154,486307,491281,338882,378980,239868,306772,70801,129340,2117,2019,107320,104973,204574,196704,238397,245393,327126,347466,407337,420249,313492,351142,227676,290516,67296,122377,3668620,2752712,498983,386454,805522,675557,161859,588,530
2021-07-14T23:59:59+02:00,18260,16722,215508,210001,333626,308256,357681,352919,425956,437954,485278,490320,338426,378518,239627,306460,70747,129253,1965,1874,103696,101623,198075,191515,232665,240710,322822,343978,403152,416615,312177,349827,227266,289955,67212,122223,3653668,2718972,498397,380900,805398,668738,159141,587,526
2021-07-13T23:59:59+02:00,17606,16064,213319,207974,332020,306877,356342,351686,424778,436859,484314,489458,337984,378044,239424,306213,70712,129160,1853,1766,99927,98074,191571,186088,225510,234634,316131,337904,394742,408738,310377,347898,226660,289161,67099,122022,3639796,2676052,497838,368199,805238,659245,157049,586,522
2021-07-12T23:59:59+02:00,16586,15129,210028,204784,329951,305139,354759,350213,423532,435650,483328,488553,337568,377571,239245,305984,70672,129082,1774,1695,96819,95349,186273,181771,218518,228944,309280,331858,389632,404454,308639,346025,226065,288428,66999,121851,3621272,2637651,497280,361045,805058,650813,155244,584,520
2021-07-11T23:59:59+02:00,16077,14652,208666,203506,329197,304416,354093,349582,422964,435142,482878,488208,337377,377367,239184,305878,70650,129042,1740,1669,95395,94058,183477,179456,215509,226641,306584,329697,386796,402062,306162,343395,225685,287957,66945,121753,3614989,2622605,496639,359048,804925,640297,153408,578,516
2021-07-10T23:59:59+02:00,15602,14192,206815,201714,327725,303145,352955,348603,422231,434543,482400,487810,337207,377202,239118,305792,70640,129022,1699,1622,94087,92782,180930,177333,212466,224154,304053,327530,385629,401025,305515,342725,225505,287768,66929,121726,3606378,2605765,495995,358816,804690,638540,150726,577,516
2021-07-09T23:59:59+02:00,15277,13911,204904,199870,326113,301685,351882,347636,421325,433825,481827,487332,337000,376978,239022,305671,70625,128988,1025,966,91292,90056,177391,174099,208114,219994,299024,322923,382179,398037,304419,341494,225199,287401,66891,121662,3597195,2576718,495126,356748,804495,630932,148122,575,516
2021-07-08T23:59:59+02:00,14808,13483,201408,196877,322793,299009,349499,345642,419611,432362,480392,486260,336561,376537,238844,305422,70580,128910,907,855,86985,86282,170135,168420,199966,213584,291639,316796,375218,391814,301688,338566,224419,286460,66774,121402,3581800,2530425,491074,348071,803975,620552,143191,574,515
2021-07-07T23:59:59+02:00,14307,13029,197659,193001,319612,296138,347180,343587,418051,430885,479185,485154,336084,375972,238652,305149,70541,128804,773,759,83296,82828,162817,162690,190900,206393,283637,310222,368165,384988,298372,334943,223507,285357,66632,121155,3560448,2482357,489703,334612,803588,610536,140245,571,512
2021-07-06T23:59:59+02:00,13847,12655,194221,189620,316347,293395,344701,341290,416331,429319,477914,484018,335582,375412,238455,304859,70488,128719,651,641,79723,79240,156124,157170,183477,200180,274683,302259,361663,378885,295168,331690,222621,284265,66524,120926,3540548,2429748,486626,327621,803171,601009,137813,568,512
2021-07-05T23:59:59+02:00,13449,12318,189819,185370,312281,290050,342184,338950,414652,427768,476768,482943,335109,374895,238275,304613,70455,128633,575,546,76652,76405,150994,153066,178705,196050,267765,295981,355546,373343,291887,328241,221732,283143,66414,120755,3517653,2390610,485460,323125,802675,590641,133714,566,509
2021-07-04T23:59:59+02:00,13271,12159,185973,181493,309638,288016,340867,337873,413768,426988,476184,482448,334885,374641,238188,304487,70429,128579,543,517,74464,74532,147884,150487,176365,194002,265312,293918,352428,371130,288575,324841,221151,282477,66358,120635,3505377,2376779,484163,320824,802110,579095,129202,566,508
2021-07-03T23:59:59+02:00,12075,11102,179539,175489,305363,284552,338529,335700,411948,425178,474967,481390,334484,374195,238015,304241,70405,128536,512,498,72681,72951,145451,148603,173921,191914,262240,291189,350144,369273,286821,322855,220883,282115,66326,120586,3478975,2361016,482754,320623,801927,574603,122999,566,508
2021-07-02T23:59:59+02:00,10975,10010,175823,172021,302938,282347,336778,333993,410696,423988,474191,480699,334225,373880,237901,304059,70377,128488,473,447,69982,70261,141519,145309,169476,187863,256179,285735,344912,364562,283563,319123,220242,281342,66277,120501,3460846,2327745,481272,317832,801746,562007,120466,564,494
2021-07-01T23:59:59+02:00,9877,9081,172143,168568,298892,279045,334279,331718,408898,422406,473095,479738,333805,373416,237700,303789,70331,128408,401,374,65083,65535,135184,139961,162182,181347,245911,276864,334103,354758,278774,313843,218387,279084,66098,120188,3438247,2271315,479174,305457,801399,544262,117303,564,489
2021-06-30T23:59:59+02:00,9387,8688,168867,165480,293263,274414,330600,328377,407126,420864,472073,478767,333382,372930,237507,303488,70297,128319,319,313,61948,62681,129536,135277,155530,175342,235846,267702,320686,341467,273556,308287,216495,276758,65930,119865,3413107,2216202,477000,292631,801105,525408,113539,563,487
2021-06-29T23:59:59+02:00,8850,8165,165059,161694,288715,270139,327032,325074,405016,418779,470523,477352,332793,372292,237253,303133,70242,128210,261,242,59151,59678,124580,130854,149500,169807,223982,256988,312120,333090,267091,301091,214520,274295,65727,119519,3385530,2156860,475000,287958,800779,507991,109917,561,484
2021-06-28T23:59:59+02:00,8445,7785,161725,158229,283671,265814,323723,322226,402870,416850,469036,476039,332274,371680,237020,302824,70198,128117,201,192,56871,57322,120667,127335,145143,165720,214752,248560,306321,327675,262142,295792,212755,272059,65580,119253,3361562,2121077,471029,279326,800120,491452,106704,561,482
2021-06-27T23:59:59+02:00,8297,7662,160215,156699,281564,264003,321920,320687,401168,415491,468141,475322,331984,371389,236917,302661,70179,128068,175,172,55668,56209,118539,125623,142572,163583,210636,245165,302948,324811,258329,291780,210295,269145,65469,119058,3351527,2105573,468954,275823,799075,475298,103698,560,480
2021-06-26T23:59:59+02:00,7143,6563,156944,153359,279459,262119,319504,318445,399977,414335,467442,474624,331715,371109,236810,302503,70155,128038,164,160,55120,55617,117192,124465,141144,162342,208391,243156,300415,322393,256789,290117,209961,268735,65442,118988,3332381,2088727,466128,275731,799069,472798,103563,539,462
2021-06-25T23:59:59+02:00,5921,5447,152634,149071,276060,259163,317450,316484,398666,413087,466439,473798,331426,370773,236683,302347,70128,127989,135,139,53830,53991,114705,121761,137052,157770,199621,234700,294718,316517,255062,287995,209368,267932,65371,118871,3307407,2046179,464697,274032,799017,466207,103336,539,461
2021-06-24T23:59:59+02:00,5056,4659,148179,144937,271223,255209,313171,312699,396468,411208,465063,472661,330999,370310,236515,302109,70094,127902,116,109,51175,51392,109565,117033,129702,151113,187559,224236,283296,306277,249676,282148,207530,265584,65168,118470,3276160,1984035,462686,262226,798850,452440,101642,538,458
2021-06-23T23:59:59+02:00,4834,4453,145010,141816,267516,252047,307926,307892,393974,408860,463656,471344,330470,369691,236284,301797,70046,127795,84,79,49230,49303,105763,113117,124025,145427,177653,215561,271309,294273,245059,277327,206195,263884,65007,118110,3248568,1927628,459159,252353,798689,441740,99864,536,456
2021-06-22T23:59:59+02:00,4583,4223,141930,138686,263797,248662,301794,302456,391340,406300,462111,469858,329920,369082,236064,301444,69999,127688,54,58,47538,47555,102148,109804,119216,140842,165045,204408,260386,283962,240988,272850,204273,261472,64755,117638,3216481,1869176,457222,244618,798497,430780,98588,535,447
2021-06-21T23:59:59+02:00,4324,3977,138664,135738,259082,244752,296545,297585,388290,403425,460638,468503,329402,368518,235843,301132,69959,127576,46,50,46303,46323,99759,107580,116475,138131,158820,198626,253496,277319,235632,267009,200332,256943,64570,117261,3184701,1838133,455174,239100,798290,410979,96625,532,446
2021-06-20T23:59:59+02:00,4180,3858,137155,134228,254824,241253,293960,295343,386898,402108,459847,467755,329176,368229,235731,301000,69939,127514,40,47,45170,45395,97493,105779,114193,136140,155784,196082,249178,273237,232625,263474,199343,255688,64489,117135,3167192,1817709,453408,235546,798130,403100,95096,530,439
2021-06-19T23:59:59+02:00,3764,3507,135002,132128,252072,238927,292175,293687,385052,400540,459007,467027,328954,367976,235628,300862,69919,127482,39,45,44623,44747,96218,104511,112715,134670,154273,194641,245951,270207,231899,262623,199172,255424,64467,117082,3150842,1801701,450580,233963,798121,402812,94984,530,438
2021-06-18T23:59:59+02:00,2812,2594,131716,128987,248547,235872,288162,290273,382650,398412,457668,465867,328578,367576,235473,300627,69892,127433,39,44,43837,43831,94640,102727,110413,131998,150721,190601,239084,262915,230169,260614,198685,254785,64392,116948,3125015,1772352,446142,233433,798095,396095,94701,530,437
2021-06-17T23:59:59+02:00,2577,2371,128004,125695,242513,231422,282931,285884,377856,394423,455342,464029,327982,366853,235228,300272,69827,127320,38,44,41596,42003,90586,99247,105500,127243,142849,182920,227678,251513,224959,254670,197033,252624,64133,116528,3090162,1716599,443151,229283,797832,385176,90237,477,429
2021-06-16T23:59:59+02:00,2306,2135,124763,122287,237610,227068,278230,281622,372682,389923,452744,461885,327241,366056,234938,299858,69761,127205,38,41,39759,40401,87044,96213,101139,123408,134605,175568,215565,239588,218717,247551,195106,250296,63881,116040,3056582,1656719,437603,223674,797339,377058,87630,475,427
2021-06-15T23:59:59+02:00,1917,1803,119846,117416,231626,221920,272875,276634,367611,385290,449895,459463,326371,365077,234587,299346,69679,127021,37,39,38141,38787,83713,93164,97165,119350,127542,169186,203201,227548,212678,240753,193142,247862,63571,115467,3011829,1599356,435673,217818,796777,369370,84919,474,424
2021-06-14T23:59:59+02:00,1654,1527,115792,113251,226393,217011,267511,271659,362319,380532,446774,456868,325583,364217,234278,298957,69617,126900,33,38,37162,37897,81435,91063,94452,116825,123421,165432,196593,221039,209563,237243,192007,246388,63352,115073,2969641,1569717,433317,215538,796520,361704,82170,473,418
2021-06-13T23:59:59+02:00,1581,1442,114298,111873,223941,214903,264967,269398,360064,378570,445602,455842,325307,363912,234142,298785,69585,126826,30,38,36294,37159,79572,89386,92437,115001,120593,162817,192712,217325,206468,233797,190972,245017,63120,114660,2954637,1555682,430877,208256,796217,353461,80105,473,417
2021-06-12T23:59:59+02:00,1432,1304,111644,109123,222044,213172,263581,268116,358624,377170,444708,455075,325019,363603,234050,298682,69567,126798,30,38,35924,36753,78582,88291,91182,113700,119011,161250,189143,214019,205433,232669,189575,243360,63110,114628,2938444,1542497,429897,208245,796195,346082,79970,472,416
2021-06-11T23:59:59+02:00,1285,1168,109091,106607,219146,210548,259912,264924,355487,374435,442993,453604,324582,363151,233913,298474,69540,126743,30,37,35248,35636,76572,84907,88947,110162,114897,156105,182429,206556,203335,230295,188970,242589,63047,114529,2914008,1514939,427096,207548,796012,332623,79271,471,415
2021-06-10T23:59:59+02:00,1123,1011,104338,102191,213070,205780,252852,259094,349388,369136,438498,449828,323721,362180,233593,298028,69456,126590,28,36,33666,34146,72562,80723,84021,104648,108215,147872,170058,192898,197244,223393,187240,240444,62793,114124,2870339,1467680,419986,205799,795178,305581,75131,467,410
2021-06-09T23:59:59+02:00,974,882,100414,98477,207096,201050,246036,253379,342721,363183,434813,446805,323039,361435,233320,297645,69392,126458,27,35,32129,32886,69320,78069,80321,101478,103484,143583,158897,182114,186603,211371,185373,238198,62521,113629,2831288,1413535,411451,201815,794665,294290,70469,449,406
2021-06-08T23:59:59+02:00,792,701,95876,93926,200453,195482,239076,247363,334455,355898,429704,442131,322202,360431,232945,297158,69313,126322,26,33,31054,32027,66727,75767,77035,98749,98893,139661,151271,174601,177873,201638,183564,235944,62290,113261,2779260,1374232,405675,196893,794078,283411,65946,449,397
2021-06-07T23:59:59+02:00,633,560,92651,90822,194377,190773,232515,242116,326623,349721,426656,439683,321654,359794,232728,296831,69259,126226,25,31,30181,31178,64254,73807,74078,96587,95124,136720,143173,166793,173815,196999,182131,234132,62066,112876,2740209,1347046,399499,193588,793509,272278,61116,449,397
2021-06-06T23:59:59+02:00,595,525,91070,89505,191082,188211,229155,239337,322339,346314,425219,438602,321380,359496,232620,296673,69236,126179,25,31,29578,30621,62477,72120,71994,94565,91926,133648,137470,160983,171276,194358,181019,232731,61838,112496,2724760,1335154,392096,183875,793021,261822,58361,448,391
2021-06-05T23:59:59+02:00,513,445,89123,87488,186202,183992,226686,237203,320522,344693,424224,437689,321095,359178,232471,296506,69222,126147,25,30,29118,29861,61272,70160,70592,92411,90242,131368,132698,155632,168262,190683,180533,232072,61804,112430,2701243,1311476,391964,183408,792916,256385,57968,447,390
2021-06-04T23:59:59+02:00,413,360,86766,84956,182529,180371,222671,233252,316926,341050,421862,435492,320638,358643,232276,296277,69183,126085,25,28,28648,29184,60148,68500,69298,90319,88449,128739,129316,151968,164019,185901,179540,230805,61756,112342,2671971,1292574,388137,182633,792797,246300,57520,446,388
2021-06-03T23:59:59+02:00,321,284,83476,81877,176784,175695,215394,227138,309203,334343,414100,428624,319602,357460,231905,295824,69127,125952,23,28,27757,28170,58244,66295,66898,87559,84797,124611,122534,145282,157665,178275,177965,228770,61642,112105,2622958,1263292,377882,177283,792376,233534,54547,444,379
2021-06-02T23:59:59+02:00,271,225,81389,79706,172680,171958,211738,223970,305610,330979,412048,426788,319191,357004,231751,295617,69099,125901,22,26,27285,27686,57110,65166,65287,86275,82725,122657,117546,140389,149770,169288,177242,227813,61557,111935,2594113,1230987,376494,175309,792351,229909,53611,441,370
2021-06-01T23:59:59+02:00,172,157,77119,75877,164394,165381,202362,216230,296499,323087,403834,418948,317681,355390,231210,294877,68987,125674,22,23,25732,26269,52790,62206,60436,82975,77287,118143,110106,133157,138645,155844,175131,225070,61349,111509,2535362,1180707,364835,171194,791593,218115,46709,435,358
2021-05-31T23:59:59+02:00,150,140,74374,73387,158732,161051,195047,210249,289111,316695,398092,413975,316684,354275,230823,294356,68897,125503,22,22,24822,25206,50161,59979,57259,80436,73668,114852,105595,128698,134474,150916,173756,223342,61180,111176,2494892,1158204,355433,168825,790954,207698,40859,434,355
2021-05-30T23:59:59+02:00,139,132,73320,72317,156246,159010,192419,207891,286323,314181,396206,412229,316320,353864,230662,294116,68859,125422,22,22,24216,24418,48564,58238,55516,78575,71427,112281,102938,125829,132317,148383,172964,222406,61086,110965,2479054,1148392,352907,167513,790321,196318,37965,433,347
2021-05-29T23:59:59+02:00,136,130,72711,71724,154731,157608,190118,205861,284484,312594,395369,411459,316097,353618,230581,294037,68848,125403,21,22,23891,23890,47642,56739,54170,76694,69500,109434,100614,123027,129503,144952,172309,221498,61059,110913,2465157,1134741,352746,167446,790258,185773,37939,431,345
2021-05-28T23:59:59+02:00,132,127,71624,70609,152328,155350,186449,202317,281206,309462,393507,409690,315687,353112,230434,293823,68829,125346,21,21,23356,22886,46033,54609,52336,74126,67451,105482,96278,117135,125109,139887,171330,220186,61012,110799,2441314,1112035,351693,167231,790049,171253,37558,429,339
2021-05-27T23:59:59+02:00,121,118,68304,67591,145833,150401,178254,196056,274801,304293,387195,404001,314418,351664,229973,293292,68757,125163,19,20,22029,21201,42777,51555,48452,70309,62884,99462,89913,109615,121171,135254,168518,216478,60839,110484,2396678,1083529,344060,164490,788238,151149,31825,427,333
2021-05-26T23:59:59+02:00,117,115,66148,65405,140880,146309,172147,190989,268044,298622,380452,397309,312894,350048,229478,292592,68653,124950,19,19,21284,20281,40947,49416,46095,67572,59841,95667,85322,104489,116180,129522,164704,211125,60629,110055,2359340,1051501,330844,162907,786412,139667,29103,425,329
2021-05-25T23:59:59+02:00,116,108,64117,63409,136673,142819,167096,186690,260974,292329,375023,391915,311605,348632,229064,291942,68570,124771,19,19,20706,19616,39547,47895,44259,65553,57365,92659,81235,100102,111222,123806,159137,203845,60459,109747,2321724,1019826,323331,159482,783867,130427,27469,422,323
2021-05-24T23:59:59+02:00,114,106,62873,62196,133910,140710,163815,184273,254024,286331,370075,387232,310775,347712,228777,291555,68499,124640,19,19,20363,19204,38526,46819,42914,64066,55680,90648,78998,97584,109791,122148,158527,203053,60346,109544,2297964,1010437,312205,158174,782056,123737,25920,421,316
2021-05-23T23:59:59+02:00,109,105,62376,61679,132809,139813,162617,183237,252781,285308,368485,385802,310153,347054,228604,291327,68479,124604,19,16,20129,19016,37973,46259,42157,63365,54510,89650,77501,96215,108609,120744,157546,201829,60275,109402,2286449,1002223,311617,155090,782012,122137,25789,420,311
2021-05-22T23:59:59+02:00,106,103,61680,61054,131310,138728,160243,181612,249809,283011,366005,383571,309623,346458,228426,291060,68453,124553,18,16,19810,18591,37357,45653,41521,62835,53857,88921,76729,95065,107058,118935,156772,200858,60248,109348,2268431,995508,311600,155086,781973,118699,24319,420,311
2021-05-21T23:59:59+02:00,102,100,60341,59611,128396,136129,156945,178286,244568,278241,359905,377884,308686,345363,228131,290662,68392,124445,18,15,19445,18223,36742,44882,40865,61780,52901,87523,75000,92767,103813,114982,155632,199406,60155,109172,2232308,982456,309955,154758,780395,112098,24032,416,307
2021-05-20T23:59:59+02:00,93,98,57288,56819,122655,131248,150005,171965,234250,269478,350868,369598,306143,342617,227362,289649,68260,124225,17,15,18148,17287,34565,42636,38407,58880,50072,83743,71070,88258,99679,110323,153159,196381,59973,108817,2174248,963082,303282,152801,774435,94424,21137,411,304
2021-05-19T23:59:59+02:00,91,96,55076,54626,117642,126566,142835,165343,223701,260116,340317,358687,303493,339750,226613,288597,68109,123948,17,15,17566,16499,33339,41051,37001,56818,48054,80960,67827,84677,95791,105850,149521,191634,59711,108325,2108268,939628,297025,150820,771456,84908,19316,407,290
2021-05-18T23:59:59+02:00,87,92,52975,52660,112852,122304,136449,159771,212126,249741,330429,348882,300820,336782,225732,287398,67959,123693,17,15,17046,15893,32119,39583,35641,55024,46236,78546,64939,81447,91775,101308,146320,187556,59500,107891,2048355,919329,287646,147954,767861,76247,17335,403,289
2021-05-17T23:59:59+02:00,84,88,51940,51664,110510,120242,133633,157116,205593,243720,322853,341783,299024,334809,225143,286575,67851,123480,17,15,16587,15443,31069,38538,34465,53725,44753,76745,62670,79045,86929,95436,144854,185668,59352,107577,2021511,907596,275328,140478,764432,69547,15273,399,283
2021-05-16T23:59:59+02:00,83,85,51151,51009,109061,118919,131886,155448,202620,241033,315419,334824,298002,333678,224833,286090,67798,123382,17,15,16303,15071,30317,37754,33591,52806,43692,75428,61337,77572,83512,91352,144062,184588,59264,107435,2006149,901488,264895,133705,761185,65407,13520,395,276
2021-05-15T23:59:59+02:00,82,85,50612,50375,108057,117927,130870,154331,200683,239096,311848,331609,297379,332993,224637,285819,67778,123318,17,15,16163,14907,30062,37444,33305,52374,43206,74778,60486,76584,82915,90535,143545,183920,59228,107387,1989924,896236,264874,133558,760315,64276,12810,393,271
2021-05-14T23:59:59+02:00,81,84,49350,48946,105802,115829,127274,150876,192467,232024,305533,325720,296397,331854,224351,285371,67730,123224,17,15,15664,14476,29272,36621,32530,51180,42129,72991,58915,74632,81002,88042,142933,182927,59187,107302,1952620,886553,263170,132680,755767,58845,11763,390,269
2021-05-13T23:59:59+02:00,78,82,47430,46994,101949,112593,122550,146761,182438,223431,294920,315896,293432,328433,223540,284233,67630,123016,15,14,14803,14029,28415,35920,31770,50279,41182,71895,57406,73064,77218,83688,140161,179317,59077,107085,1900989,873983,254527,125622,749536,54995,10747,384,263
2021-05-12T23:59:59+02:00,76,80,46516,46281,100030,111159,120481,145093,179881,221320,290187,310564,292269,327162,223300,283915,67592,122931,15,13,14637,13877,28093,35701,31364,49990,40734,71520,56865,72494,75868,82055,139380,178181,58991,106925,1877869,868217,252361,123824,749045,54723,9949,380,261
2021-05-11T23:59:59+02:00,72,74,44269,44804,95987,108074,114662,140360,166506,210045,278533,299799,288867,323247,222347,282516,67442,122632,15,12,14206,13310,27079,34272,30229,48182,39427,69245,55155,70226,72773,78468,138017,176345,58832,106566,1818976,855902,242630,121134,740529,46858,8469,376,260
2021-05-10T23:59:59+02:00,71,70,43014,43825,93384,106065,111405,137725,158120,203016,270654,292688,286691,320792,221776,281656,67318,122391,15,11,13861,12866,26318,33287,29435,46919,38430,67389,53926,68497,70684,75913,136871,174830,58713,106276,1783382,847017,236585,120079,733554,39658,7497,373,251
2021-05-09T23:59:59+02:00,70,70,41890,43052,90701,104307,108740,135953,153104,199594,265130,287740,285446,319402,221399,281127,67252,122245,15,11,13544,12646,25622,32619,28707,46115,37635,66427,52998,67555,69452,74509,136273,173991,58658,106145,1764025,842435,229484,119101,727553,34879,6514,367,248
2021-05-08T23:59:59+02:00,69,70,41598,42749,89854,103574,107639,135094,151651,198376,262566,285674,284945,318862,221280,280950,67236,122213,15,11,13443,12584,25492,32527,28561,45984,37445,66234,52657,67235,68486,73585,135202,172622,58611,106052,1751955,837809,228974,118352,727328,34102,6498,360,238
2021-05-07T23:59:59+02:00,67,69,40674,42031,87916,102232,104804,132873,147029,194567,256309,280159,283603,317262,220934,280497,67184,122091,15,11,12696,12103,24664,31789,27793,44923,36579,64970,51475,65721,66236,70896,132972,169796,58522,105875,1726135,828107,225762,116078,723205,27315,5549,355,235
2021-05-06T23:59:59+02:00,63,68,38033,40305,83163,98770,98806,128117,136837,186052,239869,265747,278486,311466,219645,278810,67010,121778,15,11,12010,11584,23726,30685,26792,43572,35223,62971,49737,63742,63746,67763,130860,167030,58408,105658,1660563,816991,215858,112967,712295,18945,4641,343,234
2021-05-05T23:59:59+02:00,61,65,36145,39106,79502,96182,94204,124469,129010,179515,225112,251703,272299,304329,218070,276818,66764,121256,15,10,11776,11308,23179,29960,26187,42650,34299,61570,48582,62325,61130,64645,127914,163325,58310,105407,1594336,804668,210776,109395,706251,14973,3571,342,229
2021-05-04T23:59:59+02:00,61,63,35038,37996,76774,93857,90694,121423,123434,174781,214478,241423,266812,297880,216627,274977,66555,120789,15,10,11613,11104,22770,29418,25724,41878,33575,60477,47471,61049,58404,61456,125548,160388,58161,105171,1545254,792753,205651,106756,700161,11824,2917,337,225
2021-05-03T23:59:59+02:00,60,62,34166,36944,74483,92033,87818,119069,118995,171136,207817,235420,263533,294016,215830,273888,66433,120494,15,10,11366,10831,22376,28838,25243,41177,32885,59512,46444,59907,55606,58109,121769,155491,57904,104732,1513485,776863,202538,105041,695221,9066,1268,333,218
2021-05-02T23:59:59+02:00,60,62,33811,36628,73305,91125,86343,117973,116567,169266,204718,232900,262570,292928,215545,273481,66366,120386,15,9,11294,10758,22186,28622,25010,40892,32541,59102,45989,59431,54416,56646,118697,151806,57820,104600,1502860,771823,199741,99473,691345,8164,403,326,209
2021-05-01T23:59:59+02:00,59,62,33492,36248,72542,90330,85269,116930,115093,167900,201631,229870,261878,292102,215335,273201,66355,120347,15,9,11280,10742,22133,28591,24946,40854,32479,59045,45907,59354,54174,56353,118539,151610,57811,104583,1487746,770511,199732,99433,691078,8116,396,325,207
2021-04-30T23:59:59+02:00,56,60,32949,35647,71335,89107,83805,115199,111308,164329,194231,222756,259888,289734,214886,272593,66295,120239,15,9,10957,10546,21772,28313,24668,40428,32151,58483,45445,58722,53277,55188,117587,150425,57756,104464,1454841,766828,199405,97441,690277,5778,194,323,203
2021-04-29T23:59:59+02:00,54,59,31448,34693,68405,87078,80170,112589,106194,160211,181411,211208,251953,280626,213689,270961,66161,119896,15,9,10648,10331,21295,27864,24238,39931,31562,57742,44641,57790,51442,52991,115736,148187,57655,104268,1399903,757982,192119,94769,684906,3457,172,313,200
2021-04-28T23:59:59+02:00,53,58,30213,34081,66534,85764,77688,110767,102769,157352,171719,202020,241098,268026,212411,269276,65965,119570,15,9,10461,10170,20991,27507,23871,39461,31134,57082,43914,56961,49306,50363,113152,144945,57530,104056,1347223,748385,188756,90209,679535,2236,140,309,189
2021-04-27T23:59:59+02:00,50,57,29455,33394,64953,84292,75671,108955,100002,154953,166985,197288,232588,258213,211265,267661,65845,119347,15,9,10336,10058,20709,27215,23634,39130,30773,56579,43223,56272,47295,47820,110511,141506,57411,103856,1313139,738557,186447,86196,671537,1514,138,302,177
2021-04-26T23:59:59+02:00,49,57,29024,33009,63853,83405,74168,107788,97710,153238,158370,189285,228396,253368,210559,266664,65752,119147,15,9,10241,9968,20491,27023,23396,38916,30474,56237,42604,55698,45487,45673,108614,139024,57315,103702,1284187,730586,185004,83093,664805,1133,132,295,172
2021-04-25T23:59:59+02:00,49,56,28772,32769,63074,82877,73102,107051,95978,152007,152979,184413,224062,248483,209969,265883,65686,119024,15,9,10185,9933,20412,26942,23308,38833,30365,56110,42442,55538,45076,45176,107933,138117,57287,103631,1271395,728912,178865,81327,656128,1001,129,292,172
2021-04-24T23:59:59+02:00,49,55,28428,32341,62132,81651,71916,105602,94425,150342,148070,179258,221275,245147,209499,265209,65652,118974,15,9,10171,9913,20371,26899,23254,38766,30284,56024,42291,55402,44832,44866,107681,137820,57266,103603,1246498,727813,178835,80626,654841,958,128,288,170
2021-04-23T23:59:59+02:00,47,55,27679,31718,60565,80134,70119,103582,91834,147696,143277,174861,216719,239592,208844,264221,65589,118859,15,9,10118,9850,20261,26812,23121,38615,30050,55814,41928,55071,44216,44106,106617,136532,57110,103328,1221580,724452,177649,78147,646303,906,127,285,167
2021-04-22T23:59:59+02:00,45,54,27061,31117,59028,78696,67652,101365,87704,144204,135231,167368,207691,228595,206805,261592,65390,118463,14,9,9993,9754,20010,26514,22766,38177,29536,55301,41176,54436,43058,42790,104621,134080,56881,102930,1180038,716957,170195,74241,637964,785,127,279,162
2021-04-21T23:59:59+02:00,45,50,26565,30596,57695,77589,65768,99730,84658,141564,128049,160550,194608,213257,204656,258707,65164,118037,14,9,9861,9667,19776,26263,22477,37852,29180,54848,40621,53899,42207,41772,102426,131285,56626,102514,1128526,710386,167306,70142,631589,712,127,273,155
2021-04-20T23:59:59+02:00,44,49,26139,30125,56526,76441,64090,98144,82106,138992,122959,155477,183136,199799,202228,255572,64927,117607,13,9,9756,9576,19555,26074,22184,37580,28769,54429,40081,53367,41388,40837,100202,128290,56287,101979,1085867,702807,163817,66890,624807,632,125,271,147
2021-04-19T23:59:59+02:00,44,48,25772,29766,55551,75623,62803,96967,79973,137067,119430,152088,177370,192957,200519,253340,64743,117277,13,9,9648,9482,19324,25852,21936,37305,28452,54035,39566,52835,40592,39930,97090,124296,55882,101264,1061292,692401,161983,64469,618198,594,124,263,147
2021-04-18T23:59:59+02:00,43,43,25463,29503,54782,75077,61678,96020,78112,135637,116063,149691,172255,187399,199504,252111,64631,117085,13,9,9574,9406,19133,25675,21758,37139,28237,53757,39307,52585,40263,39547,95877,122745,55699,100963,1047281,688525,160315,62538,607631,579,124,259,144
2021-04-17T23:59:59+02:00,42,42,25353,29410,54412,74877,61159,95666,77460,135036,115212,148950,168000,182517,198971,251385,64597,117022,13,9,9529,9347,18994,25486,21570,36910,28009,53481,39042,52317,39961,39222,95110,121819,55634,100879,1036393,684497,160286,62222,603562,568,124,258,144
2021-04-16T23:59:59+02:00,42,42,24978,29160,53419,74266,59870,94787,75830,133705,111058,144806,160355,173754,197313,249183,64489,116814,13,9,9324,9172,18602,25052,20983,36334,26897,52575,37014,50712,36633,36264,91912,118290,55232,100225,1010471,669366,159493,55294,594036,539,123,256,142
2021-04-15T23:59:59+02:00,39,38,24502,28711,52164,73098,57906,93061,72551,130863,105593,139530,152494,164780,192660,243313,64193,116198,13,9,9150,9008,18230,24628,20490,35670,26219,51776,35625,49480,34521,34211,88789,114548,54724,99368,978275,656226,157436,49704,576107,489,122,254,137
2021-04-14T23:59:59+02:00,37,35,24162,28385,51229,72161,56562,91672,70165,128700,101593,135760,143296,154397,184918,233434,63852,115532,13,9,8742,8734,17753,24120,19954,35021,25308,50899,34338,48360,32472,32053,85809,110891,54231,98506,940391,641293,154767,45483,560861,397,121,244,137
2021-04-13T23:59:59+02:00,37,35,23921,28166,50530,71627,55612,90840,68529,127285,97867,132317,131464,141273,178524,225108,63514,114943,13,9,8505,8559,17406,23708,19527,34482,24642,50105,33266,47341,31088,30688,83645,108489,53871,97961,907113,631901,150249,41090,544358,275,121,240,135
2021-04-12T23:59:59+02:00,37,34,23712,27976,49975,71113,54743,90104,67057,125994,95237,129996,124353,133244,175296,221161,63243,114452,13,9,8268,8369,17040,23409,19154,34044,24170,49570,32599,46713,29557,29145,81981,106551,53545,97440,890689,623443,148705,37835,528466,261,119,233,132
2021-04-11T23:59:59+02:00,36,34,23538,27812,49446,70692,54007,89649,65910,125186,93377,128516,118866,127221,171383,216558,63073,114155,13,9,8132,8235,16742,23130,18835,33728,23812,49188,32154,46328,28919,28477,80963,105303,53336,97121,883199,618142,144302,36006,512101,247,113,225,128
2021-04-10T23:59:59+02:00,36,34,23477,27755,49279,70554,53804,89488,65579,124915,92851,128078,116782,124688,169942,214707,63031,114056,13,9,7543,7629,15850,22342,17875,32887,22693,48155,31041,45331,28257,27766,78866,102694,53069,96685,876193,602803,143445,35627,509567,243,106,223,128
2021-04-09T23:59:59+02:00,35,34,23228,27505,48775,70062,53158,88796,64581,123788,91025,126171,107948,113738,166562,210299,62831,113698,12,9,6583,6727,14318,21019,16155,31330,20550,46186,28827,43321,26478,25939,75357,98507,52525,95845,856740,575318,136389,34110,499261,231,94,217,126
2021-04-08T23:59:59+02:00,35,34,22931,27258,48195,69570,52401,88098,63270,122702,88602,124003,97629,101735,161015,203451,62501,113129,12,9,5939,6139,13124,19998,14896,29992,18910,44470,26337,40988,23456,22969,70691,92708,51370,94078,838030,543687,127494,32173,481198,204,84,215,122
2021-04-07T23:59:59+02:00,33,33,22619,27029,47385,69108,51467,87481,61876,121714,85452,121555,88429,91438,154007,194662,62207,112572,12,9,5559,5816,12463,19320,14078,29165,17871,43420,24430,39096,20915,20443,66724,87927,50372,92459,817589,520189,121890,29695,459756,178,77,206,117
2021-04-06T23:59:59+02:00,32,33,22407,26870,46854,68724,50876,86957,60842,120937,83343,119812,80665,82626,147635,186700,61862,111946,12,9,5362,5657,12109,18959,13723,28733,17335,42856,23570,38285,19787,19413,63561,83822,49448,91069,798298,506798,118678,26736,442317,166,71,200,116
2021-04-05T23:59:59+02:00,32,32,22307,26745,46541,68375,50484,86556,60291,120244,82161,118660,76183,77532,142653,180615,61661,111632,12,9,5222,5518,11848,18706,13428,28418,17013,42480,23123,37824,19324,18943,60670,80261,48749,90003,788853,497444,116925,23940,427107,161,65,191,116
2021-04-04T23:59:59+02:00,32,32,22258,26684,46418,68101,50312,86241,60010,119743,81651,118028,74739,75821,141951,179643,61624,111550,12,9,5216,5510,11829,18692,13416,28401,16994,42463,23025,37752,18918,18622,59231,78412,48542,89691,786307,492645,116816,23937,421906,154,59,187,114
2021-04-03T23:59:59+02:00,32,32,22196,26603,46295,67992,50148,86065,59695,119431,81083,117450,73393,74185,140837,178106,61541,111402,12,9,5205,5501,11816,18673,13394,28381,16961,42416,22919,37677,18782,18471,58878,77846,48453,89544,779946,490851,116774,23937,419957,152,58,186,114
2021-04-02T23:59:59+02:00,32,32,22118,26518,46133,67825,49927,85815,59225,118977,80202,116637,71838,72302,138558,175123,61347,111042,12,9,5185,5464,11768,18629,13339,28299,16872,42267,22645,37202,18425,18108,56540,74962,47640,88443,770823,482369,114995,23295,418027,152,54,184,111
2021-04-01T23:59:59+02:00,29,31,21923,26314,45717,67305,49281,85072,58351,118038,78318,114968,68574,68873,134471,169946,61030,110470,12,9,5038,5320,11493,18364,13115,28061,16550,41959,22140,36759,17597,17357,51679,68911,45952,85969,759170,464238,108904,21921,410835,139,49,180,108
2021-03-31T23:59:59+02:00,29,31,21594,26095,45315,66777,48782,84422,57619,117098,77158,113727,66524,66552,129711,163826,60626,109746,11,9,4960,5267,11393,18241,12951,27908,16311,41690,21546,36243,16465,16454,46447,62478,44565,83975,749395,445819,101731,20982,404710,136,42,178,105
2021-03-30T23:59:59+02:00,29,30,21417,25872,44912,66157,48275,83621,56909,116046,76019,112349,64679,64532,125330,158074,60160,108848,11,9,4893,5182,11288,18114,12757,27718,15981,41367,20972,35697,15632,15651,43682,59062,43452,82177,739205,433949,97505,19615,396766,109,36,169,103
2021-03-29T23:59:59+02:00,28,30,21219,25634,44449,65605,47796,82930,56175,114964,74781,110913,62185,61783,118596,149452,59392,107457,11,9,4796,5109,11181,17997,12603,27553,15736,41043,20510,35229,14982,15109,41078,56067,42344,80348,718667,422712,94087,18932,390854,92,34,167,101
2021-03-28T23:59:59+02:00,28,30,21013,25342,43949,64912,47279,82186,55495,113957,73833,109803,60926,60348,113890,143481,58948,106699,11,9,4740,5050,11035,17847,12343,27253,15544,40797,20342,34996,14743,14863,40003,54656,41992,79807,712123,418391,86775,17607,383439,71,34,163,94
2021-03-27T23:59:59+01:00,28,30,20892,25183,43655,64548,46915,81658,54991,113270,73158,109066,59772,59265,112402,141771,58881,106617,11,9,4726,5038,11008,17827,12325,27223,15181,40367,19942,34558,14452,14653,39518,53969,41519,78990,706848,414336,86071,16954,379399,66,34,161,92
2021-03-26T23:59:59+01:00,28,29,20641,24672,42848,62844,45943,79633,53654,110248,71142,105449,57760,57375,109655,138542,58553,106100,9,9,4707,5005,10984,17775,12254,27130,15102,40257,19601,33963,13982,14001,36438,50118,39460,75732,695454,399782,82754,16735,367121,52,31,160,92
2021-03-25T23:59:59+01:00,28,26,20209,23999,41972,61078,44848,77081,52143,106717,68752,101686,55163,54739,106342,134578,57983,105107,9,9,4661,4949,10892,17672,12132,26985,14917,40038,19324,33656,13505,13507,32591,45063,36457,71181,684023,381405,78555,16139,350088,47,28,157,90
2021-03-24T23:59:59+01:00,28,26,19805,23549,41187,59804,43827,75539,50761,104791,66648,99353,52380,51822,102089,129484,57343,104030,9,9,4606,4882,10798,17530,11964,26782,14687,39750,18957,33238,13046,13059,30018,41849,33339,66343,671212,365834,73677,15041,337795,41,24,154,87
2021-03-23T23:59:59+01:00,28,26,19558,23247,40626,58884,43101,74443,49721,103277,64982,97493,50083,49480,99339,126273,56785,103191,9,9,4546,4811,10699,17404,11817,26597,14441,39436,18541,32849,12546,12552,27578,38736,29636,60412,663059,348177,70339,14453,327358,38,23,152,87
2021-03-22T23:59:59+01:00,28,26,19334,22829,39983,58000,42433,73402,48776,101891,63510,95861,48255,47591,96944,123536,56315,102425,6,8,4489,4765,10611,17287,11686,26419,14282,39196,18299,32547,12229,12178,25736,36371,25638,53937,656749,331803,67535,13897,317071,33,23,151,85
2021-03-21T23:59:59+01:00,28,26,19195,22570,39489,57243,41879,72554,48123,100734,62565,94626,47207,46565,95303,121683,55945,101847,6,8,4473,4756,10575,17239,11637,26332,14222,39109,18218,32446,12109,12042,25306,35923,25284,53377,654158,329601,65505,13484,308133,33,20,150,80
2021-03-20T23:59:59+01:00,27,26,19136,22426,39276,56749,41638,71993,47811,100098,62124,94025,46551,45800,92707,118455,55657,101362,6,8,4464,4747,10565,17227,11609,26314,14179,39074,18137,32371,11955,11882,24665,35150,24519,52294,647693,325893,65054,13296,303323,33,20,150,80
2021-03-19T23:59:59+01:00,26,25,18781,21860,38142,54624,40356,69996,46076,98012,59244,91269,42116,41933,87491,112697,54956,100287,6,8,4442,4732,10532,17177,11544,26202,14087,38901,17901,32071,11604,11601,22985,33086,22834,49728,629956,316536,57849,12933,290295,29,19,146,79
2021-03-18T23:59:59+01:00,26,24,18387,21210,36963,52469,38819,67208,43920,93540,55399,85479,38087,38133,82763,107222,53868,98633,6,8,4422,4703,10466,17074,11466,26046,13942,38714,17687,31869,11370,11418,21739,31565,21119,47128,613031,308451,52116,12320,267203,27,18,145,77
2021-03-17T23:59:59+01:00,26,23,17961,20857,36234,51549,38050,66251,42837,92182,53611,83655,35409,35341,78751,102402,52929,97162,5,8,4399,4675,10404,16979,11392,25912,13829,38526,17491,31676,11134,11192,20487,30147,19528,44719,596363,300926,47714,11609,261346,24,18,142,75
2021-03-16T23:59:59+01:00,25,23,17601,20437,35483,50477,37235,65055,41740,90508,51770,81666,33202,33321,74716,97441,52048,95848,5,6,4349,4623,10331,16849,11302,25759,13729,38288,17358,31433,10956,11009,19205,28622,18047,42391,583080,293124,43023,11174,252683,24,15,140,73
2021-03-15T23:59:59+01:00,25,23,17321,20073,34772,49494,36442,63865,40834,89028,50508,80064,31478,31487,71425,93346,51352,94717,5,6,4327,4588,10264,16726,11236,25559,13612,38000,17209,31161,10790,10850,18474,27656,16782,40528,571949,287296,39695,10525,244808,24,4,135,70
2021-03-14T23:59:59+01:00,25,22,17050,19646,33916,48285,35541,62547,39772,87200,49252,78337,30310,30246,69429,90784,50910,94040,5,6,4303,4569,10219,16648,11180,25417,13552,37778,17119,30999,10718,10764,18295,27376,16519,39966,564829,286099,37815,9394,234868,15,1,131,70
2021-03-13T23:59:59+01:00,25,22,16231,18584,32416,46243,33966,60409,37732,84120,47114,75777,28958,28889,67409,88158,50642,93651,5,6,4303,4568,10217,16642,11176,25408,13543,37771,17111,30990,10684,10733,17546,26489,15472,38512,548473,281842,37531,9393,224521,15,1,131,69
2021-03-12T23:59:59+01:00,24,21,15131,17207,29973,43591,31299,57266,34868,79266,43899,71311,26118,25699,63102,82858,49659,92250,5,5,4290,4535,10198,16580,11158,25355,13499,37652,17021,30860,10407,10505,16654,25241,14402,36984,520423,276030,36220,9381,207068,12,1,128,68
2021-03-11T23:59:59+01:00,23,21,14089,15744,27716,40894,28977,54084,32274,74875,40141,66420,22711,22223,57088,75544,47732,89424,5,5,4248,4494,10118,16461,11045,25128,13381,37342,16855,30554,10103,10293,16021,24396,13733,35706,488357,272019,34630,7938,187145,9,1,121,62
2021-03-10T23:59:59+01:00,23,21,13495,15044,26304,39278,27323,52261,30709,72555,37619,63295,19958,19668,51175,68413,46180,87093,5,5,4211,4450,10019,16294,10924,24877,13233,36922,16656,30181,9861,10108,15279,23623,13074,34680,461933,267279,32585,7194,176046,6,1,119,60
2021-03-09T23:59:59+01:00,22,20,13211,14578,25178,38237,25906,51076,29643,70901,36238,61460,18774,18545,47667,63968,45059,85303,5,5,4186,4424,9934,16127,10820,24617,13079,36605,16478,29944,9735,10004,14614,22783,12575,33905,448330,263559,30044,6356,167549,6,1,119,55
2021-03-08T23:59:59+01:00,21,20,12880,13967,24097,37124,24636,49939,28707,69420,34998,59839,17702,17662,43549,58987,43831,83317,5,5,4171,4388,9872,15929,10717,24353,12945,36247,16348,29679,9651,9920,14118,22177,12260,33462,432877,260362,28035,5963,159919,2,1,116,54
2021-03-07T23:59:59+01:00,21,20,12647,13672,23502,36271,23937,49063,28106,68550,34387,59078,17437,17408,42481,57535,43467,82756,5,5,4159,4375,9849,15887,10690,24279,12914,36077,16291,29565,9629,9891,13919,21922,12125,33258,428106,259299,26220,5620,156147,0,1,111,54
2021-03-06T23:59:59+01:00,20,20,12533,13380,23098,35535,23401,48271,27057,67017,33286,57314,17049,17078,41835,56644,43167,82288,5,5,4156,4361,9837,15860,10672,24245,12904,36036,16273,29534,9611,9851,13873,21884,12022,33047,424030,258921,26156,5336,148941,0,1,109,52
2021-03-05T23:59:59+01:00,20,20,12120,12777,22413,34331,22715,47041,26301,65386,32052,54895,16400,16243,38377,52345,41016,78851,5,5,4129,4314,9767,15760,10622,24097,12836,35841,16186,29329,9516,9781,13688,21673,11650,32434,408852,257227,24703,4488,139875,0,1,109,50
2021-03-04T23:59:59+01:00,18,20,11360,11764,21224,32604,21500,44991,24944,62732,30358,52541,15671,15524,34372,47180,37938,74168,5,5,4079,4223,9653,15467,10519,23739,12703,35306,16041,28927,9337,9626,13530,21463,11565,32288,390408,254164,22625,4394,126000,0,1,109,47
2021-03-03T23:59:59+01:00,16,20,11049,11268,20536,31386,20725,43627,24033,60981,29312,50900,15192,15019,31756,43857,34851,69398,5,5,4037,4159,9573,15296,10439,23486,12597,34885,15860,28579,9152,9499,13404,21243,11420,32017,374951,251512,21829,4228,117268,0,1,105,42
2021-03-02T23:59:59+01:00,16,20,10788,10840,19890,30414,20012,42609,23246,59592,28338,49623,14564,14368,29086,40492,30954,63182,5,5,3989,4087,9510,15129,10369,23221,12492,34453,15759,28270,9025,9396,13264,21053,11343,31871,356751,249100,20320,4224,111081,0,0,103,42
2021-03-01T23:59:59+01:00,14,19,10616,10580,19377,29609,19449,41725,22656,58520,27623,48500,14142,13913,27014,37908,26686,56285,5,5,3973,4037,9455,14974,10305,22922,12410,34078,15651,27947,8941,9334,13082,20784,11227,31688,339503,246675,19204,4224,106044,0,0,101,42
2021-02-28T23:59:59+01:00,13,19,10446,10378,18909,28959,18912,40985,22174,57664,27131,47704,13933,13670,26409,37251,26281,55682,5,5,3957,4023,9429,14941,10286,22870,12393,34008,15624,27900,8914,9310,12951,20605,11163,31539,337038,245819,18344,4187,101250,0,0,101,40
2021-02-27T23:59:59+01:00,13,18,10267,9863,18581,28095,18654,40196,21891,56681,26805,46917,13661,13369,25740,36450,25358,54265,5,5,3944,4011,9407,14920,10254,22823,12354,33926,15577,27826,8893,9294,12931,20582,11141,31519,333134,245457,17622,4038,96176,0,0,101,40
2021-02-26T23:59:59+01:00,12,17,9472,9081,17683,26657,17872,37990,20959,53833,25344,44100,13194,12969,24148,34460,23829,51957,5,5,3864,3942,9329,14760,10180,22567,12274,33560,15460,27532,8814,9214,12865,20515,11101,31449,323999,243556,17367,3964,82313,0,0,100,38
2021-02-25T23:59:59+01:00,12,17,8315,8229,16363,25049,16609,35737,19724,50950,23637,41319,12716,12568,22870,32870,22331,49674,5,5,3740,3796,9163,14443,9957,21961,12017,32705,15134,26877,8618,9063,12603,20190,10961,31180,316379,239398,16594,3104,66113,0,0,95,37
2021-02-24T23:59:59+01:00,11,16,7950,7705,15710,24017,15984,34504,19010,49440,22847,40120,12323,12232,21562,31375,20654,47047,4,5,3668,3728,9021,14152,9779,21506,11813,32076,14871,26342,8476,8924,12460,20017,10896,30968,308150,236619,15627,2170,58823,0,0,95,36
2021-02-23T23:59:59+01:00,11,16,7466,7227,14896,22841,15298,33286,18289,48032,22130,39050,12010,11907,20222,29802,19044,44497,4,5,3627,3652,8901,13948,9638,21108,11625,31496,14570,25840,8306,8780,12332,19806,10824,30731,300037,233772,14828,1504,51247,0,0,94,35
2021-02-22T23:59:59+01:00,10,14,7359,7022,14514,22225,14946,32561,17822,47023,21637,38317,11808,11657,19473,28791,17726,42542,4,5,3597,3550,8763,13657,9476,20606,11370,30751,14201,25241,8058,8585,12133,19551,10718,30421,294158,230451,14221,317,47152,0,0,91,35
2021-02-21T23:59:59+01:00,10,14,7269,6896,14189,21780,14527,31978,17407,46373,21199,37822,11702,11555,19310,28577,17478,42208,4,5,3557,3510,8679,13533,9397,20390,11298,30460,14078,24970,7998,8524,12075,19441,10647,30257,293009,228601,13851,301,43516,0,0,89,35
2021-02-20T23:59:59+01:00,10,14,7152,6846,14063,21700,14409,31842,17288,46222,21039,37638,11603,11471,18527,27659,16419,40738,4,5,3555,3504,8669,13525,9387,20369,11284,30435,14063,24959,7993,8515,12011,19377,10593,30189,288745,228217,13654,300,42321,0,0,88,34
2021-02-19T23:59:59+01:00,8,13,6850,6594,13710,21262,14038,31173,16815,45426,20333,36767,10998,11069,17480,26331,15263,39130,4,5,3475,3479,8594,13497,9344,20310,11246,30343,14004,24865,7951,8455,11791,19105,10401,29859,282362,226511,13277,298,37698,0,0,86,33
2021-02-18T23:59:59+01:00,8,13,6453,6121,13083,20118,13397,29801,15999,43557,19458,35188,10767,10852,16888,25578,14686,38245,4,5,3288,3342,8260,12958,9049,19559,10895,29299,13633,24036,7746,8146,11205,18153,9904,28705,278777,217970,12699,298,28812,0,0,83,32
2021-02-17T23:59:59+01:00,8,12,6287,5778,12638,19240,12905,28612,15299,41836,18811,33864,10537,10600,16132,24764,13910,37061,3,5,3038,3182,7919,12441,8749,18770,10528,28253,13246,23186,7512,7908,10650,17300,9468,27889,274118,209830,11967,294,22283,0,0,79,32
2021-02-16T23:59:59+01:00,8,12,5961,5476,12101,18407,12404,27543,14754,40461,18217,32832,10381,10497,15465,23935,13402,36278,3,5,2856,3062,7616,11987,8443,18046,10131,27162,12785,22286,7240,7612,9936,16126,8738,26337,270596,200312,11470,138,16145,0,0,74,29
2021-02-15T23:59:59+01:00,7,12,5854,5293,11804,17762,12137,26760,14406,39467,17869,32062,10252,10385,14907,23283,13043,35741,3,5,2767,2982,7423,11666,8226,17539,9828,26315,12433,21604,6970,7326,9239,15068,8226,25056,267496,192663,10867,92,12764,0,0,68,28
2021-02-14T23:59:59+01:00,7,12,5585,5178,11555,17492,11914,26327,14174,39019,17678,31784,10206,10333,14672,22943,12879,35348,3,5,2716,2944,7309,11499,8098,17332,9651,25982,12254,21301,6873,7201,9015,14685,8039,24520,266493,189417,9932,90,10765,0,0,66,26
2021-02-13T23:59:59+01:00,7,12,5525,5140,11504,17455,11883,26295,14145,38987,17658,31765,10192,10305,14645,22910,12865,35330,3,5,2712,2941,7304,11491,8086,17310,9634,25947,12226,21257,6841,7166,8859,14473,7686,23888,266246,187904,9928,8,10534,0,0,65,22
2021-02-12T23:59:59+01:00,7,11,5008,4823,10935,17092,11566,25744,13826,38346,17326,31126,10082,10198,14463,22697,12784,35222,3,5,2661,2908,7208,11333,7985,17079,9486,25555,12012,20810,6658,6931,8495,13912,7093,22544,264559,182756,9916,6,6865,0,0,64,21
2021-02-11T23:59:59+01:00,7,11,4546,4523,10349,16410,11153,24935,13348,37084,16838,30267,9767,9935,14183,22250,12503,34535,3,5,2492,2633,6610,10138,7295,15343,8623,22936,10955,18725,6004,6218,7445,12295,6275,20229,261326,164301,8272,3,3130,0,0,62,15
2021-02-10T23:59:59+01:00,7,11,4298,4356,10015,15962,10844,24397,13035,36201,16424,29517,9548,9797,14001,22044,12411,34328,3,5,2129,2340,5672,8672,6485,13298,7638,20025,9826,16682,5460,5630,6455,10631,5500,18176,258671,144705,7770,2,839,0,0,57,3
2021-02-09T23:59:59+01:00,7,10,4235,4258,9890,15694,10735,23994,12861,35582,16210,29045,9369,9656,13805,21831,12268,34105,3,5,1733,1987,4890,7403,5710,11499,6721,17506,8741,14684,4885,5001,5405,9069,4765,16056,256218,126132,6988,1,434,0,0,55,2
2021-02-08T23:59:59+01:00,7,10,4200,4204,9796,15484,10626,23633,12741,35124,16065,28686,9274,9589,13602,21546,12161,33908,3,5,1568,1790,4329,6408,5045,9923,5905,14978,7725,12825,4331,4470,4431,7475,4002,13968,253840,109244,6473,1,428,0,0,51,2
2021-02-07T23:59:59+01:00,7,10,4035,4137,9639,15349,10524,23468,12660,34862,15952,28493,9233,9543,13458,21365,12086,33764,3,5,1355,1544,3910,5735,4628,9044,5476,13816,7237,11862,4077,4210,4199,7079,3841,13368,252745,101450,5928,1,0,0,0,46,1
2021-02-06T23:59:59+01:00,7,10,4026,4128,9628,15333,10511,23433,12638,34812,15933,28436,9214,9530,13440,21330,11980,33568,3,5,1203,1349,3677,5431,4443,8619,5257,13233,6957,11305,3942,4075,4072,6930,3563,12913,252401,97035,5644,1,0,0,0,46,0
2021-02-05T23:59:59+01:00,7,9,3953,4059,9556,15190,10445,23183,12553,34446,15819,28153,9130,9457,13368,21258,11631,32973,3,4,1062,1118,3395,4985,4184,8035,4942,12454,6574,10577,3687,3830,3913,6698,3053,12022,250524,90591,4752,0,0,0,0,46,0
2021-02-04T23:59:59+01:00,7,9,3895,3934,9435,14874,10267,22634,12365,33651,15604,27589,9008,9346,13143,20963,11517,32766,3,2,799,786,2569,3734,3249,6290,3990,9907,5251,8358,3011,3116,3296,5713,2664,10528,246566,73308,4527,0,0,0,0,45,0
2021-02-03T23:59:59+01:00,7,9,3826,3861,9332,14653,10164,22297,12232,33142,15456,27173,8897,9231,13003,20787,11441,32600,3,2,663,617,1939,2817,2512,4856,3015,7609,4019,6301,2196,2241,2402,4224,1930,7880,243843,55257,4355,0,0,0,0,44,0
2021-02-02T23:59:59+01:00,7,9,3759,3765,9232,14457,10064,21918,12091,32578,15253,26722,8769,9115,12880,20579,11359,32335,2,2,527,487,1470,2083,1920,3652,2269,5788,3001,4714,1557,1542,1641,2782,1344,5238,240629,40040,4351,0,0,0,0,41,0
2021-02-01T23:59:59+01:00,6,9,3719,3674,9153,14226,9957,21533,11954,31943,15068,26219,8650,8968,12771,20434,11310,32157,1,0,392,353,1026,1436,1268,2437,1479,3791,1868,2988,989,982,971,1696,770,3026,237488,25485,4351,0,0,0,0,39,0
2021-01-31T23:59:59+01:00,6,9,3699,3638,9099,14117,9888,21327,11886,31646,14965,26023,8594,8909,12719,20321,11265,32028,1,0,362,332,902,1246,1078,2062,1277,3237,1634,2618,891,891,869,1512,699,2719,235991,22340,4235,0,0,0,0,38,0
2021-01-30T23:59:59+01:00,6,9,3698,3635,9089,14104,9874,21304,11873,31626,14953,26009,8590,8904,12650,20252,11199,31950,1,0,346,308,841,1162,1021,1938,1213,3047,1559,2481,863,865,850,1472,684,2666,235670,21326,4142,0,0,0,0,38,0
2021-01-29T23:59:59+01:00,6,9,3638,3618,9029,14075,9845,21252,11841,31550,14904,25942,8566,8881,12464,20029,11018,31706,1,0,279,225,720,988,876,1577,1058,2658,1347,2156,773,774,802,1418,666,2613,234447,18938,4013,0,0,0,0,37,0
2021-01-28T23:59:59+01:00,6,8,3520,3531,8826,13688,9625,20739,11609,30968,14577,25446,8429,8778,12031,19413,10663,31128,1,0,132,58,302,364,383,618,466,1156,614,968,406,427,469,816,381,1582,229665,9146,3409,0,0,0,0,35,0
2021-01-27T23:59:59+01:00,6,8,3287,3395,8533,13270,9325,20117,11226,30135,14191,24710,8212,8564,11481,18607,10240,30364,1,0,81,34,209,226,249,421,309,806,436,666,309,311,347,607,286,1160,222956,6460,2798,0,0,0,0,35,0
2021-01-26T23:59:59+01:00,5,8,3123,3297,8251,12930,9062,19548,10922,29381,13796,24076,7972,8340,10905,17692,9593,29215,1,0,75,30,194,216,233,387,293,753,405,606,294,285,320,543,259,1030,216247,5926,1955,0,0,0,0,31,0
2021-01-25T23:59:59+01:00,5,8,3035,3203,7968,12448,8772,18844,10536,28379,13317,23312,7690,8139,10288,16874,9137,28314,1,0,67,22,171,194,199,328,254,632,354,501,257,240,266,465,210,843,209942,5006,413,0,0,0,0,29,0
2021-01-24T23:59:59+01:00,5,8,2991,3182,7883,12368,8698,18718,10427,28219,13187,23129,7647,8102,10221,16761,9089,28219,1,0,66,21,167,190,196,314,251,610,345,487,248,236,264,458,206,828,208631,4890,309,0,0,0,0,28,0
2021-01-23T23:59:59+01:00,5,8,2990,3181,7881,12364,8693,18708,10425,28205,13181,23124,7639,8099,10096,16595,8760,27632,1,0,65,21,167,189,196,312,249,609,343,487,248,236,264,458,206,826,207369,4879,306,0,0,0,0,25,0
2021-01-22T23:59:59+01:00,5,8,2927,3135,7757,12250,8609,18566,10315,28032,13099,23009,7608,8063,9897,16292,8242,26608,1,0,65,20,166,189,196,312,249,609,342,487,248,236,264,458,206,826,204211,4876,304,0,0,0,0,21,0
2021-01-21T23:59:59+01:00,5,8,2842,2965,7259,11336,8126,17421,9778,26406,12493,21797,7324,7737,9262,15351,7726,25560,1,0,59,18,149,175,178,280,223,534,305,447,223,210,233,380,175,693,193182,4285,304,0,0,0,0,17,0
2021-01-20T23:59:59+01:00,5,8,2481,2621,6376,9925,7378,15463,8828,23578,11384,19724,6722,7087,8163,13583,6914,23340,1,0,57,18,147,170,175,278,214,520,292,425,211,203,227,355,161,655,173359,4111,300,0,0,0,0,16,0
2021-01-19T23:59:59+01:00,5,8,2042,2266,5474,8536,6514,13569,7807,20794,10114,17489,5971,6208,6789,11409,5894,20313,0,0,41,12,98,125,119,171,150,357,192,296,134,115,141,238,113,489,151053,2792,218,0,0,0,0,14,0
2021-01-18T23:59:59+01:00,4,8,1770,1977,4718,7153,5561,11336,6608,17201,8690,14774,5085,5330,5407,9158,4825,16840,0,0,22,7,39,47,54,79,66,163,76,147,60,54,66,131,61,221,126414,1294,94,0,0,0,0,14,0
2021-01-17T23:59:59+01:00,3,8,1496,1690,4205,6360,5053,10205,6072,15636,8049,13514,4748,4984,5033,8484,4498,15839,0,0,8,2,9,15,16,29,20,50,29,57,24,23,20,31,13,47,115844,393,89,0,0,0,0,13,0
2021-01-16T23:59:59+01:00,3,7,1331,1487,3988,6039,4873,9766,5812,14972,7720,12819,4557,4756,4818,8208,4145,15236,0,0,0,0,0,1,1,2,1,1,1,2,0,1,1,0,0,1,110580,12,9,0,0,0,0,13,0
2021-01-15T23:59:59+01:00,3,7,1181,1260,3732,5617,4618,9198,5522,14133,7315,12019,4266,4459,4628,7899,3608,14191,0,0,0,0,0,0,0,0,0,0,0,0,0,0,0,0,0,0,103700,0,4,0,0,0,0,13,0
2021-01-14T23:59:59+01:00,3,4,908,947,2985,4431,3751,7383,4578,11386,5919,9671,3465,3587,3886,6668,3126,12387,0,0,0,0,0,0,0,0,0,0,0,0,0,0,0,0,0,0,85121,0,0,0,0,0,0,13,0
2021-01-13T23:59:59+01:00,3,3,773,792,2511,3696,3167,6158,3808,9441,4825,7790,2595,2671,2928,5080,2393,9469,0,0,0,0,0,0,0,0,0,0,0,0,0,0,0,0,0,0,68132,0,0,0,0,0,0,12,0
2021-01-12T23:59:59+01:00,2,3,640,660,2101,3031,2609,5007,3048,7599,3804,6118,1864,1850,2002,3442,1695,6467,0,0,0,0,0,0,0,0,0,0,0,0,0,0,0,0,0,0,51977,0,0,0,0,0,0,0,0
2021-01-11T23:59:59+01:00,1,1,496,525,1751,2455,2094,4004,2361,5776,2830,4441,1202,1143,1201,2030,936,3685,0,0,0,0,0,0,0,0,0,0,0,0,0,0,0,0,0,0,36957,0,0,0,0,0,0,0,0
2021-01-10T23:59:59+01:00,1,1,439,456,1489,2028,1752,3277,1951,4791,2352,3722,1061,1017,1057,1782,835,3232,0,0,0,0,0,0,0,0,0,0,0,0,0,0,0,0,0,0,31259,0,0,0,0,0,0,0,0
2021-01-09T23:59:59+01:00,1,1,408,411,1364,1851,1606,2986,1798,4343,2167,3392,989,948,1002,1729,817,3189,0,0,0,0,0,0,0,0,0,0,0,0,0,0,0,0,0,0,29016,0,0,0,0,0,0,0,0
2021-01-08T23:59:59+01:00,1,1,311,282,1114,1506,1326,2315,1477,3562,1796,2774,853,840,914,1605,769,3032,0,0,0,0,0,0,0,0,0,0,0,0,0,0,0,0,0,0,24489,0,0,0,0,0,0,0,0
2021-01-07T23:59:59+01:00,1,0,146,77,405,509,488,798,597,1377,785,1209,467,485,563,966,466,1912,0,0,0,0,0,0,0,0,0,0,0,0,0,0,0,0,0,0,11254,0,0,0,0,0,0,0,0
2021-01-06T23:59:59+01:00,1,0,112,45,276,289,314,522,402,933,535,830,360,363,425,748,359,1445,0,0,0,0,0,0,0,0,0,0,0,0,0,0,0,0,0,0,7962,0,0,0,0,0,0,0,0
2021-01-05T23:59:59+01:00,1,0,87,32,196,234,247,434,324,823,451,708,344,347,408,716,352,1391,0,0,0,0,0,0,0,0,0,0,0,0,0,0,0,0,0,0,7098,0,0,0,0,0,0,0,0
2021-01-04T23:59:59+01:00,1,0,69,26,177,196,205,340,260,639,357,518,269,254,289,519,235,935,0,0,0,0,0,0,0,0,0,0,0,0,0,0,0,0,0,0,5291,0,0,0,0,0,0,0,0
2021-01-03T23:59:59+01:00,1,0,67,22,170,191,200,324,258,622,348,501,261,252,285,506,233,918,0,0,0,0,0,0,0,0,0,0,0,0,0,0,0,0,0,0,5161,0,0,0,0,0,0,0,0
2021-01-02T23:59:59+01:00,1,0,67,22,170,191,200,323,254,622,345,501,261,252,285,506,233,917,0,0,0,0,0,0,0,0,0,0,0,0,0,0,0,0,0,0,5152,0,0,0,0,0,0,0,0
2021-01-01T23:59:59+01:00,1,0,66,21,169,191,200,321,253,622,342,499,261,252,285,504,233,917,0,0,0,0,0,0,0,0,0,0,0,0,0,0,0,0,0,0,5139,0,0,0,0,0,0,0,0
2020-12-31T23:59:59+01:00,1,0,66,21,168,189,200,320,251,621,341,498,261,252,285,504,233,917,0,0,0,0,0,0,0,0,0,0,0,0,0,0,0,0,0,0,5130,0,0,0,0,0,0,0,0
2020-12-30T23:59:59+01:00,1,0,65,21,167,188,198,317,250,619,340,496,261,252,285,504,232,917,0,0,0,0,0,0,0,0,0,0,0,0,0,0,0,0,0,0,5115,0,0,0,0,0,0,0,0
2020-12-29T23:59:59+01:00,1,0,46,13,119,141,148,213,182,445,239,381,179,164,197,375,171,715,0,0,0,0,0,0,0,0,0,0,0,0,0,0,0,0,0,0,3730,0,0,0,0,0,0,0,0
2020-12-28T23:59:59+01:00,1,0,25,9,66,78,82,123,101,253,118,234,98,93,104,200,102,388,0,0,0,0,0,0,0,0,0,0,0,0,0,0,0,0,0,0,2076,0,0,0,0,0,0,0,0
2020-12-27T23:59:59+01:00,0,0,12,3,18,26,37,47,36,89,37,96,33,29,41,73,31,145,0,0,0,0,0,0,0,0,0,0,0,0,0,0,0,0,0,0,753,0,0,0,0,0,0,0,0
