Datum,<15_1_m,<15_1_w,15-24_1_m,15-24_1_w,25-34_1_m,25-34_1_w,35-44_1_m,35-44_1_w,45-54_1_m,45-54_1_w,55-64_1_m,55-64_1_w,65-74_1_m,65-74_1_w,75-84_1_m,75-84_1_w,>84_1_m,>84_1_w,<15_2_m,<15_2_w,15-24_2_m,15-24_2_w,25-34_2_m,25-34_2_w,35-44_2_m,35-44_2_w,45-54_2_m,45-54_2_w,55-64_2_m,55-64_2_w,65-74_2_m,65-74_2_w,75-84_2_m,75-84_2_w,>84_2_m,>84_2_w,bp_1,bp_2,mo_1,mo_2,az_1,az_2,ja,unb_1,unb_2
2021-12-12T23:59:59+01:00,111530,104939,364414,341627,470405,433662,468773,455673,519395,524102,554854,553189,367109,410956,253030,326257,74788,138224,58224,55275,325851,308462,432777,394961,437020,422568,491210,494083,532190,529376,356214,397586,246416,316397,71796,131765,4774537,4370380,548285,523854,810900,767754,340882,1055,1100
2021-12-11T23:59:59+01:00,110619,104052,364118,341363,470154,433355,468585,455457,519263,523967,554768,553074,367055,410899,253005,326212,74780,138208,57711,54854,325062,307816,431974,394252,436424,422071,490768,493714,531878,529089,356100,397478,246385,316341,71788,131744,4770714,4363873,548145,523670,810900,767753,340852,1054,1100
2021-12-10T23:59:59+01:00,108102,101644,363474,340724,469563,432643,468106,454936,518846,523592,554460,552731,366856,410652,252919,326068,74734,138160,56833,53993,323486,306429,430563,392855,435287,420967,489778,492814,531332,528484,355906,397251,246323,316234,71775,131708,4760444,4350877,547738,523282,810898,767753,340805,1054,1100
2021-12-09T23:59:59+01:00,105634,99189,362614,339859,468763,431646,467474,454117,518331,523014,553998,552146,366581,410279,252760,325796,74681,138005,55289,52428,321114,304261,428341,390440,433411,419054,488210,491251,530244,527310,355453,396707,246133,315921,71732,131559,4747714,4328570,547215,522509,810898,767743,340736,1053,1099
2021-12-08T23:59:59+01:00,104123,97780,361993,339317,468159,430972,466984,453539,517943,522546,553632,551725,366367,410003,252641,325598,74620,137878,54361,51538,319440,302803,426689,388775,432036,417733,487046,490118,529331,526405,355105,396246,245993,315672,71689,131425,4739075,4312834,546831,521841,810898,767742,340688,1053,1099
2021-12-07T23:59:59+01:00,102543,96280,361619,339025,467856,430638,466752,453309,517767,522363,553464,551534,366283,409895,252593,325523,74596,137833,53930,51175,318618,302106,425851,388037,431449,417255,486562,489686,528952,526093,355002,396111,245953,315602,71679,131401,4733382,4306125,546607,521643,810898,767742,340652,1053,1099
2021-12-06T23:59:59+01:00,100106,93872,361086,338475,467316,429982,466296,452783,517402,521901,553110,551080,366063,409575,252480,325306,74542,137696,53062,50339,316795,300570,424155,386384,430107,415913,485399,488554,528025,525212,354633,395673,245800,315330,71630,131287,4723018,4290023,546229,521219,810897,767734,340592,1052,1099
2021-12-05T23:59:59+01:00,98835,92730,360648,338058,466844,429364,465880,452326,517068,521538,552772,550732,365836,409294,252380,325119,74508,137587,52548,49821,315341,299392,422558,385097,428938,414915,484545,487685,527351,524577,354377,395371,245696,315170,71596,131202,4715867,4277776,545873,520835,810897,767724,340547,1050,1097
2021-12-04T23:59:59+01:00,97286,91405,360435,337860,466639,429131,465720,452177,516931,521413,552669,550624,365787,409227,252366,325090,74498,137567,52266,49579,314430,298655,421637,384339,428275,414364,484007,487241,527011,524275,354302,395280,245657,315113,71589,131188,4711312,4270969,545754,520691,810897,767723,340527,1050,1097
2021-12-03T23:59:59+01:00,93811,88198,359931,337415,466250,428629,465370,451765,516650,521069,552428,550314,365647,409055,252308,324978,74466,137518,51643,49001,312663,297168,420077,382952,427040,413251,482964,486325,526242,523660,354139,395097,245585,314997,71574,131163,4700579,4257673,545495,520352,810896,767720,340497,1050,1097
2021-12-02T23:59:59+01:00,90497,85111,359191,336739,465511,427744,464758,451044,516150,520486,551989,549732,365398,408732,252148,324725,74406,137363,50683,48037,310495,295255,418031,380989,425171,411578,481389,484941,525204,522647,353818,394696,245406,314728,71518,131061,4687094,4238499,544976,519707,810895,767720,340422,1050,1095
2021-12-01T23:59:59+01:00,88341,83119,358638,336190,464931,426948,464229,450421,515685,519968,551549,549217,365130,408342,252012,324476,74358,137226,50057,47461,308859,293903,416326,379346,423759,410328,480194,483886,524324,521795,353485,394289,245249,314490,71486,130958,4676565,4223550,544623,519265,810892,767715,340364,1048,1095
2021-11-30T23:59:59+01:00,85690,80701,357999,335618,464183,426060,463626,449707,515194,519439,551054,548636,364801,407956,251855,324210,74285,137057,49584,47000,307508,292752,414822,377975,422621,409235,479130,482955,523539,521053,353174,393953,245102,314290,71456,130876,4664407,4210782,544134,518925,810889,767712,340304,1047,1095
2021-11-29T23:59:59+01:00,82740,78014,357435,335148,463552,425337,463122,449129,514796,518939,550669,548183,364553,407620,251758,323986,74228,136912,49201,46591,306169,291666,413303,376709,421413,408276,478127,482070,522788,520364,352901,393663,244966,314071,71433,130796,4652878,4198723,543772,518541,810883,767691,340249,1047,1095
2021-11-28T23:59:59+01:00,80644,76137,356980,334727,463022,424732,462729,448664,514425,518531,550337,547819,364389,407393,251672,323818,74191,136826,48943,46331,305370,290995,412275,375925,420615,407664,477497,481515,522332,519936,352737,393457,244874,313952,71410,130747,4644169,4191130,543447,518273,810874,767666,340204,1047,1093
2021-11-27T23:59:59+01:00,78610,74276,356667,334484,462696,424405,462440,448405,514199,518333,550185,547663,364331,407304,251648,323777,74175,136811,48783,46175,304809,290520,411640,375452,420110,407316,477062,481202,522069,519727,352680,393393,244847,313922,71402,130741,4637794,4186632,543239,518090,810873,767665,340160,1047,1093
2021-11-26T23:59:59+01:00,75093,70983,355967,333858,462075,423703,461965,447842,513720,517893,549834,547284,364187,407098,251580,323652,74158,136751,48402,45823,303755,289660,410531,374680,419177,406545,476274,480572,521594,519309,352562,393249,244791,313848,71385,130725,4625327,4178048,543004,517776,810867,767653,340102,1047,1093
2021-11-25T23:59:59+01:00,71233,67592,354924,332837,461012,422367,461056,446802,512888,516965,549159,546517,363818,406670,251405,323379,74103,136632,47797,45230,302158,288274,408797,373181,417809,405282,475018,479441,520787,518581,352343,392974,244691,313684,71355,130657,4607723,4163855,542445,517262,810856,767651,339984,1047,1093
2021-11-24T23:59:59+01:00,69522,65851,354071,332094,460171,421382,460265,445952,512215,516243,548531,545850,363526,406200,251262,323056,74037,136468,47472,44911,301164,287374,407504,372084,416794,404419,474129,478641,520083,517967,352127,392672,244570,313499,71321,130581,4595510,4153533,542096,516943,810849,767639,339890,1046,1093
2021-11-23T23:59:59+01:00,67726,64272,353167,331283,459278,420293,459419,445074,511454,515448,547899,545172,363196,405741,251059,322733,73963,136320,47176,44647,300273,286667,406355,371172,415897,403679,473307,477930,519488,517436,351908,392389,244445,313300,71278,130490,4582879,4144469,541625,516638,810847,767630,339793,1046,1091
2021-11-22T23:59:59+01:00,66298,62969,352229,330504,458274,419265,458528,444236,510787,514672,547299,544522,362880,405312,250905,322458,73907,136169,46941,44397,299360,285969,405220,370333,414988,403002,472594,477258,518936,517011,351710,392138,244341,313152,71251,130420,4571086,4135995,541271,516442,810844,767616,339661,1044,1089
2021-11-21T23:59:59+01:00,65214,61901,351441,329848,457360,418379,457760,443598,510179,514071,546811,544007,362650,404982,250798,322288,73868,136072,46814,44274,298834,285583,404574,369875,414451,402564,472166,476883,518622,516727,351566,391979,244277,313041,71234,130382,4561559,4131141,540955,516253,810823,767607,339537,1044,1089
2021-11-20T23:59:59+01:00,64525,61265,350712,329315,456613,417681,457062,443079,509708,513642,546492,543657,362529,404832,250752,322214,73856,136044,46751,44194,298513,285327,404139,369598,414096,402311,471857,476636,518435,516586,351518,391908,244255,313013,71229,130379,4554662,4128254,540686,516123,810819,767602,339457,1044,1089
2021-11-19T23:59:59+01:00,63256,59985,349181,327938,455267,416349,455908,441955,508782,512703,545856,542993,362289,404542,250662,322088,73831,135988,46497,43945,297577,284678,403196,368876,413292,401685,471147,476082,517965,516254,351400,391756,244197,312942,71216,130358,4540807,4120992,540282,515853,810813,767594,339314,1044,1089
2021-11-18T23:59:59+01:00,61592,58371,347142,326081,453361,414215,454266,440256,507443,511366,544953,542001,361867,404027,250497,321794,73796,135854,45994,43454,296220,283507,401805,367742,412111,400669,470172,475185,517182,515671,351155,391451,244066,312749,71173,130283,4520933,4109187,539750,515478,810806,767582,339033,1043,1088
2021-11-17T23:59:59+01:00,60550,57335,345395,324613,451672,412440,452861,438876,506261,510282,544106,541064,361491,403566,250344,321518,73738,135711,45699,43156,295319,282719,400752,366841,411286,399904,469403,474501,516576,515153,350916,391144,243952,312566,71147,130199,4504546,4100364,539308,515179,810795,767570,338810,1043,1088
2021-11-16T23:59:59+01:00,59614,56474,343460,323058,449703,410610,451315,437393,505016,509095,543212,540157,361114,403104,250161,321208,73674,135575,45424,42902,294481,282026,399869,366040,410557,399270,468792,473899,516059,514696,350694,390892,243798,312385,71115,130117,4487458,4092684,538809,514937,810789,767565,338521,1043,1086
2021-11-15T23:59:59+01:00,58773,55685,341272,321306,447498,408650,449671,435891,503720,507853,542299,539274,360753,402710,250001,320974,73635,135474,45212,42724,293712,281441,399068,365395,409901,398701,468284,473397,515665,514328,350504,390670,243701,312227,71080,130023,4469639,4086244,538461,514724,810771,767557,338198,1043,1085
2021-11-14T23:59:59+01:00,57871,54803,339430,319926,445690,407015,448304,434705,502640,506835,541540,538597,360492,402409,249896,320820,73607,135404,45003,42516,293049,280911,398369,364779,409352,398206,467813,472970,515332,513988,350307,390516,243625,312126,71060,129991,4454871,4080586,538100,514574,810745,767546,337897,1043,1082
2021-11-13T23:59:59+01:00,57344,54308,337889,318628,444217,405773,447151,433739,501751,506089,540998,538162,360379,402272,249846,320752,73591,135387,44906,42434,292713,280621,398044,364493,409091,397967,467560,472759,515173,513846,350253,390457,243599,312089,71055,129980,4443550,4077992,537913,514489,810734,767542,337707,1043,1082
2021-11-12T23:59:59+01:00,56509,53479,335245,316497,441991,403919,445395,432154,500396,504797,540090,537409,360191,402019,249749,320607,73566,135356,44708,42217,291936,280009,397315,363906,408466,397466,467035,472311,514803,513559,350141,390321,243560,312027,71039,129957,4425350,4072222,537505,514307,810728,767529,337408,1043,1081
2021-11-11T23:59:59+01:00,55319,52260,331725,313717,438878,401084,442827,429880,498440,502968,538820,536252,359787,401520,249587,320348,73517,135258,44249,41760,290864,279092,396374,362946,407620,396650,466335,471583,514242,513064,349922,390083,243446,311868,71004,129879,4399575,4063418,536722,513945,810708,767511,336799,1043,1078
2021-11-10T23:59:59+01:00,54526,51586,328949,311512,436057,398661,440704,428020,496765,501415,537695,535181,359415,401072,249426,320089,73474,135157,43989,41475,290045,278329,395521,362148,406933,395969,465727,470981,513762,512618,349674,389822,243308,311699,70971,129810,4378215,4056075,536215,513715,810681,767483,336199,1043,1078
2021-11-09T23:59:59+01:00,53894,50937,326658,309669,433736,396777,439042,426505,495343,500124,536708,534285,359094,400730,249284,319885,73441,135059,43706,41215,289354,277750,394861,361521,406406,395424,465278,470449,513319,512180,349468,389575,243196,311540,70934,129728,4360743,4050184,535700,513292,810653,767444,335673,1043,1077
2021-11-08T23:59:59+01:00,53174,50245,323533,307258,430746,394339,436784,424651,493572,498595,535552,533227,358681,400331,249133,319660,73410,134974,43501,41022,288664,277113,394143,360867,405914,394891,464817,469945,512943,511788,349265,389343,243120,311405,70906,129664,4338850,4044683,535112,513009,810621,767428,334877,1043,1077
2021-11-07T23:59:59+01:00,52772,49860,321920,306057,429026,392878,435393,423565,492521,497762,534915,532645,358482,400094,249039,319560,73390,134924,43342,40858,288177,276691,393627,360359,405492,394505,464499,469580,512683,511542,349152,389208,243043,311318,70895,129626,4326693,4040708,534706,512782,810601,767398,334395,1043,1076
2021-11-06T23:59:59+01:00,52464,49568,321074,305253,428056,392106,434676,422992,491908,497273,534580,532357,358421,400023,249004,319528,73384,134915,43289,40815,287987,276524,393408,360189,405357,394380,464386,469463,512607,511476,349123,389178,243030,311302,70891,129620,4319765,4039348,534589,512748,810597,767396,334219,1043,1076
2021-11-05T23:59:59+01:00,51840,48946,319341,303786,426348,390513,433186,421745,490756,496240,533897,531800,358305,399863,248964,319456,73377,134895,43060,40594,287424,276096,392952,359754,404976,394025,464053,469139,512387,511284,349052,389093,242994,311253,70884,129604,4306527,4035706,534065,512559,810589,767385,333660,1043,1075
2021-11-04T23:59:59+01:00,51119,48249,317067,301793,423833,388410,431220,420098,489094,494868,532957,531083,358094,399611,248877,319321,73350,134833,42650,40146,286456,275212,392040,358815,404192,393257,463413,468503,511858,510819,348868,388895,242891,311078,70841,129534,4289082,4028226,533502,512280,810575,767355,332293,1042,1074
2021-11-03T23:59:59+01:00,50732,47864,315671,300647,422105,387107,429927,419088,488073,494021,532303,530565,357935,399438,248806,319218,73327,134784,42348,39856,285658,274537,391274,358091,403618,392710,462909,468048,511478,510483,348706,388685,242783,310927,70805,129451,4277654,4021840,533216,512125,810568,767344,331745,1041,1073
2021-11-02T23:59:59+01:00,50404,47536,314321,299672,420411,385891,428631,418212,486995,493295,531682,530069,357789,399252,248735,319119,73308,134718,41973,39513,284819,273840,390494,357380,402997,392152,462411,467566,511095,510090,348518,388475,242692,310783,70775,129361,4267056,4015286,532908,511934,810561,767327,331073,1041,1072
2021-11-01T23:59:59+01:00,49998,47156,312816,298539,418725,384753,427273,417309,485951,492557,531138,529684,357661,399122,248685,319057,73295,134683,41721,39230,284137,273227,389807,356829,402428,391696,461950,467192,510782,509823,348402,388356,242633,310668,70755,129300,4256682,4010492,532645,511716,810528,767312,330102,1040,1071
2021-10-31T23:59:59+01:00,49939,47119,312611,298413,418484,384614,427044,417164,485812,492456,531070,529629,357645,399110,248682,319050,73295,134681,41664,39183,284016,273159,389701,356749,402334,391636,461892,467154,510748,509797,348391,388347,242630,310663,70751,129295,4255344,4009888,532578,511676,810524,767306,329927,1040,1070
2021-10-30T23:59:59+02:00,49882,47080,312407,298284,418158,384454,426822,417004,485603,492295,530947,529568,357624,399085,248677,319041,73292,134675,41628,39174,283913,273087,389589,356678,402241,391570,461831,467093,510705,509778,348382,388339,242627,310657,70747,129291,4253639,4009341,532531,511615,810523,767302,329758,1040,1070
2021-10-29T23:59:59+02:00,49662,46846,311359,297564,416827,383566,425691,416294,484700,491665,530435,529279,357553,399009,248640,318997,73282,134654,41496,39068,283414,272715,389095,356284,401815,391273,461474,466809,510497,509621,348324,388285,242607,310618,70740,129277,4245934,4006464,532242,511457,810519,767297,328878,1040,1070
2021-10-28T23:59:59+02:00,49207,46417,309556,296219,414725,382136,424048,415126,483387,490677,529693,528749,357396,398840,248574,318915,73271,134612,41181,38775,282445,271862,388131,355460,401036,390609,460849,466273,510028,509297,348175,388097,242534,310518,70718,129221,4233543,4000240,531806,511150,810504,767265,327232,1040,1069
2021-10-27T23:59:59+02:00,48878,46091,308646,295434,413614,381251,423175,414401,482659,490135,529276,528439,357295,398664,248515,318817,73253,134576,40886,38484,281694,271176,387474,354841,400542,390112,460418,465838,509721,509011,348014,387919,242455,310394,70691,129158,4226032,3994678,531494,510959,810498,767235,326629,1040,1069
2021-10-26T23:59:59+02:00,48466,45678,307564,294469,412453,380309,422266,413713,481958,489532,528852,528113,357175,398537,248455,318733,73231,134527,40526,38115,280813,270236,386707,354101,399975,389544,459971,465380,509359,508707,347867,387756,242355,310238,70665,129088,4217850,3988105,531272,510795,810485,767218,325953,1040,1069
2021-10-25T23:59:59+02:00,48309,45541,307045,294006,411869,379875,421772,413364,481535,489241,528662,527946,357131,398477,248442,318707,73225,134520,40460,38054,280583,270044,386459,353922,399795,389405,459819,465260,509256,508629,347845,387723,242344,310219,70661,129077,4214095,3986846,531203,510751,810481,767209,325416,1040,1069
2021-10-24T23:59:59+02:00,48096,45357,306488,293520,411175,379354,421247,412941,481107,488914,528442,527754,357066,398389,248411,318681,73217,134507,40269,37893,280105,269571,385989,353515,399436,389082,459543,465001,509082,508446,347751,387623,242306,310153,70648,129057,4209853,3983520,531046,510614,810478,767189,324815,1039,1067
2021-10-23T23:59:59+02:00,48059,45326,306324,293386,410960,379208,421091,412798,480994,488823,528369,527704,357045,398364,248407,318675,73216,134503,40229,37849,280014,269462,385867,353442,399357,389004,459471,464938,509046,508413,347730,387609,242305,310147,70647,129056,4208661,3982856,530978,510549,810476,767186,324663,1039,1067
2021-10-22T23:59:59+02:00,47804,45091,305536,292816,410061,378514,420341,412237,480420,488344,528013,527452,356987,398294,248388,318641,73210,134491,39977,37606,279447,268934,385363,352999,398931,388635,459162,464661,508819,508240,347662,387544,242283,310105,70641,129046,4202977,3979164,530703,510381,810474,767169,324007,1039,1067
2021-10-21T23:59:59+02:00,47327,44634,304401,291931,408801,377527,419326,411418,479577,487680,527463,527070,356861,398154,248321,318536,73191,134437,39395,37044,278372,267872,384451,352117,398201,387858,458518,464084,508397,507874,347503,387342,242190,309945,70616,128994,4194251,3971250,530423,510003,810469,767154,323032,1037,1066
2021-10-20T23:59:59+02:00,47101,44379,303784,291381,408113,376897,418758,410950,479135,487300,527167,526832,356768,398030,248250,318444,73166,134377,38975,36667,277615,267112,383829,351448,397670,387245,458083,463629,508041,507548,347325,387139,242091,309803,70577,128918,4188949,3964747,530269,509826,810460,767141,322667,1037,1066
2021-10-19T23:59:59+02:00,46811,44101,303217,290896,407589,376418,418365,410595,478839,487021,526926,526624,356652,397900,248189,318353,73133,134322,38521,36211,276722,266274,383111,350731,397186,386700,457672,463168,507704,507223,347136,386907,241985,309654,70540,128835,4184562,3957862,530140,509652,810450,767120,322311,1037,1063
2021-10-18T23:59:59+02:00,46611,43903,302654,290417,407060,375967,417985,410232,478547,486774,526688,526415,356556,397792,248137,318258,73112,134280,38233,35950,276071,265581,382557,350080,396762,386207,457330,462773,507411,506947,346981,386755,241900,309527,70507,128785,4180522,3952514,529992,509467,810445,767099,321938,1037,1063
2021-10-17T23:59:59+02:00,46497,43784,302321,290156,406780,375708,417760,410064,478387,486612,526581,526285,356496,397737,248115,318211,73099,134243,37984,35695,275557,265072,382179,349698,396473,385865,457084,462539,507242,506773,346890,386642,241863,309458,70483,128734,4178270,3948798,529915,509304,810432,767062,321726,1037,1063
2021-10-16T23:59:59+02:00,46468,43751,302241,290092,406699,375647,417715,410018,478341,486573,526554,526268,356490,397728,248111,318205,73097,134241,37942,35650,275449,264962,382098,349627,396416,385792,457042,462494,507214,506749,346881,386632,241860,309453,70482,128729,4177770,3948173,529889,509243,810432,767060,321655,1037,1063
2021-10-15T23:59:59+02:00,46318,43591,301803,289744,406318,375320,417414,409753,478093,486345,526392,526134,356438,397688,248094,318174,73088,134226,37709,35403,274885,264372,381685,349228,396072,385447,456763,462210,507015,506577,346820,386557,241820,309406,70477,128708,4174900,3944393,529766,509029,810428,767048,321341,1037,1063
2021-10-14T23:59:59+02:00,45984,43253,301005,289037,405646,374647,416887,409282,477657,485925,526071,525850,356322,397558,248038,318080,73059,134162,37152,34839,273630,263098,380870,348258,395384,384609,456109,461558,506587,506155,346586,386332,241709,309249,70446,128657,4169313,3935633,529501,508525,810409,766990,320737,1037,1061
2021-10-13T23:59:59+02:00,45670,42970,300417,288475,405145,374126,416477,408875,477311,485583,525804,525597,356197,397413,247972,317984,73035,134103,36821,34555,272857,262286,380259,347508,394858,383971,455681,461089,506218,505787,346409,386130,241611,309057,70410,128578,4164636,3929245,529314,508252,810402,766944,320300,1036,1061
2021-10-12T23:59:59+02:00,45341,42691,299754,287925,404615,373583,416065,408485,476999,485272,525552,525364,356089,397275,247926,317895,73007,134053,36525,34266,272018,261422,379564,346782,394314,383403,455258,460657,505855,505437,346183,385909,241504,308907,70369,128468,4159918,3922613,529132,508023,810393,766920,319943,1036,1059
2021-10-11T23:59:59+02:00,45097,42464,299164,287437,404120,373116,415651,408118,476691,484962,525307,525162,355979,397154,247857,317801,72971,133989,36238,34010,271261,260686,378887,346102,393821,382847,454874,460206,505520,505132,345988,385711,241410,308764,70328,128386,4155714,3916707,528955,507742,810381,766894,319483,1036,1059
2021-10-10T23:59:59+02:00,44936,42329,298799,287148,403771,372801,415412,407865,476507,484765,525158,525028,355929,397099,247833,317763,72953,133960,36070,33883,270780,260266,378422,345631,393487,382502,454584,459919,505297,504955,345892,385609,241355,308694,70310,128353,4153255,3913069,528811,507620,810368,766859,319115,1036,1059
2021-10-09T23:59:59+02:00,44906,42301,298695,287068,403680,372740,415345,407810,476455,484716,525129,525008,355919,397084,247831,317759,72952,133959,36020,33828,270661,260161,378321,345531,393404,382425,454525,459865,505259,504924,345882,385595,241349,308686,70309,128351,4152715,3912355,528770,507547,810365,766847,319000,1036,1059
2021-10-08T23:59:59+02:00,44664,42092,298186,286656,403217,372362,415037,407511,476168,484476,524915,524838,355857,397023,247796,317707,72934,133945,35812,33550,270093,259596,377894,345097,393022,382044,454244,459537,505078,504764,345818,385511,241315,308641,70298,128339,4149282,3908508,528642,507382,810361,766827,318589,1036,1058
2021-10-07T23:59:59+02:00,44281,41659,297196,285775,402423,371583,414388,406886,475645,483976,524505,524510,355728,396849,247707,317598,72902,133879,35160,32889,268697,258195,376895,343909,392213,381042,453528,458785,504528,504263,345560,385229,241179,308464,70243,128258,4142313,3898805,528403,506188,810352,766785,317910,1036,1057
2021-10-06T23:59:59+02:00,44019,41395,296481,285177,401891,371070,413979,406452,475277,483654,524233,524257,355596,396697,247632,317480,72878,133803,34832,32576,267953,257382,376351,343244,391735,380497,453104,458335,504178,503903,345387,385018,241067,308317,70214,128178,4137394,3892682,528270,506073,810345,766750,317414,1036,1057
2021-10-05T23:59:59+02:00,43701,41097,295761,284490,401247,370440,413454,405964,474890,483246,523946,523952,355449,396540,247554,317333,72849,133708,34531,32261,267134,256535,375658,342503,391192,379886,452597,457867,503825,503545,345194,384796,240954,308145,70167,128104,4131931,3886216,528132,505926,810338,766728,316669,1036,1057
2021-10-04T23:59:59+02:00,43421,40857,294912,283777,400509,369834,412941,405477,474468,482844,523641,523677,355315,396365,247480,317212,72819,133617,34225,31943,266214,255599,374929,341720,390590,379284,452118,457329,503433,503176,345001,384565,240799,307981,70127,128017,4126607,3879493,527978,505813,810327,766687,315700,1034,1057
2021-10-03T23:59:59+02:00,43260,40705,294499,283351,400080,369461,412616,405213,474245,482606,523462,523511,355231,396266,247434,317130,72812,133580,34045,31807,265718,255171,374470,341308,390232,378887,451845,457016,503184,502941,344876,384419,240738,307885,70109,127987,4123678,3875901,527874,505695,810301,766631,315054,1034,1056
2021-10-02T23:59:59+02:00,43223,40668,294375,283224,399956,369369,412528,405130,474181,482546,523425,523479,355217,396242,247433,317127,72810,133578,33998,31768,265579,255039,374370,341218,390154,378808,451788,456962,503153,502903,344863,384395,240736,307878,70107,127987,4122957,3875203,527796,505638,810299,766604,314904,1034,1056
2021-10-01T23:59:59+02:00,43011,40411,293748,282658,399384,368853,412063,404737,473839,482273,523156,523294,355131,396162,247405,317078,72798,133560,33698,31475,264916,254386,373877,340776,389768,378431,451460,456645,502928,502703,344786,384328,240709,307832,70098,127970,4118958,3871295,527653,505480,810287,766548,314107,1034,1054
2021-09-30T23:59:59+02:00,42604,40009,292602,281549,398348,367855,411238,403930,473163,481587,522640,522872,354957,395954,247312,316949,72775,133491,33160,30928,263712,253212,373000,339842,389053,377600,450855,455989,502452,502298,344617,384104,240628,307673,70069,127917,4111068,3864180,527306,504472,810265,766463,312633,1032,1054
2021-09-29T23:59:59+02:00,42260,39702,291820,280797,397600,367135,410677,403342,472655,481090,522274,522558,354773,395749,247236,316815,72746,133425,32858,30618,262948,252444,372349,339180,388590,377020,450426,455530,502098,501953,344442,383923,240535,307510,70047,127859,4105086,3858657,527146,504320,810257,766394,311594,1032,1053
2021-09-28T23:59:59+02:00,41924,39387,290941,279961,396788,366406,410062,402769,472128,480575,521889,522197,354563,395529,247140,316659,72708,133322,32547,30348,262082,251650,371628,338532,388073,376485,449977,455068,501743,501601,344260,383719,240442,307368,70020,127806,4098736,3853105,527018,504170,810249,766338,310368,1032,1053
2021-09-27T23:59:59+02:00,41506,39004,290044,279112,395980,365684,409490,402176,471642,480047,521485,521867,354403,395330,247053,316539,72680,133234,32226,29988,261047,250719,370747,337720,387400,375804,449428,454520,501334,501239,344077,383486,240352,307234,69994,127742,4093031,3846877,526851,504017,810241,766227,308566,1032,1053
2021-09-26T23:59:59+02:00,41132,38698,289464,278570,395470,365232,409144,401822,471334,479751,521273,521676,354292,395230,247010,316470,72661,133194,32067,29854,260536,250253,370292,337315,387052,375428,449133,454223,501126,501049,343984,383394,240294,307161,69978,127705,4089291,3843870,526703,503866,810215,766111,307625,1032,1052
2021-09-25T23:59:59+02:00,41077,38637,289294,278401,395311,365108,409025,401730,471238,479666,521211,521632,354278,395210,247001,316461,72659,133191,32023,29798,260367,250096,370142,337188,386929,375327,449060,454120,501062,501014,343962,383371,240284,307147,69978,127703,4088524,3843142,526628,503804,810212,766077,307176,1032,1052
2021-09-24T23:59:59+02:00,40878,38422,288650,277742,394652,364533,408492,401242,470781,479255,520907,521387,354171,395125,246960,316409,72653,133166,31763,29539,259691,249405,369527,336638,386475,374884,448639,453756,500738,500767,343844,383265,240241,307093,69966,127679,4084712,3839394,526475,503699,810202,766005,305440,1032,1051
2021-09-23T23:59:59+02:00,40239,37748,286922,276066,393161,363159,407293,400020,469729,478282,520150,520700,353874,394849,246829,316193,72610,133048,31368,29118,258382,248311,368363,335642,385528,374046,447816,453016,500140,500250,343606,383020,240128,306944,69940,127603,4074746,3833252,526061,503424,810190,765904,301266,1032,1049
2021-09-22T23:59:59+02:00,39903,37430,285916,275073,392285,362302,406535,399241,469058,477673,519607,520258,353641,394580,246719,315996,72560,132961,31079,28855,257596,247558,367605,334946,384892,373447,447301,452490,499667,499899,343400,382806,240023,306806,69907,127540,4067815,3828095,525838,503251,810169,765788,299303,1031,1047
2021-09-21T23:59:59+02:00,39485,36947,284822,273982,391305,361386,405766,398479,468423,477080,519153,519824,353415,394312,246616,315820,72506,132847,30760,28576,256725,246698,366823,334224,384245,372838,446795,452003,499250,499498,343203,382595,239918,306641,69874,127453,4060159,3822420,525675,503052,810158,765707,297557,1031,1047
2021-09-20T23:59:59+02:00,39130,36669,283673,272898,390240,360440,404931,397663,467716,476458,518654,519365,353168,394082,246508,315638,72462,132750,30375,28205,255595,245707,365823,333373,383441,372059,446070,451416,498783,499053,342974,382378,239812,306453,69838,127375,4053052,3815871,525525,502876,810145,765501,295095,1031,1046
2021-09-19T23:59:59+02:00,38969,36534,283073,272483,389654,359945,404519,397259,467372,476142,518383,519130,353081,393957,246468,315559,72451,132712,30257,28085,255076,245265,365308,332943,383014,371713,445699,451068,498494,498830,342865,382248,239755,306367,69829,127344,4049683,3813004,525380,502693,810121,765201,293873,1031,1046
2021-09-18T23:59:59+02:00,38914,36462,282910,272322,389452,359780,404334,397114,467261,476028,518314,519070,353065,393944,246460,315550,72449,132708,30126,27954,254761,244915,365052,332688,382772,371520,445536,450934,498399,498741,342835,382222,239736,306348,69826,127336,4048719,3811109,525265,502612,810118,765188,293399,1031,1045
2021-09-17T23:59:59+02:00,38581,36096,282003,271486,388656,359020,403607,396455,466644,475501,517931,518705,352914,393798,246397,315479,72425,132676,29857,27686,254016,244228,364357,332087,382177,371014,445066,450522,498059,498452,342713,382085,239685,306270,69813,127314,4043351,3807297,524929,502208,810106,765157,291343,1031,1045
2021-09-16T23:59:59+02:00,38009,35498,280407,269909,387280,357558,402388,395125,465619,474517,517154,518005,352596,393469,246267,315290,72379,132584,29418,27263,252862,243208,363382,331146,381340,370145,444396,449824,497539,498001,342484,381862,239586,306141,69782,127254,4032388,3800633,524163,501806,810065,765010,288788,1031,1043
2021-09-15T23:59:59+02:00,37629,35187,279268,268806,386368,356575,401524,394263,464939,473824,516621,517487,352373,393179,246099,315117,72345,132472,29116,26974,252000,242394,362590,330342,380650,369464,443823,449304,497032,497558,342273,381623,239450,305995,69759,127177,4024812,3794938,523872,501571,810051,764936,286680,1031,1043
2021-09-14T23:59:59+02:00,37316,34879,278294,267837,385420,355708,400780,393490,464328,473165,516089,517032,352125,392935,245969,314947,72302,132404,28840,26735,251214,241598,361853,329668,380037,368864,443278,448789,496610,497170,342077,381407,239339,305849,69735,127122,4017931,3789784,523538,501345,810021,764786,284867,1030,1042
2021-09-13T23:59:59+02:00,36926,34484,277044,266565,384459,354661,399999,392605,463629,472439,515558,516526,351901,392682,245846,314792,72264,132331,28379,26311,250083,240542,361025,328878,379433,368208,442718,448261,496151,496790,341881,381178,239238,305702,69706,127068,4009671,3782824,522813,501060,809988,764689,283572,1030,1041
2021-09-12T23:59:59+02:00,36782,34355,276455,266123,383980,354212,399606,392173,463302,472135,515342,516310,351794,392568,245800,314718,72254,132296,28221,26192,249550,240128,360514,328429,379059,367851,442412,447965,495899,496566,341754,381041,239180,305613,69691,127025,4006449,3779765,522645,500867,809951,764561,282493,1029,1037
2021-09-11T23:59:59+02:00,36703,34306,276264,265910,383754,354022,399444,392015,463167,472011,515271,516248,351764,392537,245791,314702,72252,132293,28074,26093,249267,239940,360291,328271,378909,367708,442262,447847,495831,496511,341730,381013,239172,305600,69691,127021,4005408,3778677,522556,500734,809942,764540,281876,1029,1035
2021-09-10T23:59:59+02:00,36372,33968,275178,264910,382790,353116,398557,391203,462362,471326,514711,515798,351555,392337,245703,314589,72234,132263,27865,25893,248352,239226,359458,327530,378117,367075,441568,447322,495338,496129,341568,380858,239091,305495,69669,126991,4000025,3775187,522412,500515,809932,764516,277921,1028,1034
2021-09-09T23:59:59+02:00,35935,33517,273859,263748,381730,351929,397611,390159,461555,470441,514127,515281,351314,392053,245575,314433,72199,132203,27480,25503,247271,238259,358538,326656,377294,366262,440874,446713,494750,495683,341351,380624,238969,305352,69638,126939,3991763,3769048,522108,500115,809885,764362,275225,1026,1028
2021-09-08T23:59:59+02:00,35532,33115,272890,262752,380917,351074,396907,389370,460916,469834,513686,514813,351112,391810,245471,314257,72170,132145,27185,25214,246344,237394,357717,325916,376602,365532,440265,446138,494298,495224,341148,380379,238856,305191,69605,126862,3985245,3763327,521881,499792,809829,764226,273120,1025,1025
2021-09-07T23:59:59+02:00,35157,32778,271864,261822,380077,350283,396255,388693,460381,469306,513244,514414,350918,391598,245369,314093,72137,132074,26909,25003,245464,236606,356909,325229,375945,364969,439759,445633,493850,494832,340940,380161,238769,305054,69578,126808,3979104,3758305,521637,499453,809814,764046,271207,1025,1024
2021-09-06T23:59:59+02:00,34758,32370,270740,260711,379122,349326,395561,387913,459772,468663,512802,513978,350696,391352,245280,313970,72107,132004,26673,24791,244690,235843,356158,324567,375324,364375,439292,445124,493436,494446,340727,379951,238691,304922,69549,126752,3971833,3753457,521497,499209,809763,763914,269324,1025,1023
2021-09-05T23:59:59+02:00,34602,32221,270327,260292,378801,348974,395256,387594,459533,468417,512623,513798,350623,391257,245238,313908,72091,131975,26537,24636,244258,235447,355757,324177,374963,364057,439029,444874,493236,494235,340627,379832,238646,304858,69532,126720,3969187,3750798,521387,498931,809733,763775,268512,1024,1021
2021-09-04T23:59:59+02:00,34543,32181,270154,260157,378677,348844,395127,387488,459456,468331,512571,513752,350611,391239,245231,313896,72091,131974,26499,24583,244088,235302,355591,324008,374815,363940,438937,444772,493170,494187,340606,379812,238638,304846,69532,126719,3968463,3750005,521332,498795,809728,763751,268088,1024,1021
2021-09-03T23:59:59+02:00,34226,31866,269248,259347,377930,348173,394533,386897,458879,467845,512108,513417,350439,391059,245165,313789,72067,131939,26175,24239,243065,234437,354789,323290,374136,363284,438281,444180,492679,493769,340408,379612,238551,304740,69512,126691,3964059,3745677,520625,497253,809700,763675,265827,1024,1019
2021-09-02T23:59:59+02:00,33858,31524,268180,258455,377057,347327,393785,386133,458181,467205,511573,512985,350173,390806,245042,313610,72042,131860,25874,23972,242036,233627,353892,322505,373385,362567,437562,443550,492112,493311,340162,379349,238444,304588,69487,126613,3958017,3740458,520334,496768,809664,763346,263059,1024,1017
2021-09-01T23:59:59+02:00,33529,31155,267321,257608,376286,346649,393252,385578,457705,466718,511184,512635,349991,390612,244953,313491,72018,131799,25486,23570,240938,232561,353016,321643,372691,361869,436943,442943,491581,492825,339929,379081,238314,304436,69462,126559,3952509,3733624,520148,496222,809629,763127,261469,1023,1011
2021-08-31T23:59:59+02:00,33131,30811,266444,256685,375535,345922,392665,384988,457187,466227,510727,512267,349794,390414,244857,313344,71986,131755,25201,23274,239981,231659,352201,320881,372020,361228,436383,442428,491059,492423,339724,378865,238226,304285,69428,126503,3946890,3728272,519956,495834,809602,762700,259555,1021,1009
2021-08-30T23:59:59+02:00,32584,30324,265134,255494,374527,344995,391843,384168,456426,465511,510161,511766,349564,390192,244764,313190,71950,131686,24880,22954,238817,230664,351188,319974,371224,360482,435675,441841,490502,491905,339468,378618,238100,304106,69387,126426,3939353,3722180,519838,495390,809557,762445,256786,1020,1006
2021-08-29T23:59:59+02:00,32394,30133,264561,254981,374038,344575,391455,383825,456128,465220,509930,511540,349463,390081,244714,313125,71940,131662,24654,22739,238097,230016,350564,319423,370723,360005,435242,441461,490190,491643,339327,378461,238039,304029,69369,126401,3936225,3718251,519716,494987,809526,762183,255549,1020,1005
2021-08-28T23:59:59+02:00,32304,30037,264331,254802,373858,344420,391297,383701,456004,465100,509854,511487,349438,390058,244703,313113,71939,131659,24588,22635,237777,229756,350310,319224,370501,359837,435060,441296,490062,491551,339285,378420,238019,304003,69368,126397,3935178,3716668,519675,494870,809520,762156,254981,1020,1005
2021-08-27T23:59:59+02:00,32075,29787,263684,254233,373342,343895,390820,383246,455546,464700,509478,511201,349307,389922,244645,313027,71920,131639,24441,22482,237170,229251,349688,318711,370022,359399,434601,440935,489755,491301,339153,378301,237964,303939,69357,126390,3931361,3713410,519605,494654,809461,762095,253286,1020,1001
2021-08-26T23:59:59+02:00,31690,29398,262679,253247,372482,343074,390059,382498,454858,464022,508922,510718,349073,389661,244524,312909,71892,131578,24091,22117,235683,227880,348445,317510,368895,358394,433723,440117,489082,490722,338862,377979,237801,303769,69327,126345,3925133,3704986,519359,494003,809422,761731,250601,1020,996
2021-08-25T23:59:59+02:00,31324,29065,261749,252380,371722,342287,389395,381795,454215,463427,508359,510256,348829,389400,244401,312745,71857,131510,23485,21541,233623,226007,346948,316102,367696,357192,432715,439154,488279,489988,338481,377588,237647,303535,69283,126257,3919350,3692951,519226,493593,809392,761576,247976,1015,993
2021-08-24T23:59:59+02:00,31005,28797,261013,251598,371110,341650,388849,381213,453730,462909,507941,509878,348618,389175,244284,312581,71831,131438,23168,21225,232408,224937,345975,315179,366904,356433,432039,438497,487717,489438,338200,377271,237516,303375,69259,126193,3914371,3685735,518937,493141,809371,761268,246165,1015,986
2021-08-23T23:59:59+02:00,30482,28266,259620,250277,370072,340727,388007,380417,452951,462227,507288,509304,348334,388892,244144,312391,71804,131377,22858,20926,230918,223609,344649,314096,365947,355576,431176,437734,487010,488866,337894,376936,237383,303181,69233,126134,3906871,3678259,518788,492657,809336,760980,242797,1014,984
2021-08-22T23:59:59+02:00,30336,28152,259209,249905,369710,340390,387736,380147,452711,461980,507096,509152,348233,388795,244103,312333,71787,131351,22675,20743,230186,222922,343950,313428,365408,355066,430733,437324,486684,488594,337725,376749,237319,303076,69215,126099,3904613,3673815,518638,492187,809296,760675,241787,1012,979
2021-08-21T23:59:59+02:00,30083,27947,258711,249439,369392,340067,387479,379885,452505,461802,506947,509013,348177,388739,244081,312295,71784,131342,22399,20489,229440,222266,343458,313026,365003,354653,430368,437013,486454,488397,337639,376681,237292,303033,69209,126087,3902047,3670813,518494,490980,809287,760618,241062,1012,979
2021-08-20T23:59:59+02:00,29891,27748,258049,248771,368649,339430,386794,379350,451906,461300,506468,508687,348028,388576,244025,312198,71767,131307,21994,20148,227629,220640,342040,311822,363878,353688,429409,436209,485730,487844,337394,376432,237188,302913,69184,126057,3898524,3662516,518169,489813,809274,760251,238179,1010,978
2021-08-19T23:59:59+02:00,29558,27434,257053,247918,367636,338633,386000,378654,451191,460659,505900,508200,347786,388310,243916,312050,71733,131234,21496,19655,224853,218199,339715,309973,362162,352198,428000,434935,484568,486885,336972,376003,236994,302666,69150,125988,3892957,3648077,517801,488042,809231,759773,235072,1009,975
2021-08-18T23:59:59+02:00,29271,27173,256255,247209,366922,338008,385409,378076,450584,460154,505426,507785,347513,388067,243798,311902,71701,131168,21117,19279,222369,215669,337645,308206,360503,350538,426466,433601,483419,485845,336452,375449,236763,302367,69100,125894,3887794,3634752,517620,484092,809201,759388,232997,1008,974
2021-08-17T23:59:59+02:00,28951,26897,255468,246483,366298,337321,384844,377513,450085,459665,504988,507365,347307,387854,243681,311770,71675,131115,20645,18844,219614,212909,335562,306371,358803,349066,425026,432323,482294,484855,335960,374909,236529,302076,69047,125817,3882699,3619649,517317,481307,809175,758958,231278,1007,969
2021-08-16T23:59:59+02:00,28658,26634,254771,245826,365721,336760,384373,377047,449645,459221,504566,506998,347120,387645,243582,311605,71644,131075,20089,18360,216434,209823,333261,304242,357270,347606,423814,431173,481342,484006,335565,374456,236343,301805,69008,125727,3878250,3602140,517161,480598,809146,758606,229520,1007,966
2021-08-15T23:59:59+02:00,28461,26471,254271,245377,365282,336366,384008,376705,449345,458959,504322,506795,347005,387524,243532,311523,71633,131054,19304,17629,212406,205752,331351,302611,356001,346372,422779,430225,480553,483339,335230,374117,236216,301628,68984,125677,3875352,3584411,517016,479681,809108,758272,228343,1007,963
2021-08-14T23:59:59+02:00,28392,26412,254023,245178,365044,336187,383832,376554,449186,458828,504204,506687,346955,387491,243514,311500,71630,131049,18978,17331,211327,204644,330521,301843,355277,345689,422281,429763,480165,483017,335089,373989,236178,301571,68975,125660,3874166,3577685,516941,479307,809102,758194,227642,1007,962
2021-08-13T23:59:59+02:00,28134,26168,253314,244587,364539,335757,383391,376116,448744,458460,503862,506428,346825,387340,243449,311422,71618,131020,18372,16774,209430,202852,329083,300516,354002,344490,421226,428817,479411,482368,334844,373697,236065,301428,68957,125606,3870310,3565675,516868,478701,809092,758000,226091,1001,958
2021-08-12T23:59:59+02:00,27934,25941,252587,243949,363914,335161,382844,375622,448203,458006,503434,506069,346641,387139,243345,311315,71605,130972,17790,16275,206821,200570,326188,297959,351974,342677,419707,427551,478182,481295,334388,373158,235819,301151,68917,125523,3866301,3548151,516676,477519,809053,756965,223834,999,955
2021-08-11T23:59:59+02:00,27697,25693,251851,243252,363285,334573,382312,375134,447733,457572,503023,505636,346412,386898,243228,311181,71578,130917,16970,15587,203758,197573,322991,294998,349788,340605,418196,426137,476895,480001,333840,372509,235569,300744,68867,125394,3861399,3526179,516456,476444,809013,756020,222290,996,951
2021-08-10T23:59:59+02:00,27451,25434,251011,242507,362563,334005,381759,374579,447231,457085,502566,505228,346215,386700,243141,311042,71555,130873,16173,14801,199542,193419,318302,290753,346785,337816,416058,424181,475291,478539,333156,371828,235276,300337,68812,125276,3856263,3495901,516167,475360,808974,754863,220723,994,951
2021-08-09T23:59:59+02:00,27253,25233,250379,241929,361969,333512,381304,374194,446809,456734,502213,504937,346050,386550,243075,310930,71535,130837,15179,13856,194981,188806,312567,285984,344012,335310,414134,422393,473664,477065,332516,371133,235011,299968,68756,125141,3852482,3465381,515987,472607,808937,753768,219219,991,944
2021-08-08T23:59:59+02:00,27078,25074,249893,241510,361564,333143,380952,373899,446502,456468,501967,504744,345941,386438,243012,310847,71518,130802,14957,13661,193624,187426,310928,284631,342680,334132,413248,421630,473085,476541,332249,370857,234882,299797,68730,125089,3849838,3456150,515829,471235,808882,753274,217981,989,942
2021-08-07T23:59:59+02:00,26929,24898,249363,241061,361162,332802,380615,373612,446207,456230,501739,504567,345868,386343,242978,310796,71510,130791,13785,12617,189936,183826,308870,282768,340952,332601,411905,420360,472151,475743,331893,370481,234751,299608,68697,125052,3846963,3436440,515722,469895,808867,753060,217095,989,938
2021-08-06T23:59:59+02:00,26703,24663,248491,240387,360368,332187,379935,373029,445548,455701,501200,504173,345631,386137,242879,310680,71499,130769,12877,11789,186180,180254,305379,279938,338819,330754,410296,419010,470850,474772,331510,370092,234592,299454,68672,125004,3844347,3417013,514352,468159,808853,751956,213606,985,935
2021-08-05T23:59:59+02:00,26378,24338,247309,239440,359461,331301,379098,372288,444797,455004,500527,503626,345346,385831,242763,310504,71457,130706,11871,10854,181686,176291,299966,275499,334680,327170,407468,416509,468580,472983,330837,369385,234330,299080,68610,124893,3837906,3388936,514083,463425,808780,748235,210573,983,932
2021-08-04T23:59:59+02:00,26005,23995,246163,238443,358448,330375,378314,371574,444162,454400,499946,503089,345071,385562,242641,310332,71430,130635,11056,10140,178187,172973,296172,272340,330250,323243,405210,414405,466860,471424,330140,368685,234053,298728,68549,124791,3831352,3361636,513739,461647,808744,746478,207907,977,932
2021-08-03T23:59:59+02:00,25541,23573,244791,237251,357526,329535,377596,370875,443502,453734,499341,502546,344774,385258,242509,310155,71386,130568,10493,9638,174681,169515,292037,268664,325121,318615,402452,411836,464513,469319,329300,367815,233703,298256,68482,124653,3823368,3329410,513574,459760,808695,744398,205977,976,930
2021-08-02T23:59:59+02:00,25223,23266,243731,236282,356670,328772,376888,370271,442922,453177,498815,502096,344508,384977,242391,310000,71360,130510,9936,9096,171027,165910,287312,264670,319228,313643,399683,409267,462272,467315,328520,366968,233408,297856,68420,124536,3816969,3295800,513322,457769,808632,741854,204087,974,923
2021-08-01T23:59:59+02:00,25064,23075,243096,235669,356065,328255,376437,369868,442482,452853,498466,501814,344366,384809,242314,309884,71346,130484,9668,8886,169468,164447,284809,262652,314570,309916,397813,407680,460787,466059,328084,366478,233236,297638,68391,124477,3813230,3277780,513016,455613,808538,739398,202712,970,913
2021-07-31T23:59:59+02:00,24954,22970,242749,235347,355780,328027,376190,369695,442290,452698,498358,501710,344332,384768,242294,309870,71345,130478,8432,7789,165679,160587,281966,260092,312468,307908,396409,406391,459637,465067,327764,366098,233102,297464,68365,124431,3811595,3254755,512826,454670,808528,738602,202055,969,913
2021-07-30T23:59:59+02:00,24663,22710,241943,234619,355193,327494,375691,369221,441824,452292,497993,501419,344194,384628,242249,309790,71332,130462,7492,6919,161918,156808,278554,256961,309427,305074,394166,404266,457783,463475,327252,365565,232891,297172,68332,124372,3807463,3229554,512453,453461,808507,735396,200440,968,911
2021-07-29T23:59:59+02:00,24314,22367,240402,233339,354016,326413,374719,368298,440960,451492,497174,500791,343859,384310,242111,309602,71294,130395,6506,6043,157042,152304,273139,252746,303491,300265,389781,400747,454721,461053,326412,364714,232578,296761,68272,124272,3799819,3195428,511763,448572,808418,730268,196994,966,909
2021-07-28T23:59:59+02:00,24012,22076,239242,232293,353127,325568,373965,367600,440317,450818,496603,500297,343601,384010,241973,309415,71260,130322,6013,5600,153254,148636,268610,249057,299023,296278,386498,397866,452614,459192,325742,363938,232310,296372,68207,124145,3793019,3164467,511221,446637,808340,727606,195051,966,905
2021-07-27T23:59:59+02:00,23739,21849,238230,231312,352271,324819,373255,367000,439726,450198,496074,499837,343352,383701,241840,309221,71224,130223,5443,5073,148204,143491,262650,243897,293701,291487,382464,394149,449420,456368,324752,362828,231944,295869,68114,123986,3786669,3122669,510662,444327,808282,723846,193391,964,901
2021-07-26T23:59:59+02:00,23507,21609,237249,230321,351473,324102,372637,366438,439166,449707,495618,499459,343114,383459,241713,309062,71200,130165,5019,4712,143841,139073,257068,239080,288511,286995,377976,390167,445886,453325,323790,361858,231614,295387,68039,123848,3780929,3083041,510026,442061,808195,719479,191981,959,899
2021-07-25T23:59:59+02:00,23148,21307,235901,229160,350523,323322,371951,365771,438580,449160,495151,499049,342912,383238,241623,308931,71178,130101,4764,4480,141980,137301,254358,236845,285987,284879,375826,388373,443783,451522,323265,361329,231406,295156,68014,123771,3773785,3067867,509646,439871,808125,715097,190573,957,896
2021-07-24T23:59:59+02:00,22897,21110,234972,228287,349797,322663,371374,365246,438052,448718,494788,498771,342795,383139,241579,308869,71175,130090,4441,4195,139071,134489,251613,234512,283411,282651,373560,386508,442538,450531,322913,360989,231261,294974,67995,123737,3769730,3049440,508878,436840,808110,714751,188722,957,895
2021-07-23T23:59:59+02:00,22479,20721,233463,226937,348459,321709,370318,364371,437166,447926,494088,498234,342556,382866,241489,308757,71154,130054,4017,3803,133569,129623,246216,230178,278906,278837,369849,383286,439877,448317,322206,360262,231004,294662,67941,123655,3762207,3013708,508404,435060,808054,712605,185186,957,890
2021-07-22T23:59:59+02:00,21970,20245,231353,224950,346697,320154,368808,363068,435844,446771,493101,497329,342120,382414,241313,308507,71110,129973,3595,3458,129209,125541,240181,225643,272485,273739,362929,377768,434395,443784,321016,358992,230563,294137,67847,123500,3749697,2971413,506813,429053,807919,706268,182387,955,888
2021-07-21T23:59:59+02:00,21460,19721,229460,223123,344984,318606,367182,361486,434264,445379,491872,496154,341566,381884,241065,308220,71056,129878,3392,3260,125435,121951,234690,221384,266923,269193,354772,370807,429764,440031,319894,357842,230099,293569,67766,123319,3738616,2935725,503055,418130,807693,701476,179074,954,886
2021-07-20T23:59:59+02:00,21157,19442,227991,221632,343738,317420,366212,360604,433396,444582,491145,495507,341223,381507,240916,307998,71027,129788,3131,2969,121083,117694,228311,216180,261071,263993,347630,364684,425049,435700,318792,356578,229680,292980,67668,123135,3729225,2891760,502649,410881,807563,697062,176921,950,885
2021-07-19T23:59:59+02:00,20843,19145,226249,219933,342411,316156,365166,359622,432577,443796,490471,494883,340921,381136,240764,307766,70982,129691,2935,2760,118314,115078,223896,212577,256434,260026,343895,361497,422422,433505,318060,355846,229380,292587,67593,123011,3718579,2866581,502224,405481,807468,692729,175312,948,883
2021-07-18T23:59:59+02:00,20689,19010,224940,218651,340776,314716,364087,358684,431750,443066,489931,494336,340684,380848,240634,307590,70960,129629,2843,2666,116804,113683,221217,210373,254067,257907,341637,359633,420379,431803,317565,355352,229220,292369,67572,122943,3709044,2854191,501688,401189,807391,689015,173921,944,880
2021-07-17T23:59:59+02:00,20291,18586,223785,217590,340192,314172,363490,358167,431229,442612,489511,494047,340580,380730,240592,307534,70957,129618,2579,2409,114731,111575,218748,208060,251586,255701,339201,357485,418923,430535,317227,354961,229085,292201,67549,122903,3703450,2836612,501485,398453,807363,688225,172447,942,880
2021-07-16T23:59:59+02:00,19747,18072,221243,215444,338443,312864,361975,356866,429759,441407,488409,493189,340173,380358,240421,307376,70933,129582,2312,2168,111609,108757,213956,204113,247033,252053,334882,353772,415568,427807,316303,354024,228733,291784,67496,122822,3693217,2808813,500723,396078,807205,684399,166162,941,877
2021-07-15T23:59:59+02:00,19105,17443,218450,213015,336529,311144,360381,355418,428409,440215,487459,492330,339766,379929,240218,307121,70891,129477,2134,2027,107687,105506,205539,197825,239491,246420,328247,348510,408464,421338,314553,352201,228182,291112,67424,122623,3678096,2761975,500120,387593,807088,676936,163018,935,875
2021-07-14T23:59:59+02:00,18260,16718,216005,210681,334817,309607,358965,354065,427179,439013,486427,491370,339308,379463,239977,306809,70838,129389,1982,1882,104059,102140,199029,192618,233743,241729,323935,345008,404269,417699,313233,350880,227771,290551,67340,122467,3663113,2728136,499531,382027,806963,670109,160293,934,869
2021-07-13T23:59:59+02:00,17606,16060,213814,208648,333206,308219,357620,352823,426002,437919,485459,490506,338866,378985,239772,306562,70803,129296,1869,1773,100286,98581,192507,187175,226574,235646,317225,338925,395846,409812,311419,348945,227163,289754,67228,122265,3649202,2685119,498969,369300,806804,660599,158193,934,864
2021-07-12T23:59:59+02:00,16588,15124,210512,205455,331133,306474,356029,351342,424753,436707,484473,489606,338447,378508,239594,306333,70763,129219,1788,1702,97171,95845,187198,182851,219573,229941,310364,332869,390730,405518,309678,347070,226569,289017,67128,122094,3630628,2646633,498409,362138,806622,652146,156395,931,861
2021-07-11T23:59:59+02:00,16078,14647,209145,204174,330376,305741,355356,350707,424181,436194,484020,489256,338249,378297,239533,306228,70741,129179,1753,1676,95740,94549,184389,180521,216553,227630,307663,330704,387882,403122,307192,344435,226191,288545,67074,121996,3624297,2631528,497765,360135,806490,641612,154546,923,856
2021-07-10T23:59:59+02:00,15603,14187,207292,202379,328896,304465,354214,349724,423445,435596,483544,488855,338080,378131,239467,306141,70731,129159,1712,1629,94430,93271,181834,178388,213514,225136,305127,328537,386713,402079,306542,343758,226011,288356,67058,121969,3615664,2614661,497119,359901,806254,639842,151858,922,855
2021-07-09T23:59:59+02:00,15277,13906,205375,200530,327282,303000,353137,348752,422534,434876,482966,488374,337873,377908,239371,306021,70716,129125,1038,973,91628,90540,178285,175138,209156,220961,300087,323925,383253,399088,305439,342525,225704,287985,67020,121903,3606455,2585543,496245,357827,806060,632219,149243,918,853
2021-07-08T23:59:59+02:00,14809,13477,201875,197530,323948,300313,350742,346755,420815,433407,481528,487302,337424,377462,239193,305773,70671,129047,920,862,87316,86757,171016,169441,200995,214543,292697,317787,376271,392853,302697,339586,224923,287043,66903,121643,3591006,2539170,492189,349136,805541,621811,144292,914,851
2021-07-07T23:59:59+02:00,14307,13023,198126,193652,320763,297437,348414,344696,419253,431930,480318,486195,336940,376895,239001,305499,70632,128941,787,766,83626,83297,163684,163704,191916,207344,284683,311205,369211,386017,299370,335954,224007,285939,66761,121396,3569618,2491028,490814,335656,805153,611775,141342,913,849
2021-07-06T23:59:59+02:00,13847,12649,194684,190269,317490,294684,345929,342396,417527,430358,479044,485053,336431,376330,238805,305210,70578,128855,665,648,80045,79707,156974,158175,184483,201124,275722,303234,362697,379906,296159,332694,223116,284842,66653,121167,3549656,2438345,487737,328656,804738,602230,138898,911,847
2021-07-05T23:59:59+02:00,13450,12312,190268,186009,313411,291323,343409,340048,415842,428803,477890,483973,335955,375804,238625,304962,70545,128768,589,553,76964,76859,151828,154067,179707,196988,268788,296946,356574,374353,292875,329230,222226,283719,66543,120995,3526698,2399151,486562,324145,804242,591841,134774,905,841
2021-07-04T23:59:59+02:00,13271,12151,186418,182118,310760,289277,342086,338964,414954,428015,477302,483477,335729,375544,238535,304834,70519,128714,556,524,74769,74966,148702,151473,177362,194933,266324,294883,353439,372128,289551,325822,221642,283047,66487,120873,3514370,2385249,485263,321833,803678,580265,130231,903,839
2021-07-03T23:59:59+02:00,12074,11093,179981,176102,306475,285810,339739,336783,413132,426207,476085,482419,335329,375099,238360,304585,70495,128671,525,505,72980,73378,146263,149582,174916,192840,263248,292154,351149,370267,287790,323828,221373,282683,66455,120824,3487912,2369439,483853,321625,803498,575761,124028,903,839
2021-07-02T23:59:59+02:00,10977,10000,176256,172623,304039,283596,337975,335066,411875,425015,475308,481727,335069,374782,238246,304403,70466,128623,487,454,70276,70675,142321,146281,170450,188777,257175,286686,345908,365552,284525,320085,220730,281907,66406,120740,3469741,2336080,482368,318827,803315,563153,121473,893,824
2021-07-01T23:59:59+02:00,9879,9070,172570,169161,299986,280278,335470,332782,410073,423429,474207,480756,334650,374317,238043,304132,70421,128543,414,380,65367,65937,135970,140907,163138,182240,246882,277795,335077,355729,279722,314793,218873,279640,66226,120427,3447083,2279494,480265,306435,802971,545367,118292,892,818
2021-06-30T23:59:59+02:00,9389,8677,169285,166062,294347,275636,331780,329435,408301,421888,473184,479783,334227,373829,237851,303829,70387,128454,332,318,62216,63076,130308,136210,156476,176230,236806,268618,321644,342424,274492,309225,216980,277309,66058,120104,3421896,2224290,478089,293598,802684,526484,114505,891,815
2021-06-29T23:59:59+02:00,8851,8154,165470,162260,289785,271343,328207,326124,406181,419796,471631,478363,333636,373186,237595,303473,70332,128344,274,247,59416,60050,125338,131771,150428,170687,224927,257890,313065,334035,268018,302020,214998,274845,65854,119756,3394236,2164831,476088,288918,802358,509047,110861,889,809
2021-06-28T23:59:59+02:00,8445,7774,162129,158788,284727,267009,324888,323271,404033,417859,470140,477046,333115,372572,237361,303164,70288,128251,214,197,57131,57680,121411,128237,146060,166589,215680,249451,307258,328608,263061,296712,213233,272606,65706,119488,3370211,2128956,472110,280267,801696,492486,107639,888,806
2021-06-27T23:59:59+02:00,8297,7651,160609,157249,282613,265187,323080,321720,402328,416495,469237,476322,332822,372279,237258,303001,70269,128202,187,176,55923,56558,119261,126510,143481,164443,211547,246044,303873,325733,259236,292693,210769,269688,65595,119293,3360122,2113381,470032,276742,800648,476300,104609,887,802
2021-06-26T23:59:59+02:00,7142,6552,157337,153905,280498,263301,320657,319474,401134,415339,468538,475623,332553,371998,237151,302843,70245,128172,175,164,55375,55963,117906,125339,142047,163193,209295,244030,301332,323303,257697,291029,210432,269274,65568,119224,3340953,2096466,467198,276650,800641,473795,104468,869,786
2021-06-25T23:59:59+02:00,5919,5436,153026,149606,277091,260334,318591,317505,399819,414083,467535,474791,332263,371663,237024,302687,70218,128123,146,142,54077,54328,115407,122619,137933,158605,200502,235557,295625,317409,255967,288900,209836,268471,65497,119108,3315926,2053808,465763,274940,800588,467177,104227,869,781
2021-06-24T23:59:59+02:00,5052,4645,148565,145461,272230,256373,314300,313713,397615,412198,466155,473651,331833,371198,236855,302449,70184,128035,127,112,51419,51722,110233,117860,130551,151932,188421,225065,284188,307151,250568,283037,207995,266123,65293,118707,3284596,1991521,463749,263085,800421,453382,102516,868,773
2021-06-23T23:59:59+02:00,4831,4440,145387,142330,268515,253197,309050,308899,395120,409846,464749,472330,331300,370573,236624,302137,70136,127928,95,82,49471,49623,106419,113925,124850,146226,178496,216378,272189,295127,245942,278197,206654,264419,65130,118346,3256953,1934976,460216,253197,800259,442657,100725,866,768
2021-06-22T23:59:59+02:00,4578,4211,142305,139194,264788,249801,302914,303456,392478,407281,463205,470836,330747,369963,236404,301784,70089,127821,64,61,47770,47866,102792,110595,120031,141625,165875,205217,261259,284802,241861,273704,204727,262001,64877,117873,3224819,1876408,458271,245444,800067,431678,99441,864,758
2021-06-21T23:59:59+02:00,4318,3965,139039,136240,260066,245881,297658,298575,389420,404400,461726,469471,330224,369398,236184,301473,70049,127709,56,53,46529,46630,100391,108351,117271,138903,159632,199423,254355,278156,236496,267841,200781,257457,64692,117495,3192976,1845260,456220,239913,799863,411836,97464,859,756
2021-06-20T23:59:59+02:00,4174,3847,137522,134720,255793,242370,295058,296327,388024,403079,460928,468719,329997,369105,236072,301340,70029,127647,50,50,45388,45695,98112,106541,114976,136903,156591,196864,250033,274061,233476,264299,199789,256200,64610,117369,3175396,1824759,454448,236343,799704,403941,95921,856,747
2021-06-19T23:59:59+02:00,3758,3497,135364,132614,253031,240041,293269,294667,386177,401509,460083,467989,329776,368852,235969,301203,70009,127615,49,48,44840,45043,96830,105265,113485,135418,155074,195418,246797,271022,232743,263444,199616,255935,64588,117316,3159023,1808690,451615,234749,799692,403644,95799,856,746
2021-06-18T23:59:59+02:00,2806,2585,132070,129468,249496,236975,289244,291247,383770,399379,458738,466831,329399,368452,235813,300968,69983,127566,49,48,44052,44120,95245,103472,111170,132740,151514,191369,239910,263707,231005,261427,199126,255292,64512,117181,3133154,1779253,447173,234212,799663,396905,95505,853,743
2021-06-17T23:59:59+02:00,2570,2362,128349,126172,243447,232511,284001,286844,378967,395378,456404,464988,328802,367730,235568,300611,69918,127452,47,48,41799,42284,91173,99977,106240,127967,143616,183665,228486,252281,225777,255474,197470,253128,64252,116761,3098219,1723358,444172,230048,799402,385956,91012,810,730
2021-06-16T23:59:59+02:00,2300,2127,125103,122758,238537,228154,279292,282580,373788,390867,453806,462845,328060,366936,235276,300199,69852,127337,47,44,39958,40671,87616,96925,101864,124120,135345,176298,216358,240339,219522,248332,195540,250794,63999,116272,3064603,1663329,438618,224419,798914,377815,88396,807,727
2021-06-15T23:59:59+02:00,1912,1794,120183,117880,232541,222986,273926,277582,368715,386226,450950,460417,327185,365955,234925,299687,69769,127153,46,42,38338,39042,84268,93857,97876,120053,128270,169910,203976,228283,213472,241517,193568,248355,63689,115699,3019792,1605852,436674,218549,798349,370103,85663,806,725
2021-06-14T23:59:59+02:00,1649,1518,116120,113711,227296,218064,268553,272603,363418,381462,447824,457818,326396,365091,234614,299298,69707,127033,42,41,37357,38150,81980,91747,95148,117520,124137,166144,197351,221766,210345,237993,192428,246871,63469,115305,2977555,1576121,434312,216256,798088,362423,82893,805,721
2021-06-13T23:59:59+02:00,1575,1433,114625,112327,224836,215945,266004,270339,361159,379496,446650,456785,326118,364784,234477,299127,69675,126959,39,41,36485,37409,80113,90067,93119,115692,121302,163524,193460,218042,207246,234540,191389,245494,63235,114890,2962502,1562036,431871,208967,797787,354158,80820,803,718
2021-06-12T23:59:59+02:00,1426,1296,111971,109573,222938,214210,264614,269052,359719,378096,445755,456016,325829,364474,234385,299024,69657,126930,39,41,36113,36999,79124,88967,91852,114379,119715,161953,189883,214729,206210,233412,189991,243837,63225,114858,2946295,1548808,430890,208950,797766,346775,80677,801,717
2021-06-11T23:59:59+02:00,1279,1160,109413,107051,220030,211575,260935,265851,356571,375357,444033,454543,325392,364021,234248,298814,69630,126875,39,40,35431,35875,77100,85563,89602,110830,115586,156786,183150,207238,204104,231033,189381,243063,63162,114759,2921805,1521126,428085,208246,797583,333291,79956,799,715
2021-06-10T23:59:59+02:00,1116,1003,104654,102628,213942,206801,253861,260013,350462,370047,439533,450761,324535,363048,233929,298367,69545,126722,37,39,33847,34377,73079,81367,84650,105302,108885,148531,170746,193562,197993,224114,187644,240916,62905,114354,2878082,1473716,420965,206488,796745,306215,75798,793,707
2021-06-09T23:59:59+02:00,968,872,100725,98907,207947,202060,247026,254292,343782,364087,435844,447734,323851,362296,233655,297983,69481,126588,36,37,32307,33110,69824,78702,80937,102125,104140,144230,159567,182763,187326,212076,185766,238664,62631,113858,2838950,1419455,412417,202495,796232,294898,71112,777,699
2021-06-08T23:59:59+02:00,786,691,96186,94347,201297,196475,240057,248269,335508,356797,430733,443059,323012,361286,233279,297497,69401,126452,33,35,31227,32242,67228,76387,77638,99381,99533,140297,151931,175235,178579,202324,183954,236404,62400,113489,2786875,1380050,406634,197558,795647,283995,66568,772,690
2021-06-07T23:59:59+02:00,627,552,92956,91236,195211,191756,233489,243008,327664,350614,427676,440603,322464,360644,233063,297169,69347,126356,29,31,30347,31388,64748,74420,74673,97208,95747,137356,143822,167421,174504,197674,182519,234588,62176,113103,2747755,1352792,400446,194245,795083,272839,61724,768,687
2021-06-06T23:59:59+02:00,589,517,91373,89911,191909,189185,230124,240221,323370,347202,426228,439520,322184,360344,232955,297011,69324,126309,29,31,29741,30825,62963,72725,72579,95185,92535,134270,138107,161598,171961,195027,181406,233186,61947,112722,2732262,1340839,393035,184516,794589,262377,58948,767,679
2021-06-05T23:59:59+02:00,507,437,89424,87892,187018,184940,227648,238086,321549,345580,425228,438607,321900,360025,232805,296844,69310,126277,29,29,29278,30058,61747,70757,71171,93026,90840,131984,133329,156245,168944,191346,180922,232527,61913,112657,2708688,1317132,392900,184049,794497,256914,58541,765,674
2021-06-04T23:59:59+02:00,407,352,87060,85356,183331,181301,223621,234123,317947,341930,422858,436408,321439,359489,232611,296615,69271,126215,29,27,28803,29379,60610,69080,69851,90913,89031,129337,129941,152566,164689,186561,179928,231259,61865,112569,2679349,1298120,389066,183266,794380,246814,58072,763,669
2021-06-03T23:59:59+02:00,315,275,83767,82267,177568,176604,216317,227994,310200,335194,415088,429538,320397,358299,232240,296162,69216,126083,26,27,27908,28354,58687,66860,67428,88134,85339,125184,123138,145870,158309,178912,178346,229222,61750,112330,2630238,1268681,378796,177903,793956,234026,55043,757,657
2021-06-02T23:59:59+02:00,264,217,81677,80087,173446,172840,212646,224815,306587,331823,413029,427696,319982,357834,232085,295953,69188,126031,25,25,27436,27864,57540,65715,65798,86828,83239,123215,118136,140960,150407,169908,177619,228264,61665,112159,2601306,1236259,377399,175923,793929,230386,54068,750,642
2021-06-01T23:59:59+02:00,163,150,77395,76250,165146,166247,203252,217062,297469,323922,404807,419859,318468,356218,231543,295215,69076,125804,24,22,25881,26443,53209,62742,60933,83519,77783,118679,110685,133702,139260,156440,175504,225517,61458,111734,2542501,1185855,365713,171797,793173,218583,47130,744,625
2021-05-31T23:59:59+02:00,142,132,74638,73752,159470,161910,195919,211077,290070,317516,399052,414880,317464,355097,231154,294693,68986,125633,24,21,24964,25375,50574,60496,57741,80965,74159,115373,106155,129231,135076,151500,174127,223786,61289,111401,2501970,1163269,356292,169422,792522,208146,41247,743,615
2021-05-30T23:59:59+02:00,132,124,73583,72680,156974,159850,193280,208711,287264,314993,397160,413131,317098,354681,230992,294453,68948,125552,24,21,24357,24586,48968,58733,55981,79086,71891,112791,103471,126344,132903,148954,173331,222847,61195,111189,2486088,1153371,353757,168101,791888,196722,38311,741,599
2021-05-29T23:59:59+02:00,129,122,72970,72085,155457,158446,190977,206681,285419,313404,396320,412360,316873,354433,230911,294373,68937,125533,23,21,24028,24058,48041,57226,54630,77197,69956,109935,101137,123535,130076,145508,172671,221939,61168,111135,2472175,1139656,353594,168029,791825,186164,38274,738,590
2021-05-28T23:59:59+02:00,125,119,71881,70966,153047,156177,187288,203128,282133,310266,394457,410587,316460,353927,230764,294160,68918,125476,23,20,23492,23049,46419,55079,52781,74625,67893,105970,96787,117633,125660,140412,171690,220624,61121,111021,2448274,1116804,352537,167813,791616,171642,37883,736,578
2021-05-27T23:59:59+02:00,114,110,68555,67939,146539,151217,179086,196861,275716,305082,388136,404888,315187,352474,230303,293627,68846,125294,21,19,22160,21359,43155,52009,48875,70785,63303,99927,90398,110089,121702,135758,168871,216908,60946,110705,2403574,1088161,344891,165053,789802,151498,32119,732,564
2021-05-26T23:59:59+02:00,110,107,66391,65750,141570,147113,172972,191790,268949,299400,381395,398192,313656,350852,229807,292929,68741,125081,21,18,21413,20433,41315,49855,46507,68027,60254,96114,85787,104943,116695,130004,165057,211544,60735,110276,2366195,1056020,331656,163463,787971,139985,29375,727,554
2021-05-25T23:59:59+02:00,109,100,64361,63748,137348,143611,167914,187482,261870,293096,375958,392792,312367,349436,229392,292279,68658,124904,21,18,20830,19764,39896,48319,44658,65991,57771,93092,81686,100542,111710,124268,159480,204257,60563,109969,2328533,1024201,324136,160035,785413,130728,27726,723,538
2021-05-24T23:59:59+02:00,108,97,63113,62524,134577,141489,164621,185053,254916,287096,371010,388101,311532,348509,229103,291893,68587,124773,21,18,20480,19352,38862,47231,43300,64494,56079,91073,79431,98012,110268,122598,158867,203461,60450,109764,2304703,1014717,313002,158720,783603,124024,26163,723,529
2021-05-23T23:59:59+02:00,104,96,62608,62005,133471,140582,163413,184012,253662,286066,369415,386663,310906,347845,228930,291664,68567,124737,21,15,20245,19161,38299,46664,42526,63779,54901,90060,77921,96631,109079,121183,157883,202232,60379,109622,2293128,1006431,312406,155624,783554,122402,26023,722,512
2021-05-22T23:59:59+02:00,101,94,61911,61376,131970,139491,161032,182377,250681,283766,366927,384426,310376,347249,228753,291396,68541,124686,20,15,19925,18737,37676,46054,41883,63245,54240,89319,77144,95478,107527,119368,157109,201262,60351,109568,2275060,999691,312389,155614,783516,118947,24545,722,511
2021-05-21T23:59:59+02:00,98,92,60566,59931,129035,136868,157713,179038,245424,278984,360816,378724,309435,346148,228457,290997,68480,124578,20,15,19553,18367,37049,45271,41215,62182,53270,87909,75403,93169,104270,115408,155965,199803,60257,109391,2238810,986544,310739,155281,781933,112329,24244,716,504
2021-05-20T23:59:59+02:00,89,90,57507,57129,123277,131969,150752,172704,235092,270201,351770,370425,306885,343392,227686,289980,68348,124358,19,15,18250,17426,34861,43012,38742,59261,50428,84123,71457,88647,100118,110732,153487,196763,60073,109033,2180612,967055,304059,153309,775966,94622,21334,710,498
2021-05-19T23:59:59+02:00,87,88,55288,54924,118249,127272,143560,166065,224530,260822,341204,359505,304227,340521,226936,288933,68198,124081,19,15,17665,16637,33628,41410,37317,57183,48397,81325,68193,85048,96218,106246,149842,192010,59811,108541,2114510,943483,297785,151304,772983,85089,19506,705,479
2021-05-18T23:59:59+02:00,83,84,53180,52953,113452,122996,137152,160483,212946,250434,331306,349692,301549,337543,226054,287734,68048,123826,19,15,17142,16030,32405,39934,35946,55381,46569,78900,65290,81808,92185,101693,146628,187926,59599,108106,2054517,923097,288381,148425,769378,76408,17518,701,477
2021-05-17T23:59:59+02:00,79,78,52137,51952,111103,120922,134322,157817,206398,244400,323720,342587,299743,335560,225462,286911,67939,123613,18,15,16681,15577,31349,38883,34760,54074,45080,77087,63004,79395,87334,95813,145156,186040,59449,107793,2027583,911293,276048,140951,765939,69697,15442,696,465
2021-05-16T23:59:59+02:00,77,75,51346,51297,109648,119592,132570,156143,203415,241708,316275,335614,298712,334422,225152,286426,67886,123515,18,15,16396,15203,30594,38096,33881,53147,44008,75768,61661,77919,83913,91719,144362,184960,59363,107651,2012164,905142,265603,134172,762684,65556,13681,689,453
2021-05-15T23:59:59+02:00,76,74,50806,50660,108637,118594,131550,155017,201473,239765,312696,332388,298086,333737,224956,286153,67866,123451,18,15,16253,15036,30330,37777,33594,52713,43512,75114,60804,76926,83316,90900,143843,184294,59326,107602,1995889,899855,265573,134018,761812,64414,12966,687,450
2021-05-14T23:59:59+02:00,75,73,49543,49221,106363,116481,127934,151551,193230,232674,306369,326484,297100,332595,224669,285703,67817,123357,18,15,15750,14603,29531,36937,32802,51511,42418,73310,59220,74968,81393,88395,143229,183297,59285,107517,1958456,890084,263859,133127,757256,58962,11903,684,447
2021-05-13T23:59:59+02:00,72,71,47615,47251,102491,113223,123185,147417,183177,224063,295741,316642,294129,329165,223856,284564,67717,123148,16,14,14889,14153,28666,36222,32029,50601,41455,72203,57695,73388,77602,84031,140454,179682,59175,107301,1906686,877443,255183,126051,751012,55098,10869,675,436
2021-05-12T23:59:59+02:00,70,69,46696,46533,100553,111771,121107,145736,180598,221938,290999,311303,292965,327881,223616,284247,67679,123063,16,13,14723,13998,28336,35996,31617,50302,41002,71819,57147,72810,76244,82390,139669,178543,59088,107141,1883460,871619,253011,124243,750515,54819,10061,665,432
2021-05-11T23:59:59+02:00,66,65,44445,45050,96499,108677,115274,140995,167206,210648,279326,300523,289557,323959,222663,282850,67530,122764,15,12,14285,13431,27310,34556,30469,48485,39683,69536,55423,70529,73136,78789,138303,176700,58927,106779,1824467,859192,243268,121537,741982,46946,8574,660,430
2021-05-10T23:59:59+02:00,65,61,43185,44065,93879,106655,112001,138344,158786,203608,271429,293405,287375,321501,222090,281990,67406,122523,15,11,13940,12982,26544,33566,29669,47220,38673,67676,54186,68793,71039,76224,137158,175184,58808,106489,1788774,850257,237205,120473,734982,39737,7594,650,424
2021-05-09T23:59:59+02:00,64,61,42057,43288,91189,104878,109318,136562,153751,200170,265889,288451,286128,320102,221713,281460,67340,122376,15,11,13622,12758,25841,32890,28935,46411,37871,66709,53255,67844,69801,74815,136560,174341,58753,106358,1769343,845633,230089,119490,728959,34952,6598,635,420
2021-05-08T23:59:59+02:00,64,61,41764,42982,90335,104139,108208,135687,152290,198943,263317,286380,285626,319557,221592,281284,67324,122344,15,11,13521,12693,25704,32795,28788,46277,37680,66510,52913,67523,68834,73889,135487,172970,58706,106265,1757217,840985,229567,118735,728724,34169,6580,628,413
2021-05-07T23:59:59+02:00,63,61,40837,42259,88388,102786,105356,133455,147657,195117,257047,280857,284280,317947,221247,280831,67272,122222,15,11,12774,12209,24869,32051,28014,45208,36813,65243,51726,66002,66576,71191,133248,170138,58617,106088,1731300,831222,226346,116456,724592,27375,5628,623,408
2021-05-06T23:59:59+02:00,60,60,38184,40528,83620,99308,99337,128684,137436,186584,240563,266422,279145,312142,219957,279145,67097,121907,15,11,12088,11690,23924,30945,27007,43851,35446,63234,49982,64010,64075,68052,131136,167365,58503,105870,1665567,820061,216421,113328,713648,18994,4710,604,401
2021-05-05T23:59:59+02:00,58,58,36290,39324,79948,96712,94722,125025,129587,180034,225792,252363,272951,304996,218378,277151,66851,121385,15,10,11850,11411,23373,30214,26398,42918,34515,61826,48818,62584,61454,64927,128189,163655,58405,105619,1599230,807667,211329,109746,707586,15024,3639,600,393
2021-05-04T23:59:59+02:00,58,56,35175,38205,77204,94375,91196,121969,123996,175291,215137,242056,267458,298535,216928,275306,66642,120918,15,10,11685,11202,22956,29665,25927,42132,33781,60723,47697,61296,58716,61727,125816,160715,58256,105383,1550014,795648,206190,107101,701478,11872,2982,589,386
2021-05-03T23:59:59+02:00,57,55,34300,37151,74896,92542,88310,119604,119542,171632,208457,236042,264159,294655,216133,274214,66519,120623,15,10,11437,10929,22555,29070,25438,41426,33087,59751,46665,60142,55908,58373,122028,155810,57998,104943,1518133,779684,203069,105380,696518,9108,1326,581,372
2021-05-02T23:59:59+02:00,57,55,33943,36835,73703,91625,86821,118493,117097,169752,205346,233511,263191,293562,215849,273807,66452,120516,15,9,11362,10851,22359,28852,25201,41136,32736,59342,46206,59661,54710,56904,118951,152124,57913,104811,1507438,774609,200267,99808,692623,8201,446,568,359
2021-05-01T23:59:59+02:00,56,55,33623,36450,72935,90827,85744,117447,115622,168382,202248,230478,262498,292733,215639,273526,66441,120477,15,9,11346,10834,22303,28821,25135,41096,32673,59285,46124,59582,54467,56610,118793,151926,57904,104794,1492286,773281,200254,99765,692353,8153,439,567,357
2021-04-30T23:59:59+02:00,54,53,33076,35846,71719,89594,84270,115707,111835,164800,194835,223359,260503,290361,215190,272917,66381,120368,15,9,11020,10636,21936,28539,24857,40667,32341,58722,45652,58942,53565,55443,117841,150739,57849,104675,1459309,769566,199924,97768,691545,5807,236,562,348
2021-04-29T23:59:59+02:00,52,52,31572,34887,68781,87550,80617,113079,106698,160676,181995,211795,252555,281248,213993,271287,66247,120025,15,9,10709,10419,21455,28086,24423,40165,31750,57976,44845,58007,51723,53240,115988,148493,57748,104477,1404255,760692,192633,95078,686152,3479,211,548,341
2021-04-28T23:59:59+02:00,51,51,30335,34272,66902,86227,78128,111247,103257,157811,172280,202594,241691,268638,212709,269601,66051,119698,15,9,10517,10255,21145,27720,24052,39687,31314,57313,44101,57170,49566,50595,113399,145251,57622,104265,1351465,751006,189266,90507,680775,2252,178,538,322
2021-04-27T23:59:59+02:00,48,50,29573,33583,65312,84746,76106,109429,100477,155405,167530,197848,233168,258812,211564,267985,65931,119476,15,9,10391,10141,20856,27422,23812,39352,30951,56808,43407,56478,47552,48042,110755,141809,57503,104064,1317294,741147,186954,86486,672768,1526,176,519,300
2021-04-26T23:59:59+02:00,47,50,29140,33195,64206,83847,74596,108253,98174,153683,158897,189825,228969,253958,210855,266988,65838,119276,15,9,10295,10051,20633,27230,23572,39131,30649,56460,42787,55897,45739,45888,108858,139322,57407,103909,1288245,733146,185509,83372,666029,1142,169,505,290
2021-04-25T23:59:59+02:00,47,49,28887,32953,63417,83312,73520,107508,96424,152443,153490,184939,224628,249064,210263,266206,65772,119154,15,9,10239,10014,20551,27145,23481,39043,30539,56331,42620,55736,45323,45390,108177,138414,57379,103839,1275375,731451,179360,81598,657332,1010,166,497,287
2021-04-24T23:59:59+02:00,47,48,28540,32524,62471,82081,72331,106050,94860,150774,148572,179781,221839,245723,209794,265532,65738,119104,15,9,10225,9994,20508,27099,23424,38973,30457,56244,42469,55601,45078,45078,107926,138118,57358,103811,1250433,730343,179325,80894,656037,966,165,492,285
2021-04-23T23:59:59+02:00,47,48,27788,31899,60891,80555,70519,104022,92250,148116,143758,175373,217266,240156,209139,264545,65675,118989,15,9,10172,9929,20397,27012,23285,38819,30219,56032,42101,55268,44462,44318,106860,136830,57201,103534,1225398,726962,178134,78410,647485,914,160,488,281
2021-04-22T23:59:59+02:00,45,48,27168,31296,59348,79106,68036,101788,88101,144612,135696,167859,208221,229147,207102,261915,65475,118592,14,9,10045,9829,20142,26711,22928,38378,29701,55513,41339,54630,43296,42997,104857,134376,56972,103136,1183754,719438,170655,74473,639126,791,160,476,274
2021-04-21T23:59:59+02:00,45,44,26671,30772,58010,77985,66140,100146,85044,141957,128494,161027,195124,213795,204951,259026,65249,118166,14,9,9911,9739,19907,26456,22636,38050,29339,55055,40784,54089,42442,41972,102658,131579,56716,102718,1132123,712832,167757,70364,632740,716,160,471,264
2021-04-20T23:59:59+02:00,43,44,26239,30299,56831,76825,64445,98547,82480,139370,123393,155939,183637,200322,202520,255888,65013,117736,13,9,9806,9645,19685,26264,22338,37773,28924,54633,40239,53555,41619,41035,100430,128580,56377,102184,1089342,705219,164261,67107,625940,634,158,467,253
2021-04-19T23:59:59+02:00,43,43,25871,29936,55853,76002,63149,97365,80342,137437,119851,152528,177861,193469,200810,253656,64828,117406,13,9,9697,9551,19448,26042,22090,37497,28606,54238,39725,53019,40822,40129,97311,124579,55970,101468,1064691,694789,162419,64685,619316,593,157,459,251
2021-04-18T23:59:59+02:00,42,38,25560,29669,55074,75448,62017,96412,78475,136009,116474,150123,172740,187904,199795,252424,64716,117214,13,9,9623,9474,19257,25862,21908,37325,28387,53959,39461,52765,40493,39746,96095,123023,55786,101167,1050627,690878,160742,62751,608737,578,157,454,249
2021-04-17T23:59:59+02:00,41,37,25447,29572,54696,75244,61495,96054,77814,135400,115621,149379,168476,183009,199261,251700,64682,117149,13,9,9578,9415,19115,25671,21719,37095,28159,53683,39198,52497,40187,39419,95327,122094,55721,101083,1039691,686839,160705,62433,604652,565,157,454,248
2021-04-16T23:59:59+02:00,41,37,25069,29321,53700,74626,60197,95164,76177,134060,111462,145227,160814,174214,197599,249495,64574,116942,13,9,9371,9237,18717,25233,21126,36513,27041,52772,37162,50887,36845,36449,92122,118551,55318,100426,1013676,671641,159906,55475,595109,534,155,451,243
2021-04-15T23:59:59+02:00,39,33,24590,28869,52435,73452,58219,93433,72884,131209,105971,139936,152924,165217,192940,243616,64278,116325,13,9,9196,9071,18345,24800,20629,35844,26359,51967,35772,49653,34722,34390,88993,114796,54809,99569,981354,658446,157840,49873,577148,483,153,443,236
2021-04-14T23:59:59+02:00,37,30,24249,28540,51490,72508,56867,92028,70490,129038,101960,136143,143708,154811,185197,233737,63937,115661,13,9,8781,8792,17866,24287,20082,35183,25440,51086,34482,48532,32664,32225,86007,111139,54314,98707,943370,643438,155157,45645,561885,391,152,427,235
2021-04-13T23:59:59+02:00,37,30,24005,28312,50780,71964,55901,91182,68834,127609,98219,132690,131840,141649,178797,225405,63598,115072,13,9,8541,8613,17514,23869,19641,34627,24756,50281,33397,47504,31269,30854,83835,108728,53953,98161,909930,633917,150626,41247,545349,268,151,421,233
2021-04-12T23:59:59+02:00,37,29,23795,28119,50218,71445,55029,90439,67355,126312,95572,130352,124716,133611,175572,221457,63327,114581,13,9,8304,8424,17146,23567,19267,34185,24279,49744,32729,46876,29731,29306,82169,106784,53626,97639,893456,625421,149071,37989,529429,256,149,410,228
2021-04-11T23:59:59+02:00,36,29,23618,27950,49685,71017,54283,89976,66203,125500,93697,128861,119221,127578,171652,216849,63157,114282,13,9,8166,8290,16845,23283,18945,33868,23916,49360,32280,46489,29090,28634,81148,105534,53417,97320,885912,620088,144654,36153,513034,241,142,397,223
2021-04-10T23:59:59+02:00,36,29,23556,27890,49512,70873,54074,89812,65867,125222,93168,128418,117132,125040,170210,214995,63115,114182,13,9,7577,7682,15949,22493,17981,33025,22794,48321,31161,45486,28425,27919,79050,102924,53149,96885,878870,604708,143794,35774,510482,238,131,396,222
2021-04-09T23:59:59+02:00,35,29,23308,27637,48997,70371,53417,89110,64864,124089,91331,126499,108288,114078,166824,210581,62915,113824,12,9,6616,6778,14413,21166,16256,31463,20650,46349,28937,43469,26640,26084,75535,98726,52604,96045,859331,577153,136728,34253,500161,226,118,389,219
2021-04-08T23:59:59+02:00,33,28,23007,27389,48412,69875,52653,88406,63544,122997,88898,124321,97952,102051,161275,203724,62585,113257,12,9,5970,6188,13215,20144,14989,30122,19008,44628,26434,41134,23611,23105,70857,92912,51446,94274,840567,545431,127810,32311,482067,200,105,381,217
2021-04-07T23:59:59+02:00,32,27,22686,27154,47595,69398,51714,87774,62141,121996,85726,121858,88718,91721,154256,194932,62291,112698,12,9,5588,5861,12549,19462,14168,29290,17965,43578,24517,39235,21064,20574,66879,88120,50448,92652,819987,521859,122188,29830,460592,175,95,365,211
2021-04-06T23:59:59+02:00,31,27,22471,26994,47055,69007,51122,87241,61104,121217,83608,120106,80943,82895,147872,186955,61945,112071,12,9,5390,5701,12192,19097,13812,28852,17429,43008,23655,38417,19931,19542,63704,84009,49524,91260,800632,508423,118966,26863,443131,163,89,348,205
2021-04-05T23:59:59+02:00,31,27,22371,26867,46740,68654,50727,86831,60547,120521,82421,118946,76454,77795,142885,180857,61744,111755,12,9,5251,5560,11930,18841,13518,28536,17108,42630,23206,37956,19467,19070,60807,80443,48827,90190,791146,499044,117206,24068,427897,159,83,337,204
2021-04-04T23:59:59+02:00,31,27,22321,26802,46615,68376,50555,86513,60265,120016,81903,118310,75002,76084,142182,179883,61707,111673,12,9,5245,5551,11911,18824,13506,28518,17087,42614,23106,37883,19059,18748,59364,78587,48619,89878,788573,494229,117095,24062,422688,152,76,329,198
2021-04-03T23:59:59+02:00,31,27,22258,26720,46487,68265,50388,86334,59948,119699,81333,117728,73656,74449,141065,178345,61624,111525,12,9,5234,5540,11898,18804,13484,28498,17053,42566,23000,37808,18923,18597,59009,78020,48530,89731,782193,492428,117049,24062,420732,150,74,328,198
2021-04-02T23:59:59+02:00,31,27,22178,26633,46321,68092,50163,86084,59473,119238,80443,116912,72100,72561,138782,175365,61430,111165,12,9,5213,5502,11846,18759,13427,28415,16963,42416,22727,37330,18566,18234,56669,75129,47716,88627,773038,483921,115263,23418,418795,150,69,324,196
2021-04-01T23:59:59+02:00,28,26,21983,26425,45900,67570,49512,85340,58597,118293,78554,115239,68830,69124,134688,170182,61113,110595,12,9,5066,5358,11570,18492,13200,28177,16641,42107,22220,36885,17731,17476,51796,69067,46022,86145,761354,465737,109158,22041,411591,137,64,317,187
2021-03-31T23:59:59+02:00,27,26,21651,26203,45495,67036,49010,84682,57860,117348,77388,114000,66773,66795,129926,164061,60706,109872,11,9,4986,5305,11468,18366,13033,28020,16399,41835,21619,36366,16590,16566,46560,62632,44635,84149,751545,447279,101971,21090,405456,134,54,314,184
2021-03-30T23:59:59+02:00,27,25,21471,25978,45090,66415,48499,83876,57145,116293,76247,112616,64924,64771,125544,158304,60239,108978,11,9,4919,5217,11361,18238,12837,27828,16068,41510,21042,35819,15751,15758,43790,59209,43520,82347,741326,435367,97739,19722,397506,107,47,303,179
2021-03-29T23:59:59+02:00,26,25,21273,25739,44626,65861,48018,83177,56405,115209,75005,111172,62423,62018,118805,149677,59469,107585,11,9,4819,5145,11253,18116,12679,27660,15818,41184,20578,35349,15096,15212,41182,56211,42412,80517,720748,424097,94314,19031,391585,90,45,298,175
2021-03-28T23:59:59+02:00,26,25,21069,25446,44122,65165,47493,82427,55720,114199,74049,110058,61160,60577,114093,143701,59026,106828,11,9,4762,5083,11107,17964,12419,27360,15625,40937,20409,35113,14854,14964,40103,54790,42060,79975,714173,419751,86999,17702,384145,69,45,294,165
2021-03-27T23:59:59+01:00,26,25,20948,25287,43824,64799,47127,81895,55213,113508,73372,109318,60002,59486,112601,141994,58959,106746,11,9,4747,5071,11079,17943,12400,27329,15263,40505,20009,34675,14559,14753,39616,54103,41587,79158,708883,415685,86292,17046,380086,64,45,291,164
2021-03-26T23:59:59+01:00,26,24,20696,24773,43012,63089,46148,79865,53869,110479,71352,105696,57979,57595,109847,138755,58631,106228,9,9,4726,5038,11057,17891,12328,27235,15183,40393,19664,34080,14087,14097,36528,50249,39525,75898,697450,401100,82968,16827,367782,52,41,282,163
2021-03-25T23:59:59+01:00,26,21,20264,24097,42132,61318,45046,77304,52349,106943,68955,101927,55379,54952,106530,134783,58061,105236,9,9,4680,4982,10966,17787,12203,27090,14993,40175,19383,33769,13606,13601,32678,45187,36518,71339,685978,382684,78759,16230,350727,45,38,276,159
2021-03-24T23:59:59+01:00,26,21,19858,23642,41345,60039,44018,75756,50961,105010,66847,99590,52588,52031,102274,129691,57421,104160,9,9,4624,4913,10872,17644,12034,26886,14762,39886,19016,33347,13146,13150,30101,41968,33389,66482,673128,367060,73877,15131,338418,39,33,272,155
2021-03-23T23:59:59+01:00,26,21,19610,23333,40784,59110,43285,74650,49912,103490,65172,97723,50283,49678,99518,126477,56864,103323,9,9,4563,4841,10771,17514,11884,26700,14513,39570,18598,32956,12640,12638,27662,38850,29684,60535,664920,349355,70527,14541,327957,35,31,270,153
2021-03-22T23:59:59+01:00,26,21,19384,22910,40135,58219,42609,73602,48960,102095,63694,96088,48446,47783,97122,123734,56395,102558,6,8,4506,4795,10683,17395,11752,26523,14352,39330,18356,32654,12323,12262,25817,36478,25678,54044,658558,332942,67720,13984,317645,30,31,268,151
2021-03-21T23:59:59+01:00,26,21,19244,22646,39635,57456,42039,72743,48294,100929,62743,94850,47395,46753,95478,121882,56022,101978,6,8,4490,4786,10646,17347,11702,26435,14291,39241,18274,32552,12201,12124,25387,36029,25324,53483,655900,330729,65684,13570,308692,30,26,266,146
2021-03-20T23:59:59+01:00,26,21,19183,22499,39419,56958,41798,72182,47978,100291,62298,94244,46737,45985,92881,118651,55734,101494,6,8,4481,4777,10636,17334,11673,26418,14248,39206,18192,32476,12046,11963,24746,35257,24559,52400,649409,327017,65235,13382,303874,30,26,264,146
2021-03-19T23:59:59+01:00,25,20,18826,21932,38287,54827,40513,70181,46235,98200,59409,91483,42292,42109,87655,112889,55035,100416,6,8,4460,4762,10603,17284,11608,26305,14156,39032,17955,32176,11690,11680,23065,33191,22874,49826,631627,317639,58015,13018,290830,28,25,260,145
2021-03-18T23:59:59+01:00,25,19,18431,21278,37105,52667,38973,67389,44076,93723,55558,85679,38251,38292,82920,107408,53945,98759,6,8,4440,4733,10535,17181,11529,26149,14009,38842,17745,31975,11453,11496,21818,31667,21158,47223,614654,309542,52274,12403,267703,26,24,255,141
2021-03-17T23:59:59+01:00,24,18,18003,20922,36372,51741,38206,66428,42991,92363,53768,83851,35565,35498,78901,102574,53004,97288,5,8,4417,4705,10471,17080,11454,26013,13895,38652,17549,31784,11217,11271,20563,30246,19567,44816,597938,302012,47866,11687,261840,24,22,252,135
2021-03-16T23:59:59+01:00,23,18,17642,20499,35618,50666,37388,65226,41890,90681,51925,81862,33352,33476,74857,97605,52121,95974,5,6,4366,4653,10399,16949,11363,25860,13795,38411,17414,31539,11035,11085,19279,28719,18085,42488,584615,294191,43172,11252,253162,23,18,248,133
2021-03-15T23:59:59+01:00,23,18,17361,20132,34902,49678,36593,64032,40982,89199,50661,80255,31623,31633,71561,93505,51428,94843,5,6,4344,4618,10330,16825,11295,25657,13675,38121,17265,31265,10866,10923,18548,27751,16816,40624,573447,288341,39840,10601,245279,23,6,241,127
2021-03-14T23:59:59+01:00,23,17,17089,19704,34042,48468,35687,62711,39916,87371,49402,78523,30451,30387,69560,90938,50984,94165,5,6,4319,4599,10285,16746,11238,25515,13614,37899,17172,31099,10793,10837,18369,27470,16554,40062,566300,287133,37958,9469,235319,14,3,235,127
2021-03-13T23:59:59+01:00,23,17,16269,18638,32541,46418,34102,60567,37871,84286,47259,75958,29094,29025,67540,88310,50716,93775,5,6,4319,4598,10283,16740,11233,25506,13605,37891,17164,31089,10758,10801,17619,26579,15505,38604,549918,282862,37674,9467,224935,13,3,234,122
2021-03-12T23:59:59+01:00,22,16,15166,17259,30093,43765,31433,57422,34998,79431,44036,71475,26251,25833,63226,82997,49731,92372,5,5,4306,4563,10263,16677,11212,25453,13557,37773,17075,30956,10476,10574,16724,25323,14432,37075,521799,277025,36360,9451,207472,11,3,231,118
2021-03-11T23:59:59+01:00,21,16,14121,15795,27826,41061,29101,54234,32399,75036,40268,66577,22831,22345,57195,75665,47801,89539,5,5,4263,4520,10181,16558,11098,25226,13438,37462,16910,30647,10172,10358,16096,24477,13762,35796,489648,272999,34765,8018,187507,9,3,218,103
2021-03-10T23:59:59+01:00,21,16,13525,15094,26412,39440,27438,52406,30829,72709,37737,63443,20070,19779,51273,68521,46249,87200,5,5,4226,4476,10082,16389,10976,24970,13289,37039,16710,30270,9927,10167,15354,23703,13101,34769,463159,268234,32717,7271,176375,5,3,214,100
2021-03-09T23:59:59+01:00,20,15,13241,14624,25281,38397,26018,51224,29761,71054,36354,61605,18877,18649,47758,64066,45125,85411,5,5,4201,4450,9997,16220,10872,24708,13133,36721,16532,30033,9800,10061,14688,22863,12601,33993,449524,264507,30172,6430,167863,5,3,210,92
2021-03-08T23:59:59+01:00,19,15,12908,14012,24199,37280,24745,50082,28821,69566,35111,59982,17801,17764,43632,59082,43898,83426,5,5,4186,4414,9935,16022,10769,24442,12998,36361,16400,29765,9715,9976,14190,22255,12285,33547,434036,261294,28162,6033,160224,1,3,205,91
2021-03-07T23:59:59+01:00,19,15,12674,13717,23601,36423,24041,49202,28215,68692,34492,59217,17535,17504,42564,57628,43532,82867,5,5,4173,4399,9912,15979,10741,24366,12966,36191,16343,29651,9693,9947,13991,21999,12150,33341,429247,260223,26344,5687,156432,0,3,194,90
2021-03-06T23:59:59+01:00,18,15,12559,13426,23196,35682,23504,48408,27160,67157,33388,57451,17145,17173,41917,56738,43232,82399,5,5,4170,4385,9900,15953,10723,24332,12956,36148,16325,29620,9675,9906,13944,21961,12047,33130,425160,259841,26280,5403,149209,0,3,193,89
2021-03-05T23:59:59+01:00,18,15,12144,12824,22510,34475,22816,47177,26401,65519,32148,55032,16494,16336,38453,52435,41078,78958,5,5,4143,4335,9830,15849,10672,24184,12887,35952,16238,29411,9578,9835,13759,21750,11675,32516,409957,258135,24825,4555,140127,0,1,192,83
2021-03-04T23:59:59+01:00,16,15,11384,11809,21320,32744,21596,45124,25042,62865,30451,52671,15763,15615,34447,47265,37998,74270,5,5,4093,4242,9715,15553,10568,23825,12753,35418,16092,29006,9396,9677,13599,21540,11590,32370,391491,255060,22741,4456,126236,0,1,191,76
2021-03-03T23:59:59+01:00,15,15,11072,11307,20632,31524,20817,43757,24126,61111,29403,51024,15284,15107,31829,43939,34904,69497,5,5,4051,4177,9634,15379,10488,23568,12644,34994,15911,28657,9210,9549,13472,21320,11445,32094,376003,252386,21940,4288,117490,0,1,187,71
2021-03-02T23:59:59+01:00,15,15,10810,10877,19979,30547,20100,42733,23335,59716,28425,49745,14652,14453,29150,40570,31007,63276,5,5,4003,4104,9571,15212,10418,23299,12535,34559,15806,28347,9083,9446,13332,21128,11368,31949,357760,249958,20425,4282,111289,0,0,183,71
2021-03-01T23:59:59+01:00,13,14,10637,10616,19464,29739,19535,41848,22742,58644,27709,48620,14226,13997,27075,37986,26735,56369,5,5,3987,4054,9515,15054,10349,22998,12451,34181,15697,28022,8998,9384,13149,20858,11252,31765,340487,247510,19308,4282,106241,0,0,180,71
2021-02-28T23:59:59+01:00,13,14,10466,10413,18994,29084,18995,41106,22260,57786,27216,47823,14014,13751,26468,37324,26329,55765,5,5,3970,4039,9489,15021,10330,22946,12433,34111,15669,27973,8971,9360,13016,20678,11188,31616,338010,246647,18443,4244,101433,0,0,179,68
2021-02-27T23:59:59+01:00,13,14,10287,9898,18665,28218,18736,40318,21975,56800,26888,47033,13741,13450,25797,36522,25403,54346,5,5,3956,4026,9467,15000,10297,22899,12394,34028,15622,27899,8950,9343,12995,20653,11166,31596,334095,246281,17716,4093,96354,0,0,179,66
2021-02-26T23:59:59+01:00,12,13,9490,9114,17762,26779,17953,38111,21042,53947,25428,44208,13274,13047,24204,34531,23874,52039,5,5,3875,3957,9387,14839,10222,22643,12314,33662,15505,27606,8870,9262,12928,20584,11126,31526,324954,244371,17461,4019,82469,0,0,176,64
2021-02-25T23:59:59+01:00,12,13,8332,8260,16439,25166,16681,35853,19801,51058,23715,41422,12796,12646,22925,32940,22373,49755,5,5,3751,3811,9221,14518,9998,22036,12056,32797,15172,26948,8673,9110,12666,20259,10986,31258,317316,240204,16684,3140,66235,0,0,172,62
2021-02-24T23:59:59+01:00,11,12,7965,7736,15783,24132,16054,34614,19087,49543,22923,40223,12400,12310,21617,31444,20697,47128,4,5,3678,3741,9076,14222,9818,21577,11849,32165,14909,26408,8530,8967,12522,20086,10921,31046,309076,237406,15717,2191,58930,0,0,172,61
2021-02-23T23:59:59+01:00,11,12,7483,7258,14967,22951,15366,33395,18364,48131,22200,39147,12080,11980,20274,29870,19083,44573,4,5,3636,3664,8955,14018,9677,21178,11661,31583,14606,25902,8359,8821,12392,19873,10849,30808,300930,234539,14915,1524,51340,0,0,170,60
2021-02-22T23:59:59+01:00,10,10,7375,7052,14581,22333,15011,32667,17897,47122,21706,38413,11875,11729,19525,28858,17762,42617,4,5,3606,3562,8817,13726,9513,20675,11406,30834,14233,25299,8108,8623,12190,19617,10743,30497,295039,231202,14307,328,47234,0,0,166,57
2021-02-21T23:59:59+01:00,10,10,7283,6926,14253,21885,14592,32083,17480,46470,21264,37919,11766,11624,19362,28644,17514,42282,4,5,3566,3522,8731,13599,9432,20454,11333,30540,14110,25026,8048,8562,12132,19506,10672,30333,293880,229336,13937,310,43588,0,0,161,56
2021-02-20T23:59:59+01:00,10,10,7166,6875,14126,21805,14474,31945,17359,46316,21102,37736,11666,11537,18577,27725,16452,40810,4,5,3564,3515,8720,13591,9422,20433,11318,30515,14095,25015,8043,8553,12067,19442,10618,30264,289607,228947,13740,309,42384,0,0,156,55
2021-02-19T23:59:59+01:00,8,9,6864,6622,13771,21364,14099,31273,16883,45520,20396,36861,11058,11134,17527,26394,15295,39201,4,5,3484,3490,8644,13560,9379,20374,11280,30421,14035,24920,8001,8493,11848,19169,10424,29934,283206,227231,13363,307,37750,0,0,151,54
2021-02-18T23:59:59+01:00,8,9,6464,6147,13142,20217,13458,29899,16066,43651,19517,35281,10824,10913,16934,25640,14717,38314,4,5,3296,3352,8309,13021,9085,19621,10928,29376,13664,24086,7793,8180,11259,18213,9926,28776,279606,218665,12783,304,28855,0,0,141,51
2021-02-17T23:59:59+01:00,8,8,6298,5804,12696,19336,12965,28708,15363,41929,18866,33953,10589,10656,16178,24825,13941,37130,3,5,3046,3191,7966,12502,8784,18829,10558,28328,13276,23233,7557,7942,10700,17357,9486,27960,274927,210495,12048,298,22320,0,0,135,51
2021-02-16T23:59:59+01:00,8,8,5972,5502,12159,18501,12461,27634,14817,40553,18271,32918,10431,10549,15508,23996,13433,36346,3,5,2864,3071,7661,12046,8478,18103,10160,27234,12811,22332,7282,7642,9979,16177,8753,26403,271394,200935,11551,142,16172,0,0,125,46
2021-02-15T23:59:59+01:00,8,8,5864,5318,11862,17856,12194,26850,14464,39559,17920,32144,10301,10436,14949,23342,13072,35807,3,5,2775,2991,7465,11719,8258,17594,9856,26383,12456,21648,7000,7354,9276,15117,8238,25120,268277,193239,10948,96,12783,0,0,118,41
2021-02-14T23:59:59+01:00,8,8,5596,5200,11614,17584,11969,26415,14232,39112,17728,31867,10254,10385,14714,23001,12908,35414,3,5,2724,2953,7348,11550,8128,17386,9678,26049,12278,21345,6902,7227,9052,14734,8051,24582,267270,189983,10009,93,10783,0,0,117,36
2021-02-13T23:59:59+01:00,8,8,5536,5162,11563,17546,11938,26383,14203,39079,17708,31847,10240,10355,14687,22969,12894,35396,3,5,2720,2950,7342,11541,8116,17364,9661,26014,12251,21300,6871,7190,8895,14520,7698,23950,267020,188466,10005,10,10551,0,0,116,31
2021-02-12T23:59:59+01:00,8,8,5019,4844,10994,17182,11621,25831,13883,38438,17378,31206,10126,10247,14503,22756,12813,35286,3,5,2669,2917,7246,11382,8014,17132,9512,25622,12036,20853,6688,6952,8530,13955,7104,22604,265326,183305,9990,8,6883,0,0,112,27
2021-02-11T23:59:59+01:00,8,8,4558,4541,10405,16498,11208,25022,13401,37176,16889,30345,9809,9983,14222,22307,12531,34599,3,5,2500,2642,6643,10184,7322,15396,8649,23002,10975,18764,6032,6234,7478,12336,6286,20286,262083,164821,8346,3,3139,0,0,105,19
2021-02-10T23:59:59+01:00,8,8,4309,4374,10071,16046,10896,24483,13088,36290,16475,29594,9589,9844,14039,22102,12438,34389,3,5,2137,2348,5704,8714,6508,13345,7659,20090,9843,16717,5488,5644,6489,10670,5509,18223,259421,145182,7843,2,841,0,0,96,6
2021-02-09T23:59:59+01:00,8,8,4246,4274,9947,15776,10787,24074,12913,35672,16260,29120,9410,9703,13843,21888,12295,34164,3,5,1742,1996,4917,7442,5733,11543,6739,17564,8755,14719,4909,5013,5437,9100,4774,16098,256956,126568,7061,1,434,0,0,94,3
2021-02-08T23:59:59+01:00,8,8,4212,4220,9851,15565,10674,23712,12789,35212,16114,28761,9314,9635,13640,21603,12188,33967,3,5,1577,1799,4353,6445,5066,9962,5921,15033,7737,12855,4354,4481,4459,7502,4010,14005,254562,109638,6545,1,428,0,0,91,3
2021-02-07T23:59:59+01:00,8,8,4047,4153,9694,15428,10572,23547,12708,34950,15999,28565,9273,9588,13496,21423,12113,33823,3,5,1363,1552,3930,5772,4645,9080,5492,13862,7247,11891,4099,4219,4227,7106,3849,13405,253463,101816,5997,1,0,0,0,86,2
2021-02-06T23:59:59+01:00,8,8,4037,4143,9683,15412,10559,23512,12686,34900,15980,28509,9254,9575,13478,21388,12007,33626,3,5,1210,1357,3697,5466,4459,8654,5273,13276,6968,11333,3963,4084,4100,6956,3569,12948,253118,97386,5712,1,0,0,0,86,2
2021-02-05T23:59:59+01:00,8,7,3964,4073,9610,15268,10492,23261,12600,34532,15866,28225,9170,9500,13407,21313,11657,33031,3,4,1069,1126,3415,5018,4200,8070,4958,12497,6584,10604,3706,3838,3939,6724,3058,12056,251230,90930,4819,0,0,0,0,84,2
2021-02-04T23:59:59+01:00,8,7,3906,3948,9488,14949,10312,22712,12411,33734,15652,27661,9047,9387,13181,21018,11543,32824,3,2,805,791,2588,3761,3265,6320,4003,9946,5259,8382,3029,3123,3319,5736,2669,10559,247262,73606,4590,0,0,0,0,83,2
2021-02-03T23:59:59+01:00,8,7,3836,3875,9384,14726,10209,22375,12278,33225,15504,27245,8937,9271,13040,20841,11467,32659,3,2,668,622,1956,2835,2524,4881,3024,7639,4026,6317,2211,2248,2418,4243,1933,7895,244537,55479,4416,0,0,0,0,81,1
2021-02-02T23:59:59+01:00,8,7,3769,3779,9284,14529,10110,21996,12137,32661,15301,26792,8809,9153,12917,20633,11384,32394,2,2,532,491,1485,2098,1932,3671,2276,5811,3007,4729,1570,1549,1654,2798,1347,5252,241316,40229,4412,0,0,0,0,79,1
2021-02-01T23:59:59+01:00,7,7,3729,3687,9205,14298,10003,21609,12000,32024,15115,26287,8686,9002,12807,20489,11336,32215,1,0,395,357,1038,1449,1274,2452,1487,3808,1873,3002,999,986,980,1710,772,3037,238164,25633,4411,0,0,0,0,73,0
2021-01-31T23:59:59+01:00,7,7,3708,3651,9150,14188,9931,21399,11932,31725,15012,26090,8630,8943,12755,20376,11291,32085,1,0,364,336,912,1258,1083,2074,1285,3252,1638,2631,900,895,878,1526,701,2729,236656,22474,4293,0,0,0,0,71,0
2021-01-30T23:59:59+01:00,7,7,3707,3648,9139,14173,9916,21375,11919,31705,15000,26076,8626,8938,12686,20307,11224,32007,1,0,348,311,851,1174,1025,1950,1221,3062,1563,2495,870,869,859,1486,686,2676,236330,21457,4199,0,0,0,0,71,0
2021-01-29T23:59:59+01:00,7,7,3646,3631,9078,14143,9887,21323,11887,31628,14951,26009,8602,8915,12500,20080,11042,31763,1,0,281,227,726,998,880,1587,1066,2673,1351,2168,779,777,811,1432,668,2623,235098,19056,4070,0,0,0,0,70,0
2021-01-28T23:59:59+01:00,7,6,3528,3544,8872,13754,9665,20807,11653,31041,14618,25508,8465,8808,12066,19461,10685,31184,1,0,133,60,308,371,386,627,470,1166,618,977,412,430,477,827,384,1591,230297,9242,3448,0,0,0,0,66,0
2021-01-27T23:59:59+01:00,7,6,3297,3406,8577,13333,9364,20178,11264,30205,14230,24766,8246,8593,11516,18651,10259,30420,1,0,82,35,215,231,251,430,312,812,441,676,313,314,354,617,289,1167,223569,6543,2822,0,0,0,0,60,0
2021-01-26T23:59:59+01:00,6,6,3132,3308,8293,12990,9100,19606,10956,29444,13831,24131,8005,8367,10938,17733,9609,29266,1,0,76,31,200,221,235,395,296,758,410,614,298,288,326,553,262,1037,216823,6004,1976,0,0,0,0,53,0
2021-01-25T23:59:59+01:00,6,6,3044,3214,8009,12506,8807,18897,10568,28439,13351,23363,7720,8163,10321,16914,9153,28365,1,0,68,23,176,198,201,336,256,637,357,509,260,243,272,475,213,850,210501,5078,426,0,0,0,0,47,0
2021-01-24T23:59:59+01:00,6,6,3000,3193,7922,12426,8732,18769,10458,28279,13220,23180,7676,8124,10253,16800,9105,28270,1,0,67,22,171,193,198,322,253,614,348,495,251,239,270,468,209,835,209185,4959,321,0,0,0,0,40,0
