Datum,<15_m,<15_w,15-24_1_m,15-24_1_w,25-34_1_m,25-34_1_w,35-44_1_m,35-44_1_w,45-54_1_m,45-54_1_w,55-64_1_m,55-64_1_w,65-74_1_m,65-74_1_w,75-84_1_m,75-84_1_w,>84_1_m,>84_1_w,<24_2_m,<24_2_w,25-34_2_m,25-34_2_w,35-44_2_m,35-44_2_w,45-54_2_m,45-54_2_w,55-64_2_m,55-64_2_w,65-74_2_m,65-74_2_w,75-84_2_m,75-84_2_w,>84_2_m,>84_2_w,bp_1,bp_2,mo_1,mo_2,az_1,az_2,ja,unb_1,unb_2
2021-08-28T23:59:59+02:00,31975,29808,262614,252738,370643,341169,388312,381087,453305,462729,507468,509393,347773,388394,244167,312655,71857,131563,235579,227388,346607,315520,366948,356632,431751,438145,486838,488418,336758,375728,236609,302274,68979,125542,3912696,3685836,517243,491456,807409,758549,250852,476,376
2021-08-27T23:59:59+02:00,31748,29565,261967,252177,370143,340663,387847,380649,452861,462343,507110,509115,347647,388262,244110,312571,71840,131544,234994,226905,346019,315037,366491,356224,431315,437800,486547,488177,336631,375615,236559,302213,68970,125536,3908983,3682770,517174,491246,807343,758493,249212,476,376
2021-08-26T23:59:59+02:00,31392,29194,261041,251248,369375,339915,387144,379958,452232,461713,506606,508667,347434,388024,243998,312469,71814,131487,233624,225634,344888,313950,365470,355292,430513,437059,485939,487644,336374,375324,236417,302059,68945,125494,3903214,3675069,516941,490619,807304,758152,246802,476,376
2021-08-25T23:59:59+02:00,31040,28866,260154,250411,368654,339164,386510,379276,451618,461134,506068,508229,347205,387775,243879,312314,71781,131421,231666,223826,343460,312594,364329,354135,429549,436121,485168,486948,336006,374945,236274,301829,68902,125410,3897691,3663571,516817,490215,807277,758004,244265,475,374
2021-08-24T23:59:59+02:00,30748,28613,259466,249676,368081,338566,386008,378737,451166,460662,505689,507891,347007,387567,243774,312161,71754,131353,230489,222793,342532,311699,363580,353426,428901,435504,484627,486427,335741,374649,236148,301675,68879,125349,3893068,3656605,516542,489781,807259,757705,242601,475,369
2021-08-23T23:59:59+02:00,30244,28100,258101,248389,367070,337671,385193,377963,450409,459994,505060,507334,346733,387288,243636,311975,71727,131295,229033,221505,341254,310666,362649,352590,428061,434769,483939,485864,335445,374326,236017,301491,68853,125290,3885819,3649389,516402,489326,807225,757433,239286,475,369
2021-08-22T23:59:59+02:00,30105,27988,257700,248027,366725,337352,384925,377701,450176,459754,504878,507191,346642,387195,243597,311917,71711,131269,228324,220844,340578,310016,362124,352096,427635,434368,483624,485605,335287,374151,235955,301389,68834,125253,3883654,3645084,516262,488875,807186,757143,238301,475,369
2021-08-21T23:59:59+02:00,29858,27785,257211,247569,366414,337035,384674,377446,449973,459581,504731,507054,346589,387139,243576,311879,71708,131260,227588,220194,340103,309625,361729,351697,427274,434063,483397,485416,335204,374085,235929,301346,68828,125241,3881140,3642159,516122,487682,807179,757087,237591,475,369
2021-08-20T23:59:59+02:00,29670,27589,256559,246915,365683,336419,384012,376927,449385,459093,504265,506737,346448,386984,243521,311783,71692,131227,225799,218592,338715,308454,360629,350753,426330,433275,482687,484872,334966,373838,235829,301228,68805,125212,3877726,3634030,515807,486539,807167,756722,234758,475,369
2021-08-19T23:59:59+02:00,29345,27280,255602,246081,364712,335650,383249,376250,448681,458477,503713,506260,346214,386727,243414,311639,71660,131156,223062,216175,336431,306648,358942,349295,424948,432024,481544,483924,334554,373418,235638,300991,68771,125142,3872362,3619833,515455,484795,807138,756257,231704,474,369
2021-08-18T23:59:59+02:00,29065,27022,254814,245383,364025,335050,382682,375684,448095,457992,503244,505859,345948,386491,243297,311493,71629,131091,220615,213672,334406,304899,357318,347660,423446,430712,480415,482904,334043,372875,235410,300702,68724,125050,3867347,3606723,515284,480919,807114,755883,229667,474,369
2021-08-17T23:59:59+02:00,28754,26747,254037,244680,363420,334388,382132,375146,447623,457524,502822,505447,345753,386287,243183,311365,71603,131040,217885,210939,332352,303085,355645,346208,422030,429459,479304,481930,333570,372342,235184,300421,68674,124976,3862449,3591852,514987,478156,807087,755466,227975,474,368
2021-08-16T23:59:59+02:00,28473,26490,253358,244043,362860,333841,381676,374692,447196,457090,502413,505084,345572,386083,243088,311205,71572,131001,214744,207892,330086,300991,354146,344774,420838,428338,478371,481096,333191,371912,235002,300152,68636,124890,3858126,3574637,514836,477463,807064,755123,226258,474,368
2021-08-15T23:59:59+02:00,28280,26330,252877,243607,362444,333462,381324,374361,446904,456842,502178,504896,345462,385970,243042,311126,71561,130981,210753,203853,328209,299390,352898,343573,419828,427410,477594,480443,332861,371582,234884,299978,68612,124840,3855356,3557161,514702,476555,807031,754803,225105,474,368
2021-08-14T23:59:59+02:00,28215,26276,252637,243409,362215,333288,381150,374213,446749,456714,502063,504790,345413,385938,243024,311103,71558,130977,209690,202760,327406,298630,352186,342903,419339,426954,477212,480124,332722,371456,234846,299921,68603,124823,3854202,3550531,514632,476193,807027,754728,224418,474,368
2021-08-13T23:59:59+02:00,27965,26036,251943,242828,361722,332865,380723,373789,446317,456355,501728,504535,345285,385788,242960,311029,71546,130949,207823,200984,325992,297328,350937,341728,418299,426019,476466,479490,332481,371169,234735,299779,68585,124771,3850435,3538691,514562,475599,807017,754539,222902,468,368
2021-08-12T23:59:59+02:00,27770,25816,251224,242199,361111,332288,380201,373315,445793,455920,501316,504190,345107,385590,242860,310927,71534,130901,205243,198731,323124,294812,348944,339948,416804,424787,475258,478440,332044,370643,234491,299503,68545,124690,3846558,3521422,514376,474439,806983,753520,220698,468,368
2021-08-11T23:59:59+02:00,27538,25567,250503,241522,360501,331723,379688,372844,445343,455511,500912,503770,344883,385354,242748,310795,71507,130850,202214,195756,319953,291889,346785,337889,415320,423391,473984,477159,331509,370011,234245,299105,68497,124569,3841815,3499696,514164,473380,806946,752587,219187,468,367
2021-08-10T23:59:59+02:00,27298,25311,249678,240800,359809,331192,379162,372308,444854,455042,500471,503382,344695,385162,242664,310660,71484,130806,198032,191654,315311,287708,343823,335132,413212,421458,472408,475717,330838,369346,233958,298703,68442,124453,3836828,3469740,513889,472309,806912,751440,217703,467,367
2021-08-09T23:59:59+02:00,27107,25115,249063,240237,359249,330732,378732,371935,444456,454706,500136,503104,344542,385020,242600,310551,71464,130771,193509,187082,309619,282974,341077,332654,411315,419696,470797,474261,330210,368662,233694,298337,68386,124321,3833252,3439503,513714,469570,806882,750357,216226,467,366
2021-08-08T23:59:59+02:00,26943,24964,248590,239844,358867,330392,378397,371659,444166,454459,499900,502916,344437,384917,242540,310473,71447,130738,192174,185727,308010,281654,339778,331511,410460,418949,470239,473755,329954,368397,233572,298172,68361,124271,3830796,3430521,513564,468219,806832,749883,215011,467,366
2021-08-07T23:59:59+02:00,26796,24792,248070,239397,358475,330064,378068,371381,443873,454224,499675,502744,344367,384824,242505,310424,71439,130728,188518,182147,305971,279809,338067,329998,409134,417694,469317,472968,329604,368027,233442,297984,68327,124235,3827982,3410993,513457,466892,806822,749669,214139,467,363
2021-08-06T23:59:59+02:00,26575,24559,247206,238738,357706,329465,377408,370808,443225,453705,499148,502360,344132,384620,242407,310309,71428,130706,184792,178611,302526,277025,335949,328173,407542,416365,468026,472007,329226,367643,233282,297830,68303,124189,3825458,3391784,512116,465171,806812,748582,210673,467,362
2021-08-05T23:59:59+02:00,26258,24239,246039,237816,356826,328612,376608,370096,442502,453037,498489,501829,343855,384323,242293,310136,71387,130644,180338,174679,297174,272659,331858,324647,404753,413890,465782,470226,328561,366944,233021,297465,68245,124079,3819237,3364047,511862,460485,806751,744894,207692,467,362
2021-08-04T23:59:59+02:00,25889,23898,244903,236834,355845,327712,375843,369392,441885,452442,497925,501312,343583,384056,242174,309967,71361,130574,176882,171388,293436,269541,327461,320760,402511,411806,464086,468682,327872,366249,232750,297119,68187,123978,3812830,3337018,511524,458734,806718,743148,205081,459,361
2021-08-03T23:59:59+02:00,25425,23481,243542,235657,354954,326894,375142,368713,441241,451788,497338,500786,343298,383758,242049,309792,71318,130508,173409,167955,289350,265916,322366,316168,399782,409260,461770,466599,327051,365393,232403,296656,68121,123843,3804966,3305079,511364,456869,806681,741079,203230,459,361
2021-08-02T23:59:59+02:00,25108,23174,242494,234705,354116,326151,374456,368121,440680,451250,496823,500341,343039,383486,241934,309642,71292,130450,169782,164370,284680,261972,316517,311233,397042,406715,459547,464616,326281,364561,232109,296260,68059,123726,3798687,3271738,511120,454916,806627,738555,201384,459,360
2021-08-01T23:59:59+02:00,24957,22987,241869,234108,353525,325648,374023,367742,440248,450930,496479,500064,342905,383325,241859,309524,71279,130423,168238,162926,282205,259987,311895,307522,395190,405147,458075,463375,325856,364082,231943,296045,68032,123667,3795065,3253908,510814,452789,806540,736114,200030,459,360
2021-07-31T23:59:59+02:00,24848,22883,241528,233793,353250,325428,373787,367575,440061,450779,496373,499965,342872,383288,241839,309511,71278,130418,164480,159093,279393,257454,309815,305532,393795,403865,456929,462389,325538,363706,231809,295873,68006,123621,3793473,3231055,510628,451852,806536,735326,199393,459,360
2021-07-30T23:59:59+02:00,24561,22626,240737,233084,352679,324905,373306,367114,439605,450380,496015,499675,342734,383149,241795,309432,71265,130402,160743,155334,275998,254356,306801,302722,391571,401762,455090,460812,325031,363179,231600,295581,67973,123565,3789423,3206046,510274,450654,806519,732140,197802,459,360
2021-07-29T23:59:59+02:00,24214,22289,239201,231822,351525,323837,372345,366209,438759,449592,495210,499053,342405,382839,241660,309253,71228,130338,155902,150869,270632,250193,300911,297961,387233,398289,452047,458415,324199,362340,231290,295175,67913,123469,3781900,3172260,509607,445821,806438,727046,194387,459,360
2021-07-28T23:59:59+02:00,23916,22005,238058,230793,350645,323002,371611,365533,438133,448932,494645,498569,342153,382543,241530,309069,71194,130267,152149,147230,266153,246551,296491,294021,383975,395449,449965,456576,323543,361585,231029,294791,67848,123346,3775237,3141645,509078,443904,806359,724418,192478,458,359
2021-07-27T23:59:59+02:00,23647,21781,237054,229827,349808,322266,370919,364947,437553,448325,494119,498113,341913,382242,241397,308876,71159,130169,147130,142118,260248,241422,291203,289272,379971,391761,446797,453778,322563,360488,230666,294288,67758,123190,3768995,3100162,508534,441612,806304,720688,190837,457,358
2021-07-26T23:59:59+02:00,23415,21545,236088,228865,349028,321567,370327,364403,437000,447842,493670,497751,341686,382005,241270,308720,71136,130112,142791,137737,254712,236644,286042,284806,375515,387816,443286,450760,321613,359525,230339,293810,67684,123053,3763381,3060822,507910,439365,806225,716346,189466,457,358
2021-07-25T23:59:59+02:00,23057,21244,234751,227714,348094,320810,369655,363749,436430,447305,493217,497349,341492,381792,241183,308590,71115,130048,140947,135989,252040,234436,283553,282720,373384,386049,441218,448984,321107,359013,230141,293582,67659,122977,3756364,3045901,507534,437194,806163,712001,188085,457,358
2021-07-24T23:59:59+02:00,22810,21050,233825,226858,347376,320161,369083,363227,435904,446868,492857,497073,341375,381695,241141,308528,71112,130037,138055,133190,249311,232118,280992,280515,371132,384196,439982,448001,320760,358677,229997,293404,67640,122943,3752375,3027588,506766,434189,806146,711665,186243,457,358
2021-07-23T23:59:59+02:00,22394,20664,232328,225525,346060,319233,368041,362369,435028,446083,492161,496542,341140,381425,241052,308415,71091,130001,132586,128354,243954,227829,276523,276738,367445,381010,437340,445805,320062,357956,229743,293095,67586,122862,3744951,2992133,506296,432423,806091,709528,182763,457,357
2021-07-22T23:59:59+02:00,21894,20188,230229,223562,344317,317701,366543,361086,433719,444946,491183,495650,340720,380978,240883,308171,71046,129921,128251,124309,237967,223332,270150,271686,360566,375525,431888,441310,318893,356706,229316,292578,67492,122711,3732571,2950170,504711,426451,805967,703220,180032,457,357
2021-07-21T23:59:59+02:00,21387,19669,228353,221752,342630,316179,364928,359519,432149,443563,489964,494486,340171,380459,240636,307887,70993,129826,124499,120751,232522,219103,264637,267171,352450,368610,427293,437576,317778,355559,228856,292014,67411,122533,3721632,2914759,500961,415600,805744,698445,176754,457,354
2021-07-20T23:59:59+02:00,21084,19390,226890,220287,341405,315020,363969,358648,431297,442777,489249,493849,339833,380091,240492,307666,70966,129737,120170,116531,226182,213940,258815,262009,345344,362515,422606,433273,316687,354306,228444,291432,67316,122352,3712391,2871071,500557,408398,805615,694064,174626,457,353
2021-07-19T23:59:59+02:00,20768,19096,225165,218601,340101,313775,362941,357679,430492,442007,488579,493237,339537,379730,240343,307436,70922,129639,117422,113942,221812,210355,254213,258060,341636,359348,419995,431100,315967,353579,228153,291043,67243,122228,3701873,2846110,500139,403021,805526,689754,173048,457,353
2021-07-18T23:59:59+02:00,20616,18965,223880,217336,338504,312357,361883,356767,429689,441291,488045,492695,339306,379445,240214,307259,70900,129577,115935,112562,219176,208189,251865,255972,339396,357505,417972,429414,315488,353096,227993,290825,67222,122161,3692487,2833875,499600,398756,805452,686066,171726,457,352
2021-07-17T23:59:59+02:00,20223,18544,222729,216282,337928,311821,361298,356257,429174,440842,487633,492408,339202,379329,240172,307204,70897,129567,113868,110464,216721,205890,249410,253784,336975,355375,416527,428154,315154,352706,227858,290658,67198,122121,3686947,2816409,499397,396038,805439,685281,170265,454,352
2021-07-16T23:59:59+02:00,19680,18031,220183,214139,336191,310529,359797,354970,427707,439638,486535,491547,338798,378960,239999,307046,70872,129530,110757,107662,211960,201962,244881,250147,332683,351685,413185,425436,314235,351782,227508,290242,67144,122039,3676758,2788754,498642,393689,805278,681471,164009,454,351
2021-07-15T23:59:59+02:00,19039,17407,217402,211718,334286,308829,358216,353534,426377,438459,485597,490698,338403,378535,239798,306791,70830,129426,106856,104459,203610,195730,237405,244551,326096,346459,406129,419009,312507,349978,226967,289578,67073,121841,3661755,2742301,498044,385275,805159,674057,160917,454,351
2021-07-14T23:59:59+02:00,18194,16681,214970,209401,332596,307303,356819,352198,425164,437263,484574,489744,337951,378073,239560,306481,70776,129340,103258,101137,197160,190585,231706,239897,321813,342993,401964,415389,311200,348668,226565,289021,66993,121687,3646868,2708792,497485,379751,805031,667267,158230,454,348
2021-07-13T23:59:59+02:00,17544,16022,212784,207376,330996,305934,355486,350979,423996,436179,483614,488885,337517,377601,239357,306236,70741,129248,99506,97607,190686,185201,224580,233843,315148,336937,393581,407548,309413,346746,225964,288234,66885,121490,3633062,2666100,496928,367090,804880,657810,156152,452,342
2021-07-12T23:59:59+02:00,16527,15090,209510,204198,328937,304208,353912,349513,422754,434981,482639,487985,337102,377133,239178,306007,70701,129171,96415,94894,185413,180914,217608,228175,308322,330908,388490,403278,307692,344885,225376,287502,66786,121322,3614628,2627868,496373,359968,804702,649407,154369,451,340
2021-07-11T23:59:59+02:00,16019,14617,208156,202928,328201,303496,353252,348894,422195,434482,482196,487644,336916,376930,239118,305902,70680,129131,94997,93609,182649,178610,214621,225894,305639,328761,385665,400893,305227,342264,224998,287033,66733,121224,3608424,2612926,495735,357981,804576,638932,152550,448,339
2021-07-10T23:59:59+02:00,15545,14158,206312,201147,326743,302237,352120,347924,421472,433888,481722,487246,336748,376765,239052,305816,70670,129111,93699,92339,180124,176503,211589,223410,303125,326603,384504,399858,304580,341594,224818,286845,66717,121197,3599849,2596146,495107,357752,804339,637182,149905,448,339
2021-07-09T23:59:59+02:00,15222,13879,204408,199308,325143,300790,351053,346966,420570,433176,481153,486770,336543,376544,238955,305696,70654,129077,90916,89617,176599,173282,207249,219265,298107,322003,381069,396884,303487,340369,224515,286478,66680,121133,3590721,2567194,494244,355697,804149,629595,147312,448,338
2021-07-08T23:59:59+02:00,14759,13451,200918,196327,321830,298124,348686,344983,418864,431730,479719,485704,336107,376101,238778,305450,70609,129002,86617,85858,169360,167640,199129,212878,290746,315906,374140,390684,300779,337460,223744,285545,66563,120875,3575410,2521071,490192,347060,803630,619267,142426,448,338
2021-07-07T23:59:59+02:00,14259,12997,197187,192469,318673,295271,346384,342943,417307,430261,478524,484607,335631,375541,238589,305179,70572,128897,82939,82418,162079,161942,190107,205714,282778,309353,367124,383881,297480,333860,222844,284446,66425,120629,3554166,2473179,488834,333649,803246,609299,139557,447,336
2021-07-06T23:59:59+02:00,13801,12625,193757,189089,315416,292538,343910,340654,415589,428702,477259,483474,335130,374985,238392,304889,70519,128811,79373,78842,155412,156438,182702,199514,273847,301407,360643,377801,294288,330621,221962,283356,66316,120398,3534331,2420737,485771,326676,802826,599802,137123,446,336
2021-07-05T23:59:59+02:00,13404,12289,189375,184851,311377,289214,341403,338330,413926,427162,476119,482402,334657,374467,238218,304645,70486,128726,76319,76027,150302,152365,177943,195395,266949,295149,354538,372269,291017,327179,221079,282241,66207,120229,3511551,2381745,484615,322197,802334,589451,133060,443,334
2021-07-04T23:59:59+02:00,13227,12132,185541,180985,308750,287196,340095,337262,413048,426385,475539,481917,334436,374215,238128,304521,70460,128673,74136,74161,147219,149818,175621,193359,264511,293092,351434,370067,287717,323791,220500,281577,66152,120110,3499347,2368016,483327,319910,801767,577947,128576,443,332
2021-07-03T23:59:59+02:00,12034,11077,179118,174998,304498,283745,337770,335099,411236,424578,474333,480857,334037,373769,237953,304275,70436,128630,72357,72590,144801,147943,173187,191280,261454,290370,349156,368214,285969,321811,220232,281217,66120,120061,3473032,2352319,481926,319712,801583,573463,122398,443,332
2021-07-02T23:59:59+02:00,10938,9985,175410,171540,302091,281551,336023,333403,409988,423393,473559,480173,333779,373455,237837,304094,70408,128582,69667,69906,140889,144662,168764,187252,255403,284934,343942,363511,282720,318089,219593,280447,66072,119977,3454963,2319175,480451,316929,801395,560891,119890,442,311
2021-07-01T23:59:59+02:00,9847,9060,171746,168113,298056,278272,333538,331142,408195,421819,472464,479212,333360,372996,237636,303822,70361,128504,64795,65192,134601,139341,161498,180758,245168,276096,333161,353748,277947,312824,217741,278195,65893,119665,3432461,2262976,478366,304592,801049,543199,116755,442,310
2021-06-30T23:59:59+02:00,9358,8668,168483,165043,292446,273653,329872,327809,406425,420289,471445,478243,332940,372514,237445,303524,70327,128416,61671,62354,128968,134667,154864,174765,235133,266966,319783,340493,272746,307291,215853,275876,65725,119347,3407415,2208063,476206,291797,800755,524387,113009,441,308
2021-06-29T23:59:59+02:00,8822,8146,164696,161278,287922,269402,326317,324516,404331,418212,469905,476832,332355,371878,237195,303170,70272,128307,58890,59369,124032,130271,148853,169249,223299,256289,311242,332145,266292,300111,213888,273422,65522,119002,3379971,2148930,474219,287147,800432,507006,109415,440,305
2021-06-28T23:59:59+02:00,8417,7766,161382,157827,282895,265092,323025,321667,402191,416286,468419,475524,331835,371267,236962,302859,70228,128213,56623,57029,120140,126770,144515,165174,214083,247885,305465,326751,261350,294820,212125,271191,65376,118738,3356092,2113283,470247,278552,799776,490497,106215,440,302
2021-06-27T23:59:59+02:00,8269,7643,159881,156305,280794,263286,321227,320135,400498,414926,467530,474814,331542,370975,236859,302698,70209,128164,55426,55923,118020,125067,141958,163050,209983,244510,302113,323899,257552,290828,209670,268284,65265,118550,3346107,2097878,468175,275078,798728,474384,103220,440,302
2021-06-26T23:59:59+02:00,7117,6547,156619,152968,278689,261400,318821,317901,399309,413775,466831,474112,331271,370692,236753,302541,70185,128134,54879,55339,116689,123920,140538,161817,207739,242509,299583,321490,256021,289170,209337,267874,65238,118480,3327007,2081129,465358,274990,798722,471889,103087,401,268
2021-06-25T23:59:59+02:00,5897,5431,152310,148694,275303,258446,316765,315941,398006,412531,465831,473289,330982,370358,236626,302386,70157,128084,53595,53716,114219,121227,136467,157254,198990,234066,293906,315626,254300,287053,208747,267074,65167,118362,3302077,2038696,463933,273300,798668,465321,102866,401,268
2021-06-24T23:59:59+02:00,5044,4647,147872,144572,270492,254523,312494,312172,395827,410662,464462,472160,330563,369896,236458,302150,70124,127997,50955,51131,109109,116523,129157,150623,186983,223634,282504,305410,248928,281226,206917,264733,64964,117962,3270983,1976771,461934,261551,798501,451588,101199,400,267
2021-06-23T23:59:59+02:00,4825,4440,144714,141462,266807,251376,307257,307379,393335,408319,463061,470845,330036,369278,236229,301841,70076,127892,49015,49053,105318,112618,123499,144953,177105,214982,270554,293445,244326,276424,205587,263037,64803,117602,3243490,1920563,458417,251711,798343,440904,99425,398,267
2021-06-22T23:59:59+02:00,4575,4211,141643,138339,263103,248004,301138,301945,390701,405764,461521,469364,329493,368675,236010,301491,70028,127786,47329,47316,101718,109326,118714,140388,164529,203855,259659,283162,240268,271961,203668,260630,64552,117133,3211480,1862315,456489,244009,798159,429957,98158,396,259
2021-06-21T23:59:59+02:00,4316,3966,138383,135402,258406,244118,295899,297084,387665,402900,460052,468018,328975,368118,235787,301181,69988,127673,46100,46089,99341,107113,115984,137689,158325,198090,252785,276525,234923,266136,199749,256125,64367,116758,3179807,1831390,454455,238498,797951,410213,96209,395,259
2021-06-20T23:59:59+02:00,4172,3848,136881,133898,254182,240655,293325,294851,386275,401588,459263,467274,328752,367838,235675,301049,69968,127611,44983,45172,97090,105329,113716,135707,155295,195557,248486,272468,231925,262611,198762,254873,64286,116632,3162413,1811104,452696,234952,797799,402358,94682,395,254
2021-06-19T23:59:59+02:00,3755,3497,134733,131802,251434,238337,291546,293207,384438,400022,458420,466546,328532,367586,235571,300909,69947,127579,44448,44526,95824,104077,112250,134244,153797,194124,245273,269455,231208,261765,198592,254610,64264,116579,3146086,1795194,449881,233375,797790,402082,94582,395,253
2021-06-18T23:59:59+02:00,2806,2584,131457,128664,247911,235295,287538,289804,382044,397899,457082,465384,328158,367186,235416,300673,69920,127530,43664,43614,94246,102302,109965,131580,150255,190096,238429,262193,229488,259766,198108,253972,64189,116445,3120306,1765940,445451,232855,797764,395396,94308,394,253
2021-06-17T23:59:59+02:00,2572,2361,127751,125380,241904,230862,282326,285421,377264,393917,454762,463554,327568,366467,235174,300318,69855,127417,41427,41791,90199,98834,105083,126839,142402,182428,227053,250827,224293,253840,196461,251821,63929,116026,3085591,1710366,442475,228719,797511,384505,89851,313,244
2021-06-16T23:59:59+02:00,2301,2128,124518,121980,237016,226529,277634,281161,372094,389428,452181,461424,326830,365671,234886,299908,69789,127304,39600,40200,86669,95817,100743,123024,134179,175101,214968,238935,218076,246748,194544,249499,63677,115538,3052140,1650692,436943,223121,797000,376436,87250,311,243
2021-06-15T23:59:59+02:00,1914,1796,119604,117118,231035,221388,272292,276181,367035,384799,449341,459016,325963,364702,234539,299394,69707,127121,37982,38594,83350,92775,96780,118981,127138,168735,202647,226938,212060,239968,192590,247074,63366,114969,3007486,1593521,435020,217290,796437,368771,84541,311,240
2021-06-14T23:59:59+02:00,1652,1522,115554,112963,225810,216479,266933,271209,361753,380059,446228,456426,325182,363847,234227,299005,69645,127001,37001,37706,81074,90691,94076,116468,123031,164996,196062,220455,208954,236465,191456,245604,63149,114582,2965385,1564002,432669,215020,796178,361120,81796,309,239
2021-06-13T23:59:59+02:00,1578,1437,114060,111587,223364,214378,264393,268950,359498,378104,445060,455394,324907,363543,234092,298837,69613,126927,36140,36977,79224,89028,92069,114656,120210,162403,192203,216758,205874,233030,190425,244238,62917,114171,2950403,1550052,430233,207759,795873,352929,79742,309,238
2021-06-12T23:59:59+02:00,1429,1300,111412,108842,221471,212650,263010,267675,358063,376707,444163,454625,324620,363234,234000,298734,69595,126899,35772,36573,78239,87933,90820,113364,118636,160844,188645,213456,204841,231905,189024,242581,62907,114141,2934238,1536925,429254,207750,795853,345548,79612,308,237
2021-06-11T23:59:59+02:00,1281,1163,108872,106331,218579,210029,259349,264490,354930,373979,442449,453154,324186,362784,233864,298530,69568,126844,35102,35461,76240,84566,88587,109840,114535,155705,181956,206017,202746,229539,188422,241813,62845,114044,2909841,1509481,426465,207058,795675,332107,78923,308,235
2021-06-10T23:59:59+02:00,1120,1010,104115,101928,212512,205273,252296,258669,348845,368686,437956,449381,323332,361817,233543,298083,69485,126692,33521,33979,72248,80396,83673,104340,107875,147509,169634,192389,196683,222666,186695,239675,62592,113642,2866253,1462437,419375,205321,794831,305113,74791,306,231
2021-06-09T23:59:59+02:00,972,880,100201,98231,206560,200548,245490,252966,342193,362739,434282,446361,322660,361076,233275,297705,69421,126560,31991,32724,69020,77747,79979,101173,103161,143233,158510,181654,186078,210693,184833,237430,62320,113147,2827316,1408489,410854,201349,794329,293853,70146,279,227
2021-06-08T23:59:59+02:00,789,699,95676,93690,199931,194989,238534,246961,333948,355464,429177,441698,321828,360077,232903,297221,69340,126423,30918,31871,66435,75451,76699,98454,98586,139318,150927,174173,177375,200987,183030,235186,62087,112781,2775380,1369344,405093,196440,793747,283002,65639,279,215
2021-06-07T23:59:59+02:00,631,557,92459,90593,193872,190290,231978,241723,326116,349295,426136,439257,321286,359446,232689,296898,69286,126327,30053,31025,63973,73499,73746,96300,94829,136386,142860,166394,173334,196377,181603,233375,61864,112398,2736413,1342277,398935,193150,793183,271915,60812,277,214
2021-06-06T23:59:59+02:00,593,521,90884,89277,190590,187748,228632,238957,321841,345894,424705,438184,321019,359153,232581,296740,69262,126280,29451,30470,62204,71821,71671,94297,91646,133320,137181,160619,170804,193760,180494,231976,61635,112018,2721022,1330442,391555,183506,792708,261480,58073,275,213
2021-06-05T23:59:59+02:00,513,441,88941,87263,185725,183533,226169,236827,320024,344268,423705,437270,320733,358833,232433,296571,69248,126248,28996,29716,61004,69871,70277,92151,89969,131059,132432,155293,167803,190097,180010,231319,61601,111952,2697554,1306849,391435,183026,792557,256109,57692,274,212
2021-06-04T23:59:59+02:00,413,356,86588,84735,182065,179930,222163,232879,316435,340631,421345,435078,320275,358298,232236,296342,69210,126185,28531,29046,59889,68220,69002,90075,88180,128448,129071,151639,163571,185332,179019,230052,61553,111866,2668310,1288048,387615,182254,792440,246032,57284,274,211
2021-06-03T23:59:59+02:00,320,282,83301,81669,176336,175273,214911,226787,308730,333939,413593,428222,319244,357121,231867,295894,69155,126054,27642,28037,57996,66034,66615,87334,84553,124342,122329,144977,157232,177734,177450,228026,61440,111629,2619412,1258883,377380,176950,792020,233299,54356,272,207
2021-06-02T23:59:59+02:00,271,223,81223,79504,172263,171553,211265,223632,305152,330593,411551,426393,318838,356669,231714,295688,69127,126003,27176,27559,56871,64921,65025,86064,82499,122407,117359,140096,149358,168776,176732,227072,61355,111460,2590671,1226711,375996,174981,791989,229684,53467,270,202
2021-06-01T23:59:59+02:00,172,155,76961,75680,163988,164997,201911,215902,296052,322720,403353,418561,317329,355062,231175,294952,69015,125775,25625,26143,52559,61973,60193,82778,77088,117907,109938,132894,138267,155382,174633,224340,61146,111033,2532017,1176627,364362,170870,791228,217909,46596,268,197
2021-05-31T23:59:59+02:00,150,138,74218,73205,158336,160684,194607,209942,288664,316349,397615,413598,316335,353953,230790,294432,68925,125604,24714,25087,49938,59760,57031,80247,73489,114634,105447,128453,134124,150485,173268,222621,60976,110701,2491623,1154227,354977,168543,790596,207517,40784,267,195
2021-05-30T23:59:59+02:00,139,130,73170,72139,155861,158656,191986,207590,285888,313834,395730,411858,315974,353542,230629,294198,68887,125524,24113,24300,48350,58034,55295,78395,71264,112074,102791,125592,131972,147963,172475,221686,60883,110490,2475811,1144464,352461,167237,789969,196146,37925,267,191
2021-05-29T23:59:59+02:00,136,128,72560,71547,154350,157255,189687,205558,284048,312248,394893,411085,315753,353297,230549,294120,68876,125506,23791,23775,47433,56540,53957,76522,69341,109229,100475,122795,129170,144544,171823,220778,60856,110438,2461918,1130871,352301,167172,789901,185612,37905,267,190
2021-05-28T23:59:59+02:00,132,125,71474,70429,151961,154999,186032,202023,280779,309112,393033,409319,315346,352795,230402,293905,68857,125449,23260,22773,45825,54414,52133,73964,67301,105282,96152,116905,124799,139498,170848,219471,60810,110324,2438121,1108280,351253,166959,789693,171085,37527,266,187
2021-05-27T23:59:59+02:00,121,115,68163,67415,145480,150063,177848,195772,274394,303956,386720,403638,314085,351351,229943,293375,68786,125267,21941,21090,42575,51364,48256,70148,62753,99271,89803,109398,120876,134880,168051,215770,60638,110011,2393576,1079868,343638,164218,787885,151024,31801,266,183
2021-05-26T23:59:59+02:00,117,112,66011,65239,140528,145983,171752,190711,267644,298290,379983,396951,312569,349748,229457,292679,68684,125056,21200,20174,40756,49228,45903,67417,59721,95479,85213,104289,115899,129164,164264,210439,60429,109585,2356324,1047978,330446,162645,786074,139551,29070,264,182
2021-05-25T23:59:59+02:00,116,105,63981,63250,136328,142495,166703,186425,260578,292015,374563,391566,311293,348345,229053,292036,68600,124879,20623,19511,39358,47711,44071,65404,57251,92482,81135,99918,110966,123480,158733,203205,60259,109281,2318815,1016492,322942,159224,783537,130325,27434,260,177
2021-05-24T23:59:59+02:00,113,103,62740,62038,133574,140392,163422,184013,253632,286029,369632,386894,310466,347426,228768,291651,68528,124750,20281,19106,38340,46640,42726,63921,55574,90472,78901,97414,109547,121825,158127,202416,60147,109079,2295081,1007151,311844,157926,781751,123642,25886,260,174
2021-05-23T23:59:59+02:00,108,103,62243,61522,132474,139501,162228,182979,252389,285009,368046,385466,309850,346769,228597,291425,68507,124714,20052,18919,37789,46084,41972,63222,54414,89476,77415,96049,108373,120429,157149,201197,60077,108940,2283591,998992,311262,154845,781705,122050,25761,260,172
2021-05-22T23:59:59+02:00,105,101,61549,60901,130986,138430,159858,181358,249420,282720,365568,383245,309321,346176,228420,291159,68481,124664,19733,18498,37177,45484,41332,62693,53758,88751,76644,94907,106823,118629,156377,200228,60050,108886,2265636,992292,311247,154841,781665,118626,24298,260,172
2021-05-21T23:59:59+02:00,101,97,60219,59461,128085,135837,156575,178037,244190,277957,359476,377561,308388,345086,228124,290763,68421,124556,19373,18132,36564,44715,40681,61643,52807,87358,74927,92605,103583,114679,155239,198778,59958,108711,2229593,979278,309609,154515,780098,112033,24015,257,170
2021-05-20T23:59:59+02:00,94,95,57170,56666,122353,130967,149651,171727,233886,269219,350454,369284,305857,342348,227358,289756,68289,124338,18077,17198,34391,42469,38228,58745,49992,83589,70999,88110,99467,110048,152781,195765,59778,108355,2171665,960010,302955,152573,774142,94371,21119,249,170
2021-05-19T23:59:59+02:00,93,93,54956,54473,117349,126289,142486,165117,223355,259867,339909,358397,303214,339481,226613,288714,68139,124062,17497,16414,33167,40882,36823,56683,47981,80812,67761,84535,95587,105573,149160,191047,59516,107864,2105801,936630,296700,150598,771165,84871,19291,249,157
2021-05-18T23:59:59+02:00,88,88,52860,52514,112566,122030,136110,159549,211791,249502,330042,348604,300546,336516,225737,287519,67987,123808,16980,15810,31958,39421,35468,54890,46176,78404,64876,81309,91591,101047,145968,186992,59303,107429,2045982,916426,287339,147741,767571,76231,17308,245,157
2021-05-17T23:59:59+02:00,85,85,51826,51521,110234,119974,133303,156894,205269,243489,322476,341522,298758,334547,225153,286696,67880,123596,16524,15361,30909,38376,34303,53600,44695,76608,62617,78917,86763,95192,144505,185108,59153,107114,2019201,904750,275047,140279,764149,69547,15251,244,154
2021-05-16T23:59:59+02:00,84,82,51039,50865,108792,118651,131564,155235,202300,240809,315046,334573,297741,333418,224846,286212,67828,123499,16240,14989,30160,37596,33431,52679,43631,75296,61284,77448,83346,91121,143717,184033,59066,106974,2003885,898675,264629,133513,760911,65408,13497,242,150
2021-05-15T23:59:59+02:00,84,82,50503,50232,107794,117665,130551,154126,200366,238876,311476,331365,297120,332732,224650,285941,67808,123435,16100,14826,29906,37290,33144,52248,43144,74651,60436,76466,82749,90304,143202,183366,59030,106927,1987700,893439,264611,133366,760044,64281,12786,240,149
2021-05-14T23:59:59+02:00,83,82,49243,48810,105544,115573,126964,150675,192162,231811,305165,325486,296140,331595,224365,285493,67761,123340,15602,14398,29123,36471,32376,51058,42066,72871,58875,74517,80847,87818,142589,182380,58990,106841,1950464,883805,262914,132496,755496,58860,11742,237,148
2021-05-13T23:59:59+02:00,79,81,47327,46865,101704,112348,122258,146571,182151,223233,294568,315675,293174,328177,223557,284354,67661,123133,14739,13952,28267,35775,31614,50156,41123,71778,57370,72952,77071,83473,139830,178777,58880,106625,1898924,871273,254309,125453,749268,55009,10725,234,145
2021-05-12T23:59:59+02:00,77,79,46416,46159,99786,110924,120199,144913,179607,221125,289837,310353,292011,326912,223316,284035,67623,123048,14574,13802,27947,35557,31214,49866,40678,71403,56831,72385,75735,81851,139054,177644,58794,106465,1875877,865548,252148,123664,748779,54739,9926,229,144
2021-05-11T23:59:59+02:00,73,73,44172,44684,95760,107848,114399,140188,166245,209860,278192,299594,288610,323001,222359,282634,67474,122749,14146,13235,26938,34132,30085,48065,39374,69125,55120,70121,72653,78269,137702,175815,58636,106107,1817042,853295,242454,120977,740271,46876,8450,225,142
2021-05-10T23:59:59+02:00,72,69,42920,43713,93161,105846,111146,137562,157862,202839,270324,292490,286437,320554,221785,281772,67350,122507,13802,12791,26179,33149,29292,46807,38378,67270,53895,68392,70569,75713,136558,174305,58516,105819,1781515,844434,236409,119926,733307,39676,7478,221,136
2021-05-09T23:59:59+02:00,71,69,41799,42943,90480,104095,108486,135794,152859,199423,264807,287556,285199,319173,221410,281243,67284,122361,13487,12573,25488,32481,28563,46005,37587,66311,52958,67445,69340,74311,135962,173472,58461,105688,1762220,839858,229316,118951,727324,34912,6488,217,134
2021-05-08T23:59:59+02:00,70,69,41508,42643,89635,103366,107395,134941,151414,198209,262246,285494,284698,318631,221292,281064,67268,122329,13385,12512,25361,32389,28419,45876,37398,66117,52618,67127,68376,73390,134894,172109,58414,105595,1750205,835257,228805,118207,727101,34134,6475,194,117
2021-05-07T23:59:59+02:00,68,68,40585,41927,87706,102029,104573,132733,146795,194405,255997,279990,283359,317032,220942,280607,67215,122206,12639,12029,24539,31655,27656,44816,36535,64854,51433,65618,66131,70705,132674,169292,58324,105417,1724444,825604,225598,115945,722980,27339,5522,193,115
2021-05-06T23:59:59+02:00,64,67,37942,40206,82961,98575,98580,127984,136615,185903,239554,265584,278236,311241,219656,278919,67040,121890,11952,11513,23601,30550,26662,43465,35180,62852,49695,63645,63645,67583,130564,166533,58210,105199,1658919,814520,215688,112840,712097,18972,4609,183,114
2021-05-05T23:59:59+02:00,62,64,36055,39012,79310,95992,93982,124340,128796,179375,224805,251549,272053,304103,218084,276930,66794,121367,11718,11238,23062,29826,26059,42541,34255,61453,48544,62232,61037,64478,127622,162835,58112,104949,1592740,802250,210617,109277,706068,14991,3536,183,112
2021-05-04T23:59:59+02:00,62,62,34952,37908,76592,93675,90481,121300,123235,174645,214192,241278,266566,297659,216643,275086,66585,120899,11556,11034,22658,29286,25602,41769,33538,60367,47436,60959,58318,61303,125260,159904,57962,104713,1543724,790386,205501,106642,699996,11847,2884,181,110
2021-05-03T23:59:59+02:00,61,60,34084,36854,74306,91861,87606,118954,118795,171002,207540,235278,263290,293796,215845,274005,66464,120604,11311,10761,22264,28710,25119,41070,32853,59401,46414,59820,55536,57967,121487,155013,57705,104276,1511991,774557,202391,104930,695074,9086,1227,179,109
2021-05-02T23:59:59+02:00,61,60,33732,36536,73133,90958,86139,117861,116370,169136,204445,232767,262331,292708,215561,273597,66398,120496,11240,10689,22076,28499,24890,40784,32512,58995,45963,59344,54347,56507,118424,151335,57621,104146,1501405,769545,199600,99378,691200,8186,358,178,106
2021-05-01T23:59:59+02:00,60,60,33415,36162,72373,90165,85069,116821,114904,167777,201367,229738,261641,291887,215352,273317,66387,120458,11226,10673,22023,28469,24831,40746,32450,58937,45880,59269,54105,56215,118265,151139,57612,104129,1486337,768236,199598,99338,690934,8137,353,177,106
2021-04-30T23:59:59+02:00,57,58,32875,35563,71167,88942,83610,115093,111127,164216,193973,222624,259650,289520,214903,272710,66327,120352,10906,10478,21662,28190,24555,40323,32125,58374,45417,58637,53209,55051,117313,149953,57557,104009,1453469,764559,199272,97348,690136,5794,156,174,103
2021-04-29T23:59:59+02:00,55,56,31375,34615,68250,86919,79977,112494,106026,160111,181165,211083,251722,280426,213706,271077,66191,120003,10603,10266,21186,27742,24125,39824,31540,57633,44609,57702,51377,52860,115467,147719,57457,103814,1398621,755735,191996,94669,684767,3483,135,166,101
2021-04-28T23:59:59+02:00,54,54,30141,34004,66384,85608,77498,110673,102599,157259,171488,201918,240870,267830,212427,269392,65994,119675,10419,10107,20888,27390,23762,39354,31116,56978,43882,56880,49256,50244,112887,144489,57334,103602,1346005,746199,188635,90124,679393,2259,105,159,97
2021-04-27T23:59:59+02:00,51,53,29383,33320,64809,84145,75492,108866,99848,154862,166769,197198,232368,258027,211279,267778,65874,119453,10294,9996,20607,27101,23526,39025,30756,56483,43199,56189,47251,47703,110248,141058,57217,103402,1311998,736398,186330,86116,671408,1541,104,156,92
2021-04-26T23:59:59+02:00,50,53,28954,32936,63710,83262,73993,107700,97566,153151,158160,189186,228184,253185,210572,266786,65782,119255,10199,9907,20392,26915,23291,38807,30460,56145,42582,55613,45446,45557,108354,138580,57121,103249,1283081,728439,184886,83023,664680,1161,100,152,90
2021-04-25T23:59:59+02:00,50,52,28703,32698,62936,82740,72931,106966,95838,151928,152777,184317,223854,248306,209983,266006,65716,119132,10144,9873,20314,26840,23205,38726,30349,56019,42423,55454,45032,45060,107673,137673,57093,103179,1270341,726784,178749,81253,656004,1030,97,151,88
2021-04-24T23:59:59+02:00,50,51,28361,32272,61999,81519,71746,105522,94293,150272,147878,179173,221068,244976,209513,265332,65682,119082,10129,9855,20273,26798,23154,38661,30268,55933,42274,55318,44790,44752,107424,137379,57072,103151,1245503,725702,178720,80554,654724,987,96,151,86
2021-04-23T23:59:59+02:00,48,51,27615,31647,60431,80012,69960,103504,91703,147635,143105,174783,216519,239432,208858,264343,65619,118967,10077,9793,20165,26711,23023,38511,30034,55726,41911,54988,44172,43995,106363,136094,56916,102876,1220660,722355,177540,78079,646187,935,95,148,84
2021-04-22T23:59:59+02:00,46,50,27000,31048,58895,78577,67496,101289,87582,144148,135074,167298,207487,228436,206820,261711,65421,118570,9952,9697,19916,26414,22667,38078,29519,55212,41158,54351,43003,42668,104373,133649,56687,102478,1179152,714887,170100,74139,637851,811,95,143,82
2021-04-21T23:59:59+02:00,46,48,26507,30526,57569,77476,65614,99660,84547,141512,127892,160490,194426,213108,204671,258822,65195,118145,9821,9611,19684,26166,22382,37753,29167,54762,40606,53821,42157,41651,102187,130869,56434,102067,1127708,708352,167221,70063,631481,739,95,137,81
2021-04-20T23:59:59+02:00,45,47,26082,30058,56411,76334,63941,98080,82002,138938,122814,155431,182955,199655,202247,255690,64959,117719,9718,9520,19466,25978,22090,37484,28756,54350,40068,53287,41341,40720,99970,127883,56098,101530,1085116,700811,163737,66812,624711,659,93,135,76
2021-04-19T23:59:59+02:00,45,46,25715,29702,55443,75515,62658,96902,79877,137012,119295,152053,177208,192815,200540,253456,64776,117386,9609,9427,19235,25758,21845,37211,28440,53959,39557,52758,40546,39811,96874,123919,55693,100818,1060585,690471,161909,64391,618109,622,92,130,76
2021-04-18T23:59:59+02:00,44,44,25411,29442,54675,74970,61538,95958,78026,135591,115932,149662,172101,187262,199530,252232,64665,117195,9535,9352,19046,25584,21668,37045,28223,53682,39298,52507,40218,39424,95658,122375,55512,100522,1046629,686607,160242,62459,607559,607,92,129,75
2021-04-17T23:59:59+02:00,43,43,25302,29350,54304,74775,61021,95606,77372,134992,115086,148921,167850,182380,198996,251507,64631,117130,9490,9293,18908,25396,21480,36815,27996,53407,39033,52239,39919,39102,94896,121447,55448,100438,1035750,682591,160214,62145,603496,595,92,129,75
2021-04-16T23:59:59+02:00,43,43,24928,29102,53316,74170,59737,94727,75747,133661,110941,144780,160218,173609,197340,249302,64522,116921,9282,9118,18515,24969,20900,36241,26890,52503,37009,50638,36611,36173,91711,117926,55045,99783,1009856,667541,159423,55236,593977,561,92,128,73
2021-04-15T23:59:59+02:00,39,39,24454,28650,52065,73001,57778,92998,72478,130817,105472,139501,152357,164636,192688,243430,64225,116302,9108,8956,18147,24547,20407,35582,26213,51709,35616,49408,34500,34143,88602,114200,54538,98926,977653,654467,157370,49650,576054,511,91,126,71
2021-04-14T23:59:59+02:00,37,35,24114,28325,51128,72064,56440,91612,70091,128660,101483,135734,143164,154254,184950,233553,63884,115634,8702,8684,17673,24041,19871,34937,25299,50831,34329,48285,32458,31987,85624,110555,54048,98066,939799,639582,154701,45423,560809,412,90,122,71
2021-04-13T23:59:59+02:00,37,35,23876,28108,50432,71529,55497,90788,68457,127251,97758,132302,131335,141138,178561,225224,63546,115046,8467,8512,17328,23635,19451,34401,24635,50038,33264,47271,31076,30626,83472,108176,53691,97522,906567,630272,150188,41032,544313,289,90,120,69
2021-04-12T23:59:59+02:00,36,34,23667,27920,49877,71020,54633,90055,66990,125961,95126,129978,124227,133106,175335,221275,63275,114555,8230,8327,16965,23339,19080,33966,24163,49501,32596,46645,29550,29089,81811,106240,53365,97001,890158,621847,148648,37776,528412,274,88,118,67
2021-04-11T23:59:59+02:00,35,34,23492,27760,49353,70599,53904,89601,65848,125158,93271,128501,118747,127092,171416,216671,63105,114257,8097,8193,16669,23060,18762,33658,23807,49121,32149,46259,28913,28424,80791,104995,53156,96682,882691,616563,144240,35950,512062,256,85,117,64
2021-04-10T23:59:59+02:00,35,34,23431,27703,49186,70464,53704,89443,65522,124888,92746,128066,116664,124566,169976,214821,63063,114157,7510,7590,15779,22275,17805,32818,22687,48089,31039,45263,28253,27712,78698,102388,52889,96246,875702,601252,143386,35571,509534,251,80,117,64
2021-04-09T23:59:59+02:00,34,34,23184,27453,48686,69973,53064,88760,64526,123765,90920,126159,107838,113631,166596,210416,62865,113801,6552,6690,14251,20953,16084,31258,20547,46125,28837,43257,26477,25888,75199,98215,52344,95407,856296,573818,136335,34058,499233,239,72,112,62
2021-04-08T23:59:59+02:00,34,34,22888,27207,48106,69482,52309,88060,63219,122682,88503,123992,97529,101646,161059,203572,62538,113237,5909,6103,13064,19935,14826,29919,18908,44407,26338,40923,23457,22921,70555,92447,51204,93657,837644,542283,127438,32118,481185,208,62,110,62
2021-04-07T23:59:59+02:00,32,33,22577,26982,47303,69025,51384,87449,61829,121703,85364,121553,88348,91356,154058,194786,62244,112677,5529,5782,12404,19262,14011,29092,17865,43355,24429,39026,20922,20396,66600,87684,50210,92042,817261,518832,121844,29636,459773,178,56,107,61
2021-04-06T23:59:59+02:00,31,33,22367,26821,46775,68645,50795,86925,60796,120927,83256,119810,80587,82554,147697,186829,61901,112049,5336,5623,12053,18905,13659,28661,17331,42793,23566,38217,19795,19365,63443,83593,49289,90660,798001,505473,118630,26694,442346,167,51,103,58
2021-04-05T23:59:59+02:00,31,32,22269,26696,46464,68300,50410,86527,60251,120237,82076,118659,76109,77462,142695,180728,61700,111734,5197,5484,11792,18653,13365,28349,17009,42421,23121,37757,19331,18896,60563,80042,48590,89595,788574,496149,116877,23901,427109,161,48,101,58
2021-04-04T23:59:59+02:00,31,32,22221,26637,46343,68032,50241,86213,59972,119736,81569,118027,74667,75756,141992,179755,61663,111652,5193,5477,11774,18640,13354,28333,16990,42404,23023,37685,18924,18573,59126,78195,48384,89284,786040,491357,116773,23899,421913,154,44,98,56
2021-04-03T23:59:59+02:00,31,32,22159,26556,46220,67924,50079,86038,59656,119424,81001,117448,73322,74120,140875,178219,61580,111503,5184,5468,11761,18622,13331,28313,16956,42357,22918,37611,18788,18422,58776,77633,48295,89138,779678,489572,116731,23899,419965,154,43,97,56
2021-04-02T23:59:59+02:00,31,32,22082,26473,46060,67758,49861,85790,59186,118975,80123,116636,71767,72238,138597,175239,61383,111144,5165,5431,11714,18579,13277,28231,16867,42209,22644,37134,18430,18059,56436,74752,47482,88037,770569,481093,114956,23255,418038,154,40,96,54
2021-04-01T23:59:59+02:00,28,30,21887,26269,45644,67236,49215,85048,58310,118035,78242,114965,68504,68807,134517,170067,61066,110577,5018,5287,11443,18316,13054,27995,16544,41900,22140,36691,17614,17316,51594,68724,45803,85582,758932,463055,108861,21884,410845,141,35,93,53
2021-03-31T23:59:59+02:00,28,30,21560,26051,45242,66713,48721,84400,57581,117098,77085,113723,66463,66489,129759,163958,60664,109854,4940,5236,11346,18198,12894,27845,16304,41630,21545,36180,16484,16413,46383,62306,44423,83599,749187,444718,101704,20937,404726,138,30,90,49
2021-03-30T23:59:59+02:00,28,29,21382,25828,44843,66094,48215,83603,56871,116046,75946,112347,64622,64468,125381,158206,60196,108954,4873,5151,11242,18073,12702,27656,15977,41307,20972,35631,15651,15610,43628,58898,43307,81804,738998,432867,97484,19575,396782,109,26,85,48
2021-03-29T23:59:59+02:00,27,29,21185,25589,44382,65544,47739,82914,56135,114972,74720,110915,62134,61724,118643,149566,59426,107561,4776,5080,11137,17960,12549,27490,15730,40984,20514,35162,14999,15070,41040,55916,42200,79982,718470,421667,94063,18897,390875,94,26,85,47
2021-03-28T23:59:59+02:00,27,29,20979,25300,43883,64859,47222,82173,55455,113966,73779,109809,60875,60289,113936,143589,58982,106804,4721,5022,10991,17814,12292,27191,15539,40737,20347,34930,14760,14826,39960,54497,41852,79443,711932,417350,86749,17570,383478,74,26,84,44
2021-03-27T23:59:59+01:00,27,29,20859,25143,43591,64493,46858,81644,54955,113277,73107,109071,59718,59205,112450,141882,58915,106724,4708,5010,10964,17795,12274,27161,15178,40309,19947,34494,14467,14614,39474,53809,41378,78626,706658,413296,86048,16916,379443,68,26,84,44
2021-03-26T23:59:59+01:00,27,28,20607,24631,42786,62790,45890,79619,53618,110256,71092,105458,57704,57323,109698,138642,58588,106208,4690,4977,10940,17743,12204,27069,15100,40199,19607,33899,14000,13962,36405,49972,39321,75383,695265,398791,82729,16697,367171,55,23,83,44
2021-03-25T23:59:59+01:00,27,26,20175,23959,41913,61027,44794,77068,52104,106730,68703,101693,55110,54688,106388,134672,58017,105217,4644,4922,10849,17640,12082,26924,14917,39980,19331,33592,13525,13471,32555,44928,36325,70851,683843,380457,78535,16099,350134,50,21,81,44
2021-03-24T23:59:59+01:00,27,26,19773,23512,41130,59759,43779,75531,50725,104807,66606,99363,52327,51776,102136,129573,57379,104140,4590,4856,10756,17497,11914,26722,14685,39697,18963,33174,13067,13017,29986,41716,33212,66014,671043,364900,73663,14998,337868,43,16,80,44
2021-03-23T23:59:59+01:00,27,26,19525,23210,40571,58846,43057,74440,49690,103296,64950,97504,50037,49432,99379,126361,56819,103300,4531,4786,10657,17372,11769,26539,14439,39385,18545,32788,12564,12510,27552,38621,29545,60124,662925,347351,70322,14409,327430,41,15,77,44
2021-03-22T23:59:59+01:00,27,26,19303,22797,39931,57966,42391,73401,48745,101911,63477,95872,48202,47548,96980,123615,56348,102529,4473,4739,10571,17256,11638,26361,14281,39145,18304,32487,12254,12137,25718,36270,25591,53746,656625,331147,67515,13857,317135,38,15,76,43
2021-03-21T23:59:59+01:00,27,26,19165,22538,39440,57213,41842,72556,48091,100755,62534,94640,47154,46523,95334,121764,55978,101950,4459,4731,10535,17208,11592,26275,14221,39055,18222,32388,12134,12005,25290,35822,25237,53188,654053,328954,65487,13443,308192,38,14,75,41
2021-03-20T23:59:59+01:00,26,26,19105,22393,39229,56718,41602,71995,47781,100118,62094,94038,46501,45757,92736,118532,55691,101464,4450,4723,10526,17196,11564,26258,14178,39018,18140,32313,11975,11844,24649,35047,24474,52102,647589,325238,65038,13254,303379,38,14,75,41
2021-03-19T23:59:59+01:00,25,25,18751,21828,38096,54595,40321,70001,46046,98032,59213,91280,42057,41884,87519,112768,54989,100384,4429,4710,10493,17146,11499,26146,14087,38848,17905,32014,11623,11561,22982,32988,22793,49542,629834,315914,57827,12892,290351,32,14,72,41
2021-03-18T23:59:59+01:00,25,24,18356,21181,36919,52440,38781,67211,43890,93563,55367,85484,38023,38084,82789,107286,53902,98724,4409,4682,10427,17043,11421,25991,13939,38660,17689,31811,11391,11378,21735,31474,21080,46944,612894,307836,52085,12281,267262,29,14,72,40
2021-03-17T23:59:59+01:00,25,23,17934,20830,36194,51522,38016,66257,42809,92211,53579,83656,35350,35297,78765,102463,52958,97251,4386,4656,10365,16948,11348,25857,13826,38471,17490,31618,11154,11154,20493,30062,19490,44544,596238,300333,47682,11572,261407,26,14,71,40
2021-03-16T23:59:59+01:00,24,23,17577,20411,35448,50452,37204,65062,41712,90535,51741,81668,33145,33277,74734,97517,52077,95937,4336,4607,10292,16820,11257,25706,13727,38234,17357,31375,10984,10976,19210,28544,18009,42220,582979,292559,42994,11138,252756,26,11,69,40
2021-03-15T23:59:59+01:00,24,23,17298,20047,34740,49474,36412,63872,40808,89054,50481,80067,31422,31437,71452,93425,51380,94804,4314,4572,10225,16697,11190,25505,13611,37946,17208,31103,10818,10818,18477,27579,16751,40359,571853,286737,39669,10489,244890,26,0,67,40
2021-03-14T23:59:59+01:00,24,22,17030,19620,33885,48266,35512,62554,39750,87228,49225,78339,30256,30204,69457,90862,50935,94128,4290,4553,10180,16620,11134,25363,13551,37724,17118,30939,10746,10733,18296,27298,16489,39798,564742,285538,37791,9356,234955,17,0,63,40
2021-03-13T23:59:59+01:00,24,22,16217,18558,32388,46232,33939,60421,37711,84156,47095,75789,28905,28850,67443,88237,50666,93737,4290,4553,10178,16614,11131,25356,13542,37718,17111,30930,10709,10701,17548,26412,15443,38346,548387,281288,37506,9355,224672,16,0,63,40
2021-03-12T23:59:59+01:00,23,22,15116,17181,29946,43584,31274,57279,34847,79299,43885,71328,26069,25658,63138,82935,49684,92332,4277,4520,10159,16552,11113,25305,13496,37600,17020,30799,10432,10474,16665,25166,14371,36822,520364,275488,36194,9344,207207,13,0,61,39
2021-03-11T23:59:59+01:00,22,22,14075,15721,27698,40889,28954,54089,32259,74909,40130,66432,22671,22181,57123,75616,47750,89492,4236,4480,10079,16433,11002,25080,13378,37290,16854,30495,10128,10262,16030,24325,13703,35547,488310,271484,34603,7903,187267,10,0,60,38
2021-03-10T23:59:59+01:00,22,22,13480,15023,26288,39273,27304,52268,30695,72591,37610,63303,19921,19627,51205,68474,46198,87153,4201,4436,9979,16266,10884,24831,13230,36870,16655,30122,9891,10079,15287,23552,13044,34521,461880,266753,32555,7159,176167,8,0,58,38
2021-03-09T23:59:59+01:00,21,21,13198,14555,25165,38232,25888,51082,29632,70936,36231,61469,18737,18502,47693,64034,45073,85364,4177,4410,9894,16099,10781,24573,13077,36553,16480,29885,9766,9977,14624,22715,12548,33747,448274,263045,30026,6326,167665,8,0,58,36
2021-03-08T23:59:59+01:00,20,21,12867,13948,24081,37123,24616,49944,28696,69452,34997,59851,17657,17623,43572,59046,43845,83380,4162,4373,9833,15901,10679,24313,12944,36195,16351,29620,9682,9893,14129,22109,12234,33308,432809,259861,28021,5935,160039,3,0,57,35
2021-03-07T23:59:59+01:00,20,21,12634,13655,23487,36273,23918,49068,28095,68581,34388,59092,17395,17373,42503,57595,43478,82816,4150,4360,9812,15859,10652,24240,12912,36025,16294,29506,9660,9864,13931,21856,12098,33106,428045,258803,26206,5595,156268,0,0,56,34
2021-03-06T23:59:59+01:00,20,20,12521,13363,23085,35539,23387,48281,27046,67053,33288,57328,17009,17044,41858,56706,43177,82348,4147,4346,9801,15833,10634,24206,12902,35983,16276,29475,9642,9823,13884,21818,11995,32896,423982,258424,26142,5311,149074,0,0,56,33
2021-03-05T23:59:59+01:00,20,20,12108,12761,22403,34336,22704,47051,26291,65422,32053,54909,16363,16209,38398,52398,41020,78904,4120,4299,9731,15733,10582,24058,12834,35788,16189,29268,9546,9754,13698,21603,11624,32285,408787,256724,24690,4462,140011,0,0,56,32
2021-03-04T23:59:59+01:00,18,20,11348,11755,21215,32608,21485,45004,24935,62770,30358,52552,15633,15490,34392,47231,37939,74216,4071,4209,9618,15441,10478,23700,12701,35255,16044,28868,9369,9601,13540,21392,11540,32140,390340,253672,22614,4370,126130,0,0,56,29
2021-03-03T23:59:59+01:00,16,20,11041,11260,20526,31387,20711,43642,24027,61020,29313,50910,15156,14987,31780,43908,34853,69447,4031,4146,9537,15271,10399,23448,12595,34833,15866,28522,9185,9475,13415,21178,11394,31870,374894,251037,21821,4205,117404,0,0,52,27
2021-03-02T23:59:59+01:00,16,20,10779,10835,19880,30418,19997,42621,23242,59632,28342,49635,14529,14340,29103,40534,30967,63228,3983,4075,9475,15106,10330,23183,12491,34400,15765,28215,9059,9373,13277,20991,11317,31725,356702,248636,20310,4204,111215,0,0,51,27
2021-03-01T23:59:59+01:00,14,19,10607,10575,19368,29614,19434,41738,22653,58562,27627,48513,14114,13885,27033,37944,26710,56340,3968,4025,9421,14951,10267,22884,12410,34023,15659,27892,8977,9313,13094,20721,11201,31542,339481,246218,19196,4204,106179,0,0,51,27
2021-02-28T23:59:59+01:00,13,19,10441,10376,18900,28965,18901,41001,22175,57710,27141,47719,13906,13643,26424,37284,26304,55738,3952,4011,9397,14919,10248,22833,12393,33953,15632,27846,8950,9289,12962,20543,11138,31392,337028,245364,18337,4168,101399,0,0,51,27
2021-02-27T23:59:59+01:00,13,18,10262,9861,18571,28098,18642,40214,21890,56726,26812,46925,13630,13342,25755,36479,25381,54318,3940,3999,9376,14898,10216,22785,12354,33871,15587,27773,8928,9273,12943,20521,11117,31372,333112,245008,17615,4019,96312,0,0,51,27
2021-02-26T23:59:59+01:00,12,17,9466,9076,17668,26656,17858,38005,20961,53872,25352,44101,13163,12940,24166,34490,23856,52012,3859,3931,9298,14737,10142,22529,12273,33506,15470,27478,8848,9192,12876,20453,11076,31303,323993,243101,17361,3945,82414,0,0,51,25
2021-02-25T23:59:59+01:00,12,17,8307,8224,16346,25052,16589,35742,19724,50982,23643,41316,12689,12539,22886,32898,22359,49727,3737,3787,9136,14424,9922,21924,12019,32654,15143,26823,8651,9041,12614,20127,10936,31034,316368,238960,16590,3089,66187,0,0,50,23
2021-02-24T23:59:59+01:00,11,16,7942,7700,15691,24016,15959,34504,19010,49465,22850,40116,12293,12203,21578,31398,20678,47100,3665,3720,8996,14132,9745,21470,11816,32028,14881,26285,8510,8904,12471,19954,10871,30823,308113,236186,15624,2159,58883,0,0,50,23
2021-02-23T23:59:59+01:00,11,16,7459,7223,14873,22838,15274,33283,18288,48055,22132,39047,11986,11879,20239,29823,19064,44543,3625,3644,8876,13930,9607,21072,11627,31451,14581,25783,8339,8762,12343,19743,10801,30591,299997,233354,14824,1495,51299,0,0,49,22
2021-02-22T23:59:59+01:00,10,14,7352,7017,14488,22220,14923,32555,17824,47049,21638,38314,11788,11630,19490,28815,17749,42589,3595,3542,8739,13638,9443,20570,11372,30710,14207,25186,8091,8568,12143,19490,10695,30288,294131,230041,14214,309,47207,0,0,47,22
2021-02-21T23:59:59+01:00,10,14,7262,6892,14167,21777,14504,31972,17409,46397,21200,37820,11681,11528,19327,28602,17502,42254,3556,3502,8656,13515,9367,20354,11301,30418,14086,24917,8029,8506,12087,19383,10624,30125,292988,228202,13842,295,43573,0,0,45,22
2021-02-20T23:59:59+01:00,10,14,7145,6842,14042,21697,14388,31837,17290,46247,21042,37639,11582,11444,18545,27684,16444,40784,3554,3496,8646,13507,9357,20333,11287,30393,14073,24906,8024,8497,12022,19319,10570,30057,288731,227819,13645,294,42382,0,0,45,21
2021-02-19T23:59:59+01:00,8,13,6843,6590,13687,21258,14017,31168,16816,45449,20335,36769,10980,11043,17500,26353,15285,39174,3474,3473,8570,13480,9315,20276,11249,30302,14014,24812,7981,8437,11800,19047,10377,29726,282343,226113,13270,293,37756,0,0,42,20
2021-02-18T23:59:59+01:00,8,13,6446,6115,13060,20114,13377,29794,16000,43577,19461,35189,10749,10824,16908,25598,14708,38291,3288,3336,8236,12940,9021,19526,10898,29260,13646,23985,7776,8128,11213,18094,9880,28576,278764,217584,12688,293,28859,0,0,42,19
2021-02-17T23:59:59+01:00,8,12,6280,5772,12614,19233,12888,28603,15300,41855,18814,33862,10520,10573,16151,24784,13931,37101,3039,3176,7896,12424,8720,18735,10528,28216,13254,23135,7542,7893,10656,17241,9442,27758,274096,209434,11956,291,22323,0,0,42,19
2021-02-16T23:59:59+01:00,8,12,5954,5471,12075,18397,12384,27529,14755,40475,18221,32827,10366,10469,15482,23953,13422,36312,2856,3056,7594,11973,8415,18011,10132,27126,12789,22237,7272,7598,9937,16067,8715,26208,270559,199919,11460,135,16167,0,0,40,19
2021-02-15T23:59:59+01:00,8,12,5848,5290,11780,17754,12117,26746,14407,39481,17872,32057,10240,10359,14921,23297,13061,35773,2766,2975,7402,11651,8196,17504,9830,26281,12440,21553,6991,7312,9236,15009,8200,24926,267454,192252,10857,89,12786,0,0,40,18
2021-02-14T23:59:59+01:00,8,12,5579,5175,11531,17483,11893,26310,14173,39035,17681,31780,10195,10308,14687,22958,12896,35380,2716,2937,7288,11486,8067,17298,9654,25949,12262,21251,6895,7188,9015,14625,8012,24390,266452,189014,9921,87,10786,0,0,38,18
2021-02-13T23:59:59+01:00,8,12,5519,5137,11481,17447,11862,26279,14145,39003,17661,31761,10181,10280,14660,22926,12884,35363,2712,2934,7283,11479,8055,17277,9638,25913,12235,21208,6865,7154,8861,14412,7660,23764,266208,187509,9920,9,10557,0,0,37,17
2021-02-12T23:59:59+01:00,8,11,5003,4819,10910,17083,11544,25727,13826,38359,17332,31117,10070,10173,14476,22712,12804,35254,2662,2901,7189,11322,7954,17046,9488,25521,12018,20763,6683,6921,8499,13851,7068,22424,264511,182371,9909,7,6882,0,0,37,17
2021-02-11T23:59:59+01:00,8,10,4541,4518,10323,16403,11131,24921,13346,37095,16842,30258,9755,9912,14194,22263,12524,34568,2494,2627,6589,10129,7266,15309,8627,22906,10966,18682,6032,6206,7452,12232,6253,20104,261281,163933,8266,4,3139,0,0,35,16
2021-02-10T23:59:59+01:00,8,10,4295,4350,9988,15950,10821,24380,13034,36210,16426,29508,9541,9774,14013,22059,12432,34361,2133,2335,5652,8668,6459,13265,7636,19991,9839,16646,5486,5620,6465,10569,5477,18045,258630,144349,7767,3,837,0,0,33,4
2021-02-09T23:59:59+01:00,8,9,4231,4251,9865,15682,10711,23978,12861,35589,16214,29034,9362,9636,13818,21849,12290,34139,1737,1981,4872,7399,5686,11472,6717,17480,8751,14651,4907,4990,5415,9016,4747,15947,256180,125827,6989,1,432,0,0,32,4
2021-02-08T23:59:59+01:00,8,9,4197,4196,9772,15470,10603,23620,12742,35128,16073,28676,9270,9569,13616,21564,12181,33946,1572,1786,4314,6402,5024,9896,5895,14956,7728,12796,4347,4457,4427,7428,3984,13867,253810,108933,6475,1,426,0,0,32,4
2021-02-07T23:59:59+01:00,8,9,4032,4129,9616,15334,10501,23456,12663,34865,15961,28482,9229,9524,13470,21381,12107,33803,1357,1539,3894,5728,4610,9017,5470,13797,7242,11837,4091,4197,4197,7034,3824,13272,252712,101158,5929,1,0,0,0,30,3
2021-02-06T23:59:59+01:00,8,9,4023,4120,9605,15318,10488,23420,12641,34815,15944,28425,9209,9510,13452,21346,12002,33605,1205,1343,3661,5421,4424,8592,5250,13208,6962,11279,3954,4060,4071,6885,3545,12814,252367,96724,5644,1,0,0,0,30,2
2021-02-05T23:59:59+01:00,8,8,3950,4052,9533,15175,10421,23170,12556,34445,15829,28144,9125,9436,13379,21271,11652,33008,1064,1114,3380,4976,4164,8012,4933,12427,6576,10551,3693,3814,3908,6654,3039,11924,250480,90276,4751,0,0,0,0,30,2
2021-02-04T23:59:59+01:00,8,8,3893,3928,9412,14858,10244,22622,12368,33649,15613,27582,9002,9326,13153,20978,11538,32804,799,781,2556,3723,3229,6268,3980,9880,5250,8336,3011,3101,3289,5676,2651,10435,246530,72999,4527,0,0,0,0,28,2
2021-02-03T23:59:59+01:00,8,8,3824,3857,9309,14635,10140,22286,12236,33141,15463,27165,8892,9211,13011,20801,11464,32638,663,613,1928,2808,2495,4839,3007,7588,4017,6286,2199,2234,2403,4209,1924,7826,243805,55067,4355,0,0,0,0,28,2
2021-02-02T23:59:59+01:00,8,8,3757,3762,9209,14442,10041,21905,12094,32577,15261,26712,8767,9097,12888,20590,11382,32373,527,486,1458,2073,1906,3640,2261,5772,2997,4698,1556,1536,1640,2773,1338,5209,240589,39889,4353,0,0,0,0,28,2
2021-02-01T23:59:59+01:00,7,8,3717,3672,9130,14212,9935,21520,11955,31941,15076,26208,8647,8950,12780,20447,11331,32197,392,352,1015,1430,1256,2423,1474,3781,1861,2975,985,979,972,1694,769,3022,237451,25388,4353,0,0,0,0,26,2
2021-01-31T23:59:59+01:00,7,8,3699,3637,9077,14104,9866,21316,11889,31644,14972,26011,8591,8891,12729,20336,11286,32068,362,331,893,1240,1067,2050,1272,3229,1628,2608,887,887,868,1510,698,2716,235963,22252,4238,0,0,0,0,25,2
2021-01-30T23:59:59+01:00,7,8,3698,3634,9067,14091,9852,21293,11876,31624,14960,25997,8587,8886,12660,20267,11219,31991,345,307,833,1156,1010,1927,1208,3039,1553,2471,859,861,849,1470,683,2663,235642,21239,4145,0,0,0,0,25,2
2021-01-29T23:59:59+01:00,7,8,3638,3619,9006,14061,9823,21241,11844,31549,14912,25929,8563,8863,12473,20042,11039,31748,278,224,712,983,866,1567,1053,2649,1342,2146,769,769,800,1415,665,2610,234422,18851,4016,0,0,0,0,22,2
2021-01-28T23:59:59+01:00,7,8,3519,3533,8801,13675,9603,20728,11612,30969,14585,25430,8426,8762,12036,19421,10683,31167,131,57,293,360,378,611,461,1149,611,964,407,425,469,814,382,1580,229632,9094,3408,0,0,0,0,20,1
2021-01-27T23:59:59+01:00,7,8,3288,3398,8508,13259,9302,20104,11229,30133,14198,24695,8210,8551,11485,18614,10258,30404,79,33,202,222,244,415,306,802,432,662,309,311,349,607,287,1158,222924,6419,2797,0,0,0,0,20,1
2021-01-26T23:59:59+01:00,6,8,3122,3300,8226,12922,9039,19534,10924,29376,13801,24063,7974,8329,10907,17698,9610,29252,74,29,187,212,228,381,290,751,401,601,294,285,322,544,260,1028,216206,5888,1954,0,0,0,0,20,1
2021-01-25T23:59:59+01:00,6,8,3034,3206,7944,12441,8749,18828,10538,28374,13321,23300,7692,8128,10288,16881,9154,28351,66,21,167,191,194,325,251,631,349,496,257,240,268,467,211,840,209904,4975,408,0,0,0,0,18,1
2021-01-24T23:59:59+01:00,6,8,2990,3185,7859,12363,8675,18703,10429,28214,13192,23117,7649,8092,10223,16769,9106,28255,65,20,163,187,192,311,248,610,340,482,248,236,266,460,207,825,208598,4861,305,0,0,0,0,18,1
2021-01-23T23:59:59+01:00,6,8,2989,3184,7858,12360,8671,18693,10427,28200,13186,23112,7642,8089,10099,16603,8778,27668,64,20,163,187,191,310,246,610,338,482,248,236,266,460,207,823,207339,4852,303,0,0,0,0,17,1
2021-01-22T23:59:59+01:00,6,8,2927,3138,7734,12247,8588,18551,10317,28030,13105,22997,7612,8056,9901,16301,8260,26644,64,20,162,187,191,310,246,610,337,482,248,236,266,460,207,823,204189,4850,303,0,0,0,0,16,1
2021-01-21T23:59:59+01:00,6,8,2845,2968,7235,11333,8103,17404,9781,26403,12498,21783,7330,7731,9264,15354,7743,25594,58,18,147,173,174,279,221,534,300,442,222,209,235,380,177,691,193146,4261,303,0,0,0,0,16,1
2021-01-20T23:59:59+01:00,6,8,2486,2621,6354,9921,7356,15448,8827,23573,11388,19710,6729,7079,8167,13586,6928,23372,56,18,146,168,171,277,213,520,288,420,210,202,229,355,163,653,173317,4090,300,0,0,0,0,16,1
2021-01-19T23:59:59+01:00,6,8,2046,2267,5455,8533,6496,13557,7806,20789,10120,17476,5974,6198,6782,11401,5907,20319,40,11,97,124,115,171,150,356,189,292,133,115,141,237,114,486,150970,2771,219,0,0,0,0,16,1
2021-01-18T23:59:59+01:00,5,8,1773,1977,4699,7149,5541,11317,6608,17192,8691,14760,5091,5316,5396,9148,4834,16837,21,6,38,46,52,79,66,162,75,146,59,54,66,131,62,220,126292,1283,95,0,0,0,0,16,1
2021-01-17T23:59:59+01:00,4,8,1495,1687,4186,6354,5033,10185,6071,15620,8050,13495,4751,4966,5023,8474,4505,15829,8,2,8,15,15,28,20,51,28,56,23,23,20,31,13,47,115685,387,90,0,0,0,0,15,1
2021-01-16T23:59:59+01:00,4,7,1328,1484,3969,6033,4853,9745,5812,14955,7720,12802,4561,4738,4810,8198,4150,15225,0,0,0,1,1,2,1,1,2,2,0,1,1,0,0,1,110424,12,7,0,0,0,0,14,1
2021-01-15T23:59:59+01:00,4,7,1177,1258,3715,5611,4599,9180,5521,14114,7312,12003,4269,4444,4623,7890,3614,14179,0,0,0,0,0,0,0,0,1,0,0,0,0,0,0,0,103550,0,4,0,0,0,0,14,1
2021-01-14T23:59:59+01:00,3,4,903,945,2969,4422,3734,7363,4577,11368,5916,9655,3467,3575,3882,6662,3127,12361,0,0,0,0,0,0,0,0,1,0,0,0,0,0,0,0,84956,0,0,0,0,0,0,14,1
2021-01-13T23:59:59+01:00,3,3,768,791,2496,3690,3150,6139,3804,9426,4822,7777,2594,2662,2934,5079,2394,9457,0,0,0,0,0,0,0,0,1,0,0,0,0,0,0,0,68007,0,0,0,0,0,0,13,1
2021-01-12T23:59:59+01:00,2,3,636,660,2089,3026,2593,4987,3045,7589,3803,6111,1863,1841,2007,3444,1695,6460,0,0,0,0,0,0,0,0,1,0,0,0,0,0,0,0,51879,0,0,0,0,0,0,1,1
2021-01-11T23:59:59+01:00,1,1,493,524,1741,2449,2080,3985,2358,5766,2823,4431,1198,1139,1203,2022,934,3677,0,0,0,0,0,0,0,0,1,0,0,0,0,0,0,0,36845,0,0,0,0,0,0,1,1
2021-01-10T23:59:59+01:00,1,1,437,455,1480,2024,1740,3262,1949,4781,2347,3713,1056,1014,1058,1775,833,3224,0,0,0,0,0,0,0,0,1,0,0,0,0,0,0,0,31161,0,0,0,0,0,0,1,1
2021-01-09T23:59:59+01:00,1,1,405,410,1356,1847,1595,2972,1795,4332,2162,3382,981,943,999,1721,815,3181,0,0,0,0,0,0,0,0,1,0,0,0,0,0,0,0,28907,0,0,0,0,0,0,1,1
2021-01-08T23:59:59+01:00,1,1,308,281,1107,1503,1317,2303,1477,3552,1792,2765,847,835,911,1598,767,3027,0,0,0,0,0,0,0,0,1,0,0,0,0,0,0,0,24399,0,0,0,0,0,0,1,1
2021-01-07T23:59:59+01:00,1,0,145,76,398,507,481,789,596,1369,782,1206,467,482,562,963,466,1912,0,0,0,0,0,0,0,0,1,0,0,0,0,0,0,0,11204,0,0,0,0,0,0,0,1
2021-01-06T23:59:59+01:00,1,0,110,44,268,285,308,513,400,929,532,826,359,362,425,749,359,1445,0,0,0,0,0,0,0,0,1,0,0,0,0,0,0,0,7917,0,0,0,0,0,0,0,1
2021-01-05T23:59:59+01:00,1,0,86,31,189,230,241,427,321,819,449,704,343,346,408,716,352,1391,0,0,0,0,0,0,0,0,1,0,0,0,0,0,0,0,7056,0,0,0,0,0,0,0,1
2021-01-04T23:59:59+01:00,1,0,68,25,172,193,199,334,257,636,355,512,268,253,288,518,235,933,0,0,0,0,0,0,0,0,1,0,0,0,0,0,0,0,5248,0,0,0,0,0,0,0,1
2021-01-03T23:59:59+01:00,1,0,66,21,166,188,194,319,255,621,345,495,260,251,284,505,233,916,0,0,0,0,0,0,0,0,1,0,0,0,0,0,0,0,5121,0,0,0,0,0,0,0,1
2021-01-02T23:59:59+01:00,1,0,66,21,166,188,194,319,252,621,342,495,260,251,284,505,233,915,0,0,0,0,0,0,0,0,1,0,0,0,0,0,0,0,5114,0,0,0,0,0,0,0,1
2021-01-01T23:59:59+01:00,1,0,65,21,165,188,194,318,251,621,339,493,260,251,284,504,233,915,0,0,0,0,0,0,0,0,1,0,0,0,0,0,0,0,5104,0,0,0,0,0,0,0,1
2020-12-31T23:59:59+01:00,1,0,65,21,165,186,194,317,250,620,338,492,260,251,284,504,233,915,0,0,0,0,0,0,0,0,1,0,0,0,0,0,0,0,5097,0,0,0,0,0,0,0,1
2020-12-30T23:59:59+01:00,1,0,64,21,165,185,192,314,250,618,338,490,260,251,284,504,232,915,0,0,0,0,0,0,0,0,1,0,0,0,0,0,0,0,5085,0,0,0,0,0,0,0,1
2020-12-29T23:59:59+01:00,1,0,45,12,117,140,143,212,182,443,238,376,179,164,196,375,171,715,0,0,0,0,0,0,0,0,1,0,0,0,0,0,0,0,3710,0,0,0,0,0,0,0,1
2020-12-28T23:59:59+01:00,1,0,24,8,64,77,80,122,101,252,118,231,98,93,103,200,103,388,0,0,0,0,0,0,0,0,1,0,0,0,0,0,0,0,2064,0,0,0,0,0,0,0,1
2020-12-27T23:59:59+01:00,0,0,11,3,17,26,36,47,36,89,37,94,32,29,40,73,32,145,0,0,0,0,0,0,0,0,0,0,0,0,0,0,0,0,747,0,0,0,0,0,0,0,0
