Datum,<24_1_m,<24_1_w,25-34_1_m,25-34_1_w,35-44_1_m,35-44_1_w,45-54_1_m,45-54_1_w,55-64_1_m,55-64_1_w,65-74_1_m,65-74_1_w,75-84_1_m,75-84_1_w,>84_1_m,>84_1_w,<24_2_m,<24_2_w,25-34_2_m,25-34_2_w,35-44_2_m,35-44_2_w,45-54_2_m,45-54_2_w,55-64_2_m,55-64_2_w,65-74_2_m,65-74_2_w,75-84_2_m,75-84_2_w,>84_2_m,>84_2_w,bp_1,bp_2,mo_1,mo_2,az_1,az_2,ja
2021-07-03T23:59:59+02:00,188448,183486,300341,280364,334214,332139,407943,421857,471372,478370,332458,372103,237110,303379,70218,128325,71246,71531,141890,145098,169887,188040,257199,286192,343856,363069,282994,318561,218474,279310,65769,119517,3447201,2323333,478473,314668,797056,564963,119877
2021-07-02T23:59:59+02:00,184010,179307,298208,278396,332629,330571,406769,420754,470664,477734,332220,371809,237001,303215,70195,128280,68760,69053,138420,142226,165949,184490,251771,281387,339214,358841,279852,314989,217878,278576,65724,119442,3430903,2293304,477038,312208,796888,553855,117413
2021-07-01T23:59:59+02:00,179411,175084,294365,275248,330231,328380,405050,419234,469620,476816,331827,371376,236819,302961,70153,128207,63962,64405,132428,137179,159032,178297,242089,273012,328861,349480,275214,309880,216114,276431,65553,119152,3409237,2238790,475020,301126,796555,536931,114450
2021-06-30T23:59:59+02:00,175765,171720,289006,270810,326672,325131,403327,417758,468636,475873,331422,370913,236634,302673,70121,128127,60966,61637,127060,132721,152662,172565,232362,264170,316472,337313,270236,304599,214269,274173,65389,118846,3385030,2187163,472948,288938,796279,518736,110811
2021-06-29T23:59:59+02:00,171516,167537,284573,266627,323193,321884,401269,415718,467131,474492,330841,370289,236387,302323,70067,128021,58172,58640,122259,128446,146822,167132,220672,253605,308055,329081,263917,297533,212337,271749,65195,118516,3358057,2128837,470997,284425,795964,501747,107330
2021-06-28T23:59:59+02:00,167850,163772,279684,262407,319947,319077,399170,413820,465672,473212,330332,369694,236158,302018,70024,127927,55893,56303,118442,125027,142569,163141,211559,245294,302345,323751,259009,292285,210584,269537,65050,118258,3334677,2093734,467063,275977,795334,485373,104170
2021-06-27T23:59:59+02:00,166246,162161,277634,260638,318168,317565,397510,412474,464810,472524,330048,369408,236058,301864,70006,127879,54718,55204,116379,123368,140065,161056,207535,241983,299055,320926,255236,288330,208138,266642,64940,118072,3324896,2078627,465036,272574,794305,469416,101236
2021-06-26T23:59:59+02:00,161902,157788,275572,258785,315795,315363,396341,411339,464123,471840,329788,369127,235954,301707,69982,127849,54178,54623,115093,122262,138681,159855,205342,240033,296600,318589,253722,286694,207809,266238,64914,118003,3306083,2062298,462247,272502,794300,466937,101104
2021-06-25T23:59:59+02:00,156441,152440,272226,255877,313765,313419,395055,410107,463133,471023,329504,368798,235833,301558,69955,127801,52888,53000,112648,119600,134656,155354,196670,231662,290964,312785,252030,284615,207232,265453,64843,117887,3281420,2020270,460848,270844,794260,460490,100886
2021-06-24T23:59:59+02:00,151281,147609,267512,252029,309567,309702,392937,408284,461792,469925,329094,368341,235669,301330,69922,127717,50279,50436,107620,114964,127463,148818,184813,221332,279641,302645,246718,278839,205417,263131,64641,117490,3250878,1959005,458888,259233,794101,446888,99323
2021-06-23T23:59:59+02:00,147963,144381,263891,248952,304424,304996,390478,405981,460414,468632,328574,367732,235443,301022,69876,127614,48371,48372,103881,111134,121864,143235,175042,212767,267874,290915,242206,274141,204098,261454,64482,117131,3223936,1903852,455413,249464,793946,436293,97557
2021-06-22T23:59:59+02:00,144699,141080,260250,245626,298400,299656,387885,403467,458894,467176,328036,367140,235227,300674,69829,127509,46683,46629,100347,107873,117141,138712,162552,201718,257079,280713,238200,269722,202203,259070,64233,116664,3192395,1846044,453530,241812,793764,425544,96337
2021-06-21T23:59:59+02:00,141198,137930,255638,241800,293220,294849,384890,400637,457440,465833,327521,366588,235003,300369,69788,127400,45469,45422,97988,105683,114428,136041,156391,195999,250249,274128,232916,263948,198317,254590,64049,116295,3161115,1815387,451516,236333,793547,405987,94403
2021-06-20T23:59:59+02:00,139585,136355,251670,238546,290750,292703,383528,399349,456671,465112,327308,366322,234895,300239,69768,127341,44404,44548,95855,103978,112271,134154,153476,193564,246033,270140,230042,260566,197370,253386,63968,116176,3144568,1795901,449779,232860,793373,398469,92898
2021-06-19T23:59:59+02:00,137049,133943,248961,236268,289002,291094,381711,397804,455836,464383,327089,366075,234792,300104,69749,127309,43879,43917,94616,102749,110832,132726,152008,192152,242846,267157,229339,259730,197203,253128,63946,116123,3128470,1780235,446993,231297,793367,398202,92813
2021-06-18T23:59:59+02:00,132866,129922,245513,233275,285088,287774,379361,395717,454507,463226,326717,365682,234639,299871,69723,127260,43113,43030,93075,101003,108577,130099,148527,188183,236125,260049,227641,257752,196722,252498,63871,115990,3103040,1751546,442689,230792,793339,391567,92546
2021-06-17T23:59:59+02:00,128982,126472,239673,228943,280027,283459,374663,391776,452249,461420,326136,364977,234404,299517,69658,127148,40918,41234,89121,97604,103813,125423,140787,180602,224877,248786,222497,251892,195091,250364,63613,115573,3068799,1696533,439740,226717,793089,380790,88349
2021-06-16T23:59:59+02:00,125559,122919,234842,224661,275382,279238,369564,387338,449692,459311,325420,364192,234119,299109,69593,127035,39121,39670,85625,94625,99523,121657,132625,173349,212884,236990,216333,244864,193191,248062,63361,115084,3035837,1637364,434261,221168,792575,372853,85772
2021-06-15T23:59:59+02:00,120311,117784,228929,219592,270099,274311,364544,382751,446880,456923,324566,363231,233775,298598,69513,126853,37515,38085,82346,91635,95605,117671,125661,167037,200638,225079,210364,238132,191256,245660,63051,114521,2991638,1580636,432358,215414,792024,365289,83108
2021-06-14T23:59:59+02:00,116045,113403,223753,214730,264787,269386,359309,378033,443779,454357,323785,362384,233464,298211,69451,126734,36574,37207,80120,89586,92941,115200,121611,163355,194118,218643,207291,234662,190137,244207,62838,114136,2949875,1551389,430034,213209,791764,357813,80404
2021-06-13T23:59:59+02:00,114499,111958,221335,212651,262283,267155,357074,376097,442612,453326,323510,362081,233330,298045,69420,126661,35728,36489,78291,87943,90964,113415,118810,160779,190330,214985,204245,231266,189109,242848,62608,113727,2935047,1537612,427614,206030,791447,349689,78394
2021-06-12T23:59:59+02:00,111725,109097,219463,210938,260917,265890,355658,374705,441726,452561,323226,361778,233238,297943,69402,126634,35362,36090,77313,86866,89734,112149,117268,159244,186822,211716,203229,230161,187726,241208,62598,113698,2919027,1524648,426642,206024,791420,342422,78276
2021-06-11T23:59:59+02:00,109067,106484,216593,208344,257294,262739,352552,371996,440018,451090,322790,361329,233106,297737,69374,126579,34699,34986,75342,83540,87533,108649,113213,154151,180202,204342,201153,227807,187127,240447,62537,113600,2894848,1497463,423871,205355,791232,329091,77603
2021-06-10T23:59:59+02:00,104207,101971,210600,203648,250314,256978,346543,366750,435578,447361,321937,360366,232789,297289,69291,126430,33132,33517,71395,79424,82666,103214,106615,146041,167999,190826,195138,220971,185414,238328,62287,113199,2851691,1450860,416884,203645,790387,302297,73548
2021-06-09T23:59:59+02:00,100241,98222,204831,198982,243626,251347,339957,360853,431940,444368,321275,359629,232524,296915,69227,126300,31614,32282,68203,76799,79012,100090,101957,141823,156988,180189,184602,209080,183561,236092,62016,112709,2813211,1397360,408659,199742,789876,291154,68945
2021-06-08T23:59:59+02:00,95578,93567,198285,193483,236711,245385,331769,353637,426885,439739,320448,358637,232155,296434,69147,126164,30550,31440,65636,74532,75773,97391,97420,137957,149475,172775,175969,199448,181766,233869,61784,112344,2761736,1358512,402938,194858,789310,280453,64488
2021-06-07T23:59:59+02:00,92237,90354,192288,188816,230199,240192,323978,347504,423863,437317,319913,358011,231942,296108,69093,126069,29694,30604,63198,72605,72841,95253,93691,135051,141469,165048,171971,194871,180364,232080,61568,111967,2723030,1331635,396853,191609,788741,269508,59703
2021-06-06T23:59:59+02:00,90647,89016,189033,186306,226884,237460,319743,344127,422451,436247,319645,357724,231831,295948,69069,126023,29103,30056,61452,70947,70789,93280,90554,132026,135845,159323,169465,192270,179266,230690,61340,111590,2707804,1319919,389529,182039,788239,259191,57023
2021-06-05T23:59:59+02:00,88634,86907,184192,182094,224422,235314,317931,342483,421448,435311,319355,357399,231682,295781,69055,125991,28658,29334,60286,69054,69416,91184,88899,129825,131141,154051,166487,188637,178787,230037,61306,111525,2684499,1296482,389413,181572,787860,254079,56668
2021-06-04T23:59:59+02:00,86221,84337,180576,178528,220460,231398,314377,338892,419096,433136,318900,356870,231491,295552,69017,125928,28202,28672,59195,67429,68164,89139,87158,127249,127828,150432,162271,183901,177806,228778,61258,111439,2655526,1277914,385637,180809,787737,244052,56319
2021-06-03T23:59:59+02:00,82881,81225,174891,173931,213266,225373,306761,332255,411403,426315,317882,355711,231123,295110,68962,125798,27322,27672,57328,65285,65825,86447,83576,123202,121151,143811,155977,176366,176250,226769,61145,111202,2607075,1249025,375453,175575,787310,231410,53485
2021-06-02T23:59:59+02:00,80798,79035,170901,170298,209692,222304,303240,328971,409388,424501,317477,355266,230971,294906,68934,125749,26875,27203,56227,64206,64294,85214,81563,121305,116233,138970,148141,167452,175537,225819,61060,111032,2578786,1217128,374079,173619,787277,227827,52722
2021-06-01T23:59:59+02:00,76492,75185,162725,163814,200448,214659,294219,321167,401240,416729,315978,353672,230435,294181,68823,125525,25339,25798,51964,61295,59524,81979,76211,116871,108877,131831,137107,154138,173448,223103,60853,110608,2520659,1167444,362541,169554,786531,216119,45988
2021-05-31T23:59:59+02:00,73751,72706,157113,159539,193195,208748,286879,314846,395526,411778,314991,352572,230054,293670,68733,125354,24438,24762,49398,59127,56421,79508,72673,113655,104447,127453,133000,149286,172089,221399,60684,110279,2480441,1145249,353207,167321,785909,205883,40324
2021-05-30T23:59:59+02:00,72701,71648,154674,157542,190621,206425,284149,312359,393656,410054,314637,352168,229895,293434,68696,125274,23850,24003,47844,57441,54729,77700,70508,111156,101831,124630,130862,146789,171306,220477,60592,110071,2464731,1135616,350715,166020,785302,194699,37610
2021-05-29T23:59:59+02:00,72100,71063,153177,156150,188343,204410,282319,310782,392816,409277,314416,351924,229816,293356,68685,125256,23529,23485,46939,55956,53400,75834,68602,108331,99539,121857,128080,143389,170657,219574,60565,110019,2450924,1122145,350576,165959,785223,184217,37590
2021-05-28T23:59:59+02:00,71020,69952,150817,153905,184731,200911,279078,307661,390976,407518,314006,351426,229670,293144,68666,125199,23008,22489,45347,53851,51592,73300,66584,104417,95255,116004,123746,138378,169688,218270,60519,109906,2427346,1099764,349538,165746,784997,169775,37221
2021-05-27T23:59:59+02:00,67716,66951,144373,149002,176598,194692,272734,302535,384701,401876,312751,349996,229212,292614,68598,125017,21699,20818,42128,50824,47748,69531,62074,98464,88951,108550,119868,133807,166910,214593,60347,109594,2383081,1071576,341978,163032,783211,149933,31513
2021-05-26T23:59:59+02:00,65584,64795,139454,144950,170543,189667,266020,296894,377991,395215,311243,348401,228727,291926,68498,124807,20970,19916,40324,48703,45413,66814,59072,94696,84406,103484,114940,128132,163143,209284,60140,109170,2346060,1039924,328848,161477,781419,138552,28800
2021-05-25T23:59:59+02:00,63564,62824,135289,141493,165524,185401,258995,290648,372596,389863,309977,347013,228327,291283,68417,124631,20406,19262,38939,47205,43607,64810,56628,91735,80379,99152,110064,122493,157656,202106,59975,108870,2308780,1008760,321384,158081,778907,129409,27183
2021-05-24T23:59:59+02:00,62343,61634,132564,139425,162272,183014,252100,284705,367696,385208,309165,346100,228041,290904,68347,124504,20068,18867,37932,46149,42282,63345,54982,89749,78169,96672,108670,120858,157059,201332,59867,108674,2285242,999577,310394,156801,777140,122792,25651
2021-05-23T23:59:59+02:00,61844,61121,131476,138549,161085,181987,250866,283691,366116,383785,308557,345443,227870,290682,68327,124468,19843,18689,37394,45606,41545,62665,53841,88771,76707,95331,107512,119479,156086,200121,59801,108537,2273827,991567,309827,153758,777090,121221,25528
2021-05-22T23:59:59+02:00,61152,60502,130010,137494,158737,180382,247923,281419,363652,381584,308035,344850,227694,290416,68302,124418,19528,18271,36790,45013,40910,62146,53198,88054,75951,94200,105971,117690,155322,199154,59774,108483,2256042,984943,309809,153757,777047,117826,24074
2021-05-21T23:59:59+02:00,59848,59076,127154,134937,155522,177104,242775,276702,357610,375930,307105,343765,227398,290019,68242,124311,19170,17910,36183,44253,40270,61108,52256,86673,74257,91936,102762,113774,154193,197717,59683,108309,2220436,972082,308183,153436,775484,111288,23793
2021-05-20T23:59:59+02:00,56806,56300,121451,130100,148632,170822,232518,267988,348623,367684,304578,341035,226636,289017,68110,124095,17883,16980,34029,42017,37841,58234,49454,82934,70354,87474,98686,109199,151761,194733,59507,107955,2162740,952996,301579,151512,769552,93760,20915
2021-05-19T23:59:59+02:00,54610,54120,116467,125450,141510,164255,222027,258672,338141,356850,301954,338181,225894,287981,67962,123819,17309,16203,32817,40444,36448,56190,47461,80179,67141,83920,94836,104767,148153,190036,59247,107463,2097212,929786,295355,149559,766617,84315,19092
2021-05-18T23:59:59+02:00,52537,52166,111711,121217,135190,158710,210503,248338,328320,347110,299294,335223,225023,286789,67811,123564,16795,15608,31626,39003,35112,54416,45672,77799,64271,80712,90859,100265,144982,185998,59037,107028,2037613,909715,286084,146722,763064,75762,17121
2021-05-17T23:59:59+02:00,51511,51182,109400,119185,132422,156082,204027,242376,320797,340069,297520,333264,224440,285973,67704,123356,16365,15172,30603,37971,33967,53145,44209,76023,62047,78340,86058,94449,143530,184124,58887,106713,2011012,898197,273908,139299,759692,69171,15071
2021-05-16T23:59:59+02:00,50735,50527,107975,117874,130688,154429,201085,239711,313384,333144,296504,332137,224133,285491,67652,123259,16086,14804,29865,37201,33102,52233,43162,74725,60732,76885,82661,90411,142748,183054,58802,106576,1995764,892200,263523,132578,756482,65070,13332
2021-05-15T23:59:59+02:00,50211,49925,106985,116904,129685,153328,199168,237800,309849,329961,295890,331450,223939,285221,67632,123195,15949,14648,29613,36900,32819,51808,42686,74086,59901,75918,82072,89604,142236,182394,58767,106530,1979751,887037,263507,132433,755620,63959,12635
2021-05-14T23:59:59+02:00,48972,48516,104755,114828,126117,149903,191016,230782,303579,324115,294920,330318,223652,284775,67585,123101,15451,14227,28837,36092,32060,50628,41617,72319,58350,73981,80184,87131,141631,181412,58727,106443,1942763,877503,261837,131559,751099,58557,11602
2021-05-13T23:59:59+02:00,47066,46580,100952,111628,121437,145814,181046,222245,293012,314349,291957,326902,222841,283637,67485,122895,14594,13786,27990,35400,31302,49739,40685,71247,56859,72431,76438,82818,138892,177829,58617,106229,1891396,865077,253296,124573,744919,54739,10596
2021-05-12T23:59:59+02:00,46162,45879,99047,110208,119395,144169,178512,220147,288286,309041,290794,325632,222599,283316,67447,122810,14432,13637,27678,35186,30907,49455,40248,70876,56335,71871,75126,81229,138125,176715,58531,106069,1868422,859471,251144,122808,744437,54470,9799
2021-05-11T23:59:59+02:00,43937,44413,95061,107156,113627,139459,165213,208926,276697,298337,287411,321741,221646,281919,67298,122513,14010,13076,26680,33775,29794,47680,38967,68622,54645,69625,72073,77672,136785,174900,58374,105713,1809860,847348,241498,120149,736005,46677,8345
2021-05-10T23:59:59+02:00,42698,43451,92489,105173,110398,136844,156861,201939,268868,291257,285244,319303,221072,281060,67173,122274,13674,12635,25929,32794,29011,46434,37987,66779,53437,67900,70007,75141,135647,173399,58255,105427,1774464,838557,235485,119113,729115,39525,7389
2021-05-09T23:59:59+02:00,41586,42683,89838,103445,107757,135089,151877,198544,263391,286363,284013,317923,220696,280532,67108,122129,13366,12421,25244,32132,28287,45635,37204,65828,52505,66955,68786,73745,135056,172574,58201,105297,1755301,834034,228428,118127,723186,34795,6406
2021-05-08T23:59:59+02:00,41296,42388,89000,102720,106692,134259,150460,197346,260870,284329,283515,317381,220576,280353,67092,122097,13265,12360,25116,32043,28142,45508,37017,65638,52173,66643,67840,72834,133999,171219,58154,105204,1743433,829476,227923,117388,722967,34020,6397
2021-05-07T23:59:59+02:00,40375,41680,87092,101401,103897,132071,145887,193586,254715,278899,282191,315797,220230,279895,67040,121974,12522,11877,24299,31321,27388,44458,36157,64385,51001,65142,65606,70166,131798,168425,58065,105026,1718019,819911,224736,115155,718870,27248,5448
2021-05-06T23:59:59+02:00,37744,39965,82386,97961,97955,127351,135776,185118,238354,264550,277095,310033,218944,278216,66866,121658,11839,11362,23370,30220,26401,43117,34807,62389,49275,63183,63130,67069,129715,165694,57952,104807,1652721,808930,214885,112077,708159,18909,4539
2021-05-05T23:59:59+02:00,35868,38777,78762,95389,93389,123722,127989,178616,223663,250567,270927,302910,217375,276230,66620,121135,11611,11089,22842,29499,25807,42198,33889,60998,48135,61781,60553,63986,126811,162032,57854,104559,1586743,796813,209843,108540,702214,14949,3467
2021-05-04T23:59:59+02:00,34778,37678,76053,93093,89907,120694,122449,173901,213086,240331,265456,296473,215939,274390,66412,120666,11451,10889,22444,28964,25355,41442,33189,59929,47049,60523,57856,60837,124463,159117,57704,104326,1537861,785091,204749,105927,696203,11826,2818
2021-05-03T23:59:59+02:00,33915,36630,73785,91291,87045,118358,118027,170275,206469,234346,262193,292624,215141,273311,66291,120372,11211,10622,22058,28395,24884,40749,32514,58968,46032,59390,55095,57513,120717,154246,57448,103891,1506246,769365,201647,104232,691324,9081,1177
2021-05-02T23:59:59+02:00,33572,36315,72623,90398,85595,117270,115619,168421,203391,231849,261237,291538,214853,272902,66226,120264,11145,10554,21874,28188,24662,40466,32179,58566,45581,58920,53912,56069,117679,150592,57365,103761,1495704,764414,198865,98720,687507,8187,314
2021-05-01T23:59:59+02:00,33258,35944,71865,89613,84529,116234,114162,167066,200323,228823,260550,290720,214645,272621,66215,120226,11132,10539,21821,28159,24604,40430,32120,58509,45499,58845,53672,55778,117521,150397,57356,103744,1480692,763115,198864,98681,687244,8142,310
2021-04-30T23:59:59+02:00,32714,35343,70663,88407,83076,114519,110411,163524,192970,221735,258563,288358,214196,272015,66155,120120,10814,10346,21462,27888,24331,40009,31797,57949,45041,58219,52781,54618,116574,149215,57302,103627,1447968,759463,198540,96705,686459,5812,115
2021-04-29T23:59:59+02:00,31226,34404,67780,86409,79473,111936,105330,159445,180226,210238,250665,279277,213003,270391,66021,119774,10512,10137,20991,27443,23909,39513,31225,57211,44248,57294,50964,52440,114737,146997,57202,103434,1393385,750720,191267,94045,681161,3519,95
2021-04-28T23:59:59+02:00,29996,33797,65926,85109,77000,110129,101926,156610,170583,201094,239841,266715,211727,268709,65824,119448,10331,9983,20696,27096,23553,39048,30812,56561,43524,56478,48861,49843,112176,143785,57080,103223,1340902,741279,187935,89530,675837,2294,68
2021-04-27T23:59:59+02:00,29246,33119,64367,83655,75032,108337,99201,154236,165900,196399,231375,256943,210588,267102,65705,119226,10210,9875,20417,26808,23320,38726,30461,56069,42848,55796,46867,47313,109544,140374,56963,103024,1307079,731543,185647,85545,667943,1581,67
2021-04-26T23:59:59+02:00,28820,32743,63283,82784,73555,107189,96945,152544,157329,188423,227196,252116,209883,266115,65615,119029,10119,9788,20208,26628,23086,38510,30170,55738,42245,55226,45078,45186,107664,137907,56868,102871,1278305,723673,184213,82473,661288,1202,64
2021-04-25T23:59:59+02:00,28573,32506,62512,82270,72502,106464,95236,151332,152039,183594,222904,247281,209299,265342,65550,118908,10064,9755,20131,26556,23002,38431,30062,55614,42086,55067,44666,44691,106989,137002,56840,102801,1265676,722027,178082,80714,652789,1073,63
2021-04-24T23:59:59+02:00,28231,32080,61582,81059,71324,105028,93700,149684,147165,178471,220128,243965,208830,264673,65516,118858,10050,9738,20090,26517,22954,38367,29983,55530,41937,54932,44429,44384,106741,136709,56819,102773,1240940,720957,178059,80022,651529,1031,62
2021-04-23T23:59:59+02:00,27488,31465,60032,79562,69549,103018,91129,147067,142426,174109,215592,238443,208178,263683,65454,118743,10000,9679,19981,26432,22823,38220,29751,55326,41576,54605,43813,43629,105687,135435,56663,102499,1216217,717637,176887,77561,643064,979,61
2021-04-22T23:59:59+02:00,26876,30865,58514,78134,67094,100822,87030,143596,134421,166658,206591,227483,206140,261055,65257,118348,9874,9583,19736,26142,22475,37790,29240,54815,40822,53970,42651,42307,103705,133000,56435,102102,1174863,710232,169468,73620,634779,853,61
2021-04-21T23:59:59+02:00,26392,30348,57198,77039,65228,99210,84015,140968,127272,159876,193564,212198,203995,258171,65032,117925,9746,9498,19508,25899,22193,37474,28892,54372,40278,53443,41813,41295,101534,130238,56186,101694,1123590,703768,166599,69570,628465,783,61
2021-04-20T23:59:59+02:00,25969,29883,56050,75903,63575,97641,81489,138408,122215,154842,182131,198799,201576,255049,64800,117504,9648,9409,19293,25714,21902,37209,28491,53968,39745,52913,41006,40371,99332,127272,55852,101159,1081177,696309,163125,66328,621754,706,60
2021-04-19T23:59:59+02:00,25610,29530,55096,75089,62304,96475,79382,136495,118715,151483,176423,191988,199873,252831,64620,117177,9542,9319,19067,25500,21663,36943,28184,53584,39248,52392,40215,39468,96253,123320,55448,100452,1056771,686043,161306,63944,615236,671,59
2021-04-18T23:59:59+02:00,25307,29271,54330,74547,61184,95538,77542,135084,115374,149103,171345,186472,198864,251607,64512,116987,9470,9245,18882,25330,21488,36779,27971,53311,38991,52145,39891,39086,95042,121782,55267,100157,1042888,682216,159642,62022,604755,659,59
2021-04-17T23:59:59+02:00,25198,29179,53960,74353,60672,95188,76893,134488,114531,148368,167115,181607,198330,250883,64477,116922,9425,9187,18744,25145,21302,36549,27748,53038,38728,51880,39597,38767,94287,120858,55203,100075,1032043,678241,159615,61709,600723,643,59
2021-04-16T23:59:59+02:00,24829,28932,52979,73754,59400,94313,75285,133166,110417,144253,159519,172880,196683,248680,64368,116714,9220,9015,18361,24727,20730,35982,26669,52153,36743,50305,36349,35901,91143,117387,54801,99421,1006283,663452,158835,54907,591270,607,59
2021-04-15T23:59:59+02:00,24353,28479,51739,72592,57456,92596,72035,130336,104962,138996,151690,163943,192040,242819,64074,116097,9047,8855,17995,24308,20240,35328,25996,51366,35366,49083,34263,33901,88064,113683,54296,98566,974189,650503,156785,49359,573446,555,58
2021-04-14T23:59:59+02:00,24009,28153,50808,71659,56119,91212,69663,128186,100993,135244,142528,153601,184313,232951,63735,115433,8644,8590,17522,23807,19711,34690,25091,50494,34091,47969,32237,31767,85104,110061,53807,97711,936416,635748,154122,45152,558281,457,57
2021-04-13T23:59:59+02:00,23776,27938,50120,71123,55187,90397,68037,126789,97278,131829,130745,140517,177946,224638,63395,114846,8411,8421,17183,23406,19293,34165,24435,49703,33033,46966,30862,30415,83000,107714,53452,97172,903314,626584,149619,40774,541840,334,57
2021-04-12T23:59:59+02:00,23569,27754,49576,70619,54332,89671,66594,125510,94668,129512,123665,132520,174727,220696,63126,114356,8176,8237,16830,23113,18930,33733,23970,49171,32368,46348,29348,28886,81347,105784,53127,96652,886980,618226,148095,37533,526029,320,57
2021-04-11T23:59:59+02:00,23399,27596,49058,70199,53608,89221,65469,124711,92825,128042,118202,126535,170815,216106,62958,114062,8046,8103,16534,22835,18615,33429,23614,48792,31925,45967,28715,28225,80331,104544,52919,96335,879563,612968,143699,35711,509753,308,56
2021-04-10T23:59:59+02:00,23339,27543,48893,70069,53412,89066,65149,124445,92306,127609,116128,124015,169384,214260,62917,113961,7463,7501,15647,22057,17661,32592,22495,47763,30816,44976,28057,27513,78245,101944,52652,95900,872606,597702,142851,35333,507249,304,54
2021-04-09T23:59:59+02:00,23094,27297,48399,69584,52779,88389,64164,123324,90489,125710,107341,113108,166019,209867,62717,113605,6505,6605,14127,20739,15946,31042,20366,45805,28623,42979,26289,25701,74758,97782,52112,95062,853278,570380,135830,33828,496990,291,49
2021-04-08T23:59:59+02:00,22802,27055,47823,69099,52037,87693,62870,122250,88084,123550,97074,101166,160504,203040,62392,113041,5866,6022,12945,19730,14691,29712,18734,44107,26135,40650,23287,22748,70138,92052,50980,93318,834715,539033,126973,31889,479009,252,44
2021-04-07T23:59:59+02:00,22491,26829,47024,68648,51120,87096,61491,121276,84971,121121,87931,90938,153525,194279,62100,112480,5487,5703,12292,19059,13881,28890,17696,43066,24236,38760,20758,20236,66204,87308,49992,91710,814429,515694,121400,29424,457708,218,40
2021-04-06T23:59:59+02:00,22283,26672,46502,68270,50537,86580,60465,120501,82874,119382,80188,82166,147189,186337,61758,111853,5298,5547,11947,18711,13535,28465,17163,42511,23381,37957,19639,19211,63066,83236,49075,90338,795228,502430,118200,26504,440345,206,38
2021-04-05T23:59:59+02:00,22187,26548,46194,67931,50159,86182,59923,119813,81700,118230,75729,77095,142204,180253,61556,111537,5160,5408,11686,18461,13242,28153,16846,42143,22938,37497,19177,18743,60211,79697,48380,89275,785843,493162,116458,23715,425154,201,36
2021-04-04T23:59:59+02:00,22140,26491,46076,67667,49991,85870,59648,119313,81196,117603,74296,75394,141505,179279,61519,111455,5158,5402,11671,18449,13231,28137,16829,42127,22844,37425,18771,18420,58778,77855,48176,88964,783326,488394,116359,23714,419975,193,33
2021-04-03T23:59:59+02:00,22078,26411,45954,67561,49830,85695,59332,119003,80629,117030,72956,73765,140393,177744,61436,111307,5150,5395,11658,18431,13208,28117,16795,42081,22739,37354,18636,18271,58428,77298,48087,88820,776989,486626,116318,23714,418034,193,32
2021-04-02T23:59:59+02:00,22003,26329,45796,67398,49614,85449,58866,118554,79755,116221,71404,71888,138122,174770,61239,110949,5133,5359,11613,18392,13155,28036,16709,41935,22469,36880,18281,17912,56097,74425,47278,87728,767915,478199,114549,23075,416110,193,31
2021-04-01T23:59:59+02:00,21802,26123,45382,66880,48981,84714,57996,117619,77876,114560,68152,68472,134056,169614,60921,110384,4990,5220,11348,18132,12933,27803,16388,41628,21972,36442,17476,17176,51298,68423,45611,85277,756313,460297,108482,21710,408955,178,27
2021-03-31T23:59:59+02:00,21475,25904,44982,66363,48494,84069,57275,116684,76728,113324,66118,66164,129319,163511,60518,109662,4912,5170,11253,18015,12777,27655,16156,41361,21384,35935,16354,16280,46115,62038,44242,83308,746599,442088,101353,20769,402859,169,24
2021-03-30T23:59:59+02:00,21304,25684,44587,65748,47995,83275,56575,115634,75597,111959,64288,64150,124951,157774,60052,108763,4844,5087,11151,17891,12587,27467,15834,41039,20816,35389,15526,15480,43372,58644,43133,81524,736467,430307,97146,19414,394946,135,20
2021-03-29T23:59:59+02:00,21107,25445,44132,65199,47522,82586,55842,114564,74389,110532,61815,61419,118239,149157,59282,107370,4749,5019,11047,17784,12436,27303,15588,40722,20361,34924,14878,14943,40793,55668,42031,79712,716023,419167,93735,18741,389064,121,20
2021-03-28T23:59:59+02:00,20904,25158,43637,64517,47009,81850,55167,113565,73453,109435,60562,59991,113550,143199,58838,106614,4695,4961,10902,17642,12187,27006,15397,40476,20195,34695,14643,14702,39720,54263,41683,79178,709523,414901,86449,17419,381699,96,20
2021-03-27T23:59:59+01:00,20788,25004,43345,64155,46651,81324,54671,112876,72792,108703,59422,58920,112074,141497,58771,106535,4682,4949,10875,17623,12169,26977,15038,40053,19799,34259,14351,14490,39236,53580,41210,78363,704302,410869,85753,16767,377694,89,20
2021-03-26T23:59:59+01:00,20537,24495,42549,62462,45692,79313,53343,109866,70792,105113,57418,57047,109330,138274,58445,106022,4662,4916,10852,17572,12100,26887,14960,39944,19465,33676,13886,13844,36184,49755,39157,75129,692978,396435,82456,16550,365482,75,20
2021-03-25T23:59:59+01:00,20105,23824,41679,60707,44607,76767,51836,106358,68409,101361,54835,54419,106029,134315,57874,105034,4616,4864,10762,17470,11982,26747,14779,39728,19194,33373,13412,13359,32355,44736,36172,70617,681590,378207,78268,15958,348518,71,19
2021-03-24T23:59:59+01:00,19709,23388,40913,59452,43604,75251,50474,104450,66336,99045,52067,51516,101793,129233,57237,103958,4562,4798,10670,17334,11819,26548,14551,39446,18829,32955,12959,12909,29799,41531,33065,65792,668844,362714,73409,14860,336392,67,15
2021-03-23T23:59:59+01:00,19464,23092,40358,58549,42889,74169,49448,102944,64696,97195,49786,49182,99045,126031,56679,103126,4504,4730,10572,17211,11673,26369,14312,39139,18420,32571,12458,12404,27377,38444,29412,59909,660783,345244,70072,14272,326016,62,14
2021-03-22T23:59:59+01:00,19248,22685,39727,57676,42229,73136,48513,101563,63229,95575,47972,47317,96654,123293,56206,102351,4444,4683,10487,17097,11544,26194,14156,38900,18184,32271,12151,12035,25553,36103,25484,53563,654528,329140,67269,13721,315794,61,14
2021-03-21T23:59:59+01:00,19113,22428,39242,56925,41687,72295,47870,100414,62293,94352,46930,46298,95015,121449,55837,101773,4431,4676,10452,17050,11500,26109,14096,38810,18104,32172,12032,11904,25126,35654,25131,53006,651966,326961,65246,13309,306923,56,13
2021-03-20T23:59:59+01:00,19053,22283,39032,56435,41451,71737,47562,99785,61856,93751,46281,45533,92423,118225,55552,101288,4422,4670,10443,17038,11473,26093,14054,38774,18022,32098,11873,11744,24489,34880,24370,51923,645529,323263,64801,13120,302129,56,13
2021-03-19T23:59:59+01:00,18702,21720,37904,54322,40177,69753,45843,97710,58986,90999,41857,41677,87223,112478,54854,100208,4403,4657,10411,16992,11410,25983,13967,38606,17788,31804,11523,11468,22825,32829,22694,49367,627839,313993,57616,12758,289166,48,13
2021-03-18T23:59:59+01:00,18311,21075,36734,52175,38642,66969,43700,93259,55150,85214,37846,37898,82503,107009,53769,98550,4383,4630,10343,16891,11332,25830,13819,38411,17568,31601,11291,11287,21582,31320,20987,46774,610970,305932,51885,12148,266151,40,13
2021-03-17T23:59:59+01:00,17894,20726,36012,51263,37884,66021,42624,91910,53370,83391,35188,35124,78487,102191,52825,97078,4360,4606,10281,16799,11261,25697,13706,38225,17371,31411,11056,11066,20348,29915,19399,44376,594370,298466,47496,11443,260320,37,13
2021-03-16T23:59:59+01:00,17538,20309,35270,50199,37072,64833,41530,90249,51538,81407,32992,33114,74497,97278,51946,95768,4310,4558,10209,16673,11171,25547,13609,37990,17236,31169,10886,10891,19074,28405,17923,42062,581203,290739,42815,11009,251718,35,11
2021-03-15T23:59:59+01:00,17262,19948,34567,49224,36286,63647,40632,88772,50285,79809,31277,31281,71220,93194,51250,94635,4289,4526,10144,16551,11105,25347,13495,37703,17087,30898,10720,10732,18353,27446,16671,40206,570116,284962,39499,10361,243877,31,0
2021-03-14T23:59:59+01:00,16994,19521,33717,48020,35387,62333,39585,86947,49042,78090,30115,30053,69231,90637,50807,93960,4264,4508,10099,16474,11048,25206,13435,37481,16998,30736,10652,10650,18172,27165,16409,39647,563026,283777,37628,9227,233984,21,0
2021-03-13T23:59:59+01:00,16189,18488,32248,46032,33826,60239,37563,83929,46931,75584,28775,28710,67220,88023,50537,93569,4264,4508,10097,16469,11045,25199,13427,37474,16993,30728,10615,10617,17432,26280,15366,38198,546703,279544,37343,9226,224004,21,0
2021-03-12T23:59:59+01:00,15086,17114,29811,43389,31165,57105,34706,79078,43729,71134,25944,25528,62923,82726,49559,92169,4253,4474,10080,16407,11027,25148,13381,37359,16903,30599,10343,10391,16553,25040,14299,36681,518734,273781,36034,9215,206580,18,0
2021-03-11T23:59:59+01:00,14050,15656,27578,40703,28849,53924,32121,74700,39987,66253,22551,22064,56936,75425,47632,89332,4212,4440,10001,16290,10917,24924,13265,37049,16739,30297,10043,10180,15924,24206,13632,35409,486786,269808,34447,7781,186697,15,0
2021-03-10T23:59:59+01:00,13456,14958,26177,39094,27206,52110,30569,72393,37477,63137,19812,19519,51030,68296,46084,86994,4179,4396,9903,16124,10799,24674,13119,36630,16540,29928,9812,9998,15183,23432,12974,34385,460432,265097,32409,7042,175637,12,0
2021-03-09T23:59:59+01:00,13173,14492,25064,38057,25798,50932,29517,70742,36099,61307,18640,18402,47529,63870,44961,85209,4155,4371,9819,15958,10697,24415,12967,36315,16367,29693,9689,9896,14523,22597,12480,33613,446885,261407,29889,6210,167171,12,0
2021-03-08T23:59:59+01:00,12845,13892,23984,36956,24532,49793,28583,69262,34870,59693,17565,17525,43420,58886,43733,83227,4140,4336,9758,15760,10595,24162,12835,35959,16241,29428,9610,9819,14029,21993,12166,33173,431454,258255,27884,5819,159578,4,0
2021-03-07T23:59:59+01:00,12612,13600,23392,36107,23837,48920,27985,68392,34267,58944,17305,17277,42355,57443,43368,82664,4128,4323,9738,15719,10568,24089,12804,35790,16184,29315,9589,9791,13833,21740,12030,32971,426719,257204,26074,5481,155822,0,0
2021-03-06T23:59:59+01:00,12500,13310,22992,35374,23310,48133,26944,66871,33172,57184,16920,16949,41711,56556,43067,82197,4125,4309,9727,15694,10550,24056,12794,35748,16166,29284,9572,9750,13787,21702,11928,32763,422670,256828,26010,5200,148655,0,0
2021-03-05T23:59:59+01:00,12090,12711,22314,34178,22630,46907,26191,65250,31943,54768,16278,16119,38254,52254,40911,78755,4097,4263,9657,15595,10501,23909,12726,35554,16082,29079,9477,9681,13603,21494,11566,32161,407498,255153,24561,4365,139632,0,0
2021-03-04T23:59:59+01:00,11330,11707,21130,32459,21416,44868,24838,62601,30255,52415,15551,15405,34256,47094,37839,74073,4052,4177,9550,15312,10400,23555,12594,35032,15939,28686,9308,9534,13447,21284,11482,32016,389096,252166,22492,4273,125785,0,0
2021-03-03T23:59:59+01:00,11025,11221,20444,31249,20648,43526,23939,60862,29217,50783,15077,14905,31652,43775,34756,69308,4012,4115,9471,15145,10321,23308,12490,34614,15763,28340,9128,9408,13323,21070,11336,31747,373689,249551,21701,4111,117129,0,0
2021-03-02T23:59:59+01:00,10763,10799,19801,30284,19935,42513,23162,59481,28251,49512,14450,14261,28979,40405,30874,63095,3965,4044,9410,14982,10254,23049,12390,34189,15663,28034,9004,9306,13186,20882,11260,31602,355538,247179,20195,4110,110957,0,0
2021-03-01T23:59:59+01:00,10591,10540,19291,29484,19375,41636,22574,58412,27540,48392,14036,13807,26912,37820,26629,56220,3950,3996,9356,14828,10192,22754,12312,33812,15558,27711,8922,9246,13007,20618,11150,31425,338363,244795,19086,4110,105933,0,0
2021-02-28T23:59:59+01:00,10424,10341,18825,28842,18846,40902,22097,57563,27055,47603,13829,13568,26307,37161,26225,55618,3935,3983,9331,14797,10174,22706,12295,33745,15532,27668,8896,9222,12877,20443,11088,31276,335931,243960,18229,4076,101167,0,0
2021-02-27T23:59:59+01:00,10244,9826,18496,27975,18588,40118,21812,56583,26727,46811,13553,13266,25641,36358,25304,54200,3924,3973,9310,14777,10143,22658,12256,33664,15491,27595,8875,9206,12868,20427,11084,31271,332027,243615,17508,3975,96086,0,0
2021-02-26T23:59:59+01:00,9449,9040,17596,26538,17808,37913,20886,53738,25271,43991,13088,12867,24055,34373,23783,51896,3843,3906,9232,14617,10070,22403,12175,33299,15375,27303,8795,9124,12802,20359,11043,31201,322933,241713,17255,3901,82218,0,0
2021-02-25T23:59:59+01:00,8292,8189,16277,24939,16544,35653,19651,50860,23566,41212,12615,12472,22777,32783,22289,49614,3721,3763,9071,14306,9853,21802,11924,32452,15054,26655,8601,8972,12544,20037,10902,30933,315322,237600,16487,3057,66036,0,0
2021-02-24T23:59:59+01:00,7927,7667,15624,23904,15917,34414,18936,49350,22776,40014,12220,12137,21476,31287,20610,46991,3648,3697,8931,14018,9680,21352,11728,31830,14793,26121,8462,8835,12402,19865,10837,30722,307094,234842,15524,2144,58742,0,0
2021-02-23T23:59:59+01:00,7443,7192,14814,22736,15233,33197,18217,47944,22057,38947,11916,11815,20140,29718,18999,44439,3608,3624,8811,13816,9545,20957,11542,31254,14495,25624,8293,8693,12277,19655,10767,30491,299004,232031,14724,1485,51187,0,0
2021-02-22T23:59:59+01:00,7336,6986,14431,22119,14884,32472,17755,46938,21563,38215,11721,11567,19396,28714,17688,42489,3578,3524,8675,13524,9381,20457,11288,30519,14123,25030,8047,8503,12079,19404,10663,30187,293165,228742,14113,303,47103,0,0
2021-02-21T23:59:59+01:00,7246,6861,14111,21680,14465,31890,17341,46284,21129,37723,11617,11467,19234,28501,17441,42156,3540,3485,8593,13401,9306,20240,11216,30229,14002,24763,7985,8441,12023,19297,10592,30026,292031,226912,13742,289,43477,0,0
2021-02-20T23:59:59+01:00,7129,6812,13986,21601,14349,31756,17222,46134,20972,37542,11518,11385,18457,27585,16387,40687,3538,3479,8583,13393,9296,20219,11202,30204,13989,24753,7980,8433,11960,19235,10539,29959,287789,226536,13546,288,42288,0,0
2021-02-19T23:59:59+01:00,6828,6560,13633,21163,13979,31087,16749,45340,20268,36675,10918,10986,17414,26255,15230,39079,3458,3456,8508,13366,9255,20164,11164,30113,13930,24659,7937,8374,11738,18962,10346,29628,281420,224833,13171,287,37670,0,0
2021-02-18T23:59:59+01:00,6433,6088,13006,20024,13340,29713,15934,43468,19398,35098,10691,10768,16824,25504,14654,38196,3273,3320,8175,12830,8963,19419,10815,29077,13566,23838,7731,8066,11153,18011,9849,28478,277857,216339,12589,287,28788,0,0
2021-02-17T23:59:59+01:00,6270,5744,12561,19144,12852,28521,15236,41746,18751,33775,10469,10517,16069,24690,13877,37006,3023,3160,7836,12318,8661,18633,10446,28036,13175,22989,7500,7830,10597,17164,9411,27662,273190,208216,11858,285,22272,0,0
2021-02-16T23:59:59+01:00,5946,5444,12024,18309,12352,27439,14691,40365,18160,32741,10317,10413,15401,23861,13370,36219,2841,3041,7535,11870,8356,17910,10052,26953,12711,22095,7230,7538,9880,15994,8685,26113,269651,198733,11362,131,16128,0,0
2021-02-15T23:59:59+01:00,5841,5268,11732,17670,12086,26658,14343,39373,17813,31971,10192,10304,14843,23208,13009,35680,2752,2961,7346,11550,8139,17409,9754,26114,12362,21415,6949,7256,9180,14939,8171,24835,266558,191106,10759,86,12763,0,0
2021-02-14T23:59:59+01:00,5574,5154,11484,17398,11865,26222,14110,38928,17622,31694,10147,10253,14609,22869,12844,35286,2702,2923,7232,11386,8012,17204,9579,25783,12185,21115,6854,7133,8960,14555,7986,24301,265557,187883,9824,86,10766,0,0
2021-02-13T23:59:59+01:00,5514,5116,11434,17362,11835,26191,14083,38896,17603,31675,10134,10226,14582,22841,12834,35270,2698,2920,7227,11379,8000,17185,9564,25750,12158,21071,6825,7100,8806,14344,7635,23675,265322,186388,9823,8,10539,0,0
2021-02-12T23:59:59+01:00,4998,4797,10863,17000,11517,25642,13764,38252,17276,31034,10024,10120,14400,22627,12754,35161,2648,2887,7135,11224,7899,16955,9416,25361,11943,20628,6645,6870,8445,13784,7043,22336,263633,181271,9812,7,6871,0,0
2021-02-11T23:59:59+01:00,4537,4497,10279,16321,11105,24839,13285,36992,16786,30175,9712,9864,14119,22180,12474,34478,2481,2615,6537,10039,7213,15228,8563,22758,10897,18556,6000,6158,7402,12170,6228,20018,260422,162914,8173,4,3133,0,0
2021-02-10T23:59:59+01:00,4290,4331,9943,15870,10797,24300,12974,36109,16370,29424,9500,9726,13939,21974,12382,34271,2122,2328,5606,8595,6425,13195,7579,19874,9787,16539,5457,5575,6422,10518,5456,17974,257774,143497,7677,2,834,0,0
2021-02-09T23:59:59+01:00,4227,4233,9820,15602,10688,23900,12804,35488,16157,28952,9322,9592,13746,21765,12241,34049,1727,1978,4833,7339,5658,11409,6664,17378,8705,14552,4880,4948,5381,8972,4728,15884,255340,125078,6900,1,430,0,0
2021-02-08T23:59:59+01:00,4195,4180,9728,15393,10579,23542,12685,35025,16017,28593,9228,9526,13545,21485,12136,33861,1563,1786,4278,6358,5002,9846,5856,14869,7694,12714,4330,4426,4406,7400,3969,13824,252989,108360,6385,1,425,0,0
2021-02-07T23:59:59+01:00,4028,4115,9573,15259,10477,23375,12606,34762,15905,28401,9188,9481,13402,21304,12064,33718,1350,1540,3861,5687,4592,8969,5432,13715,7212,11770,4074,4169,4178,7009,3811,13230,251896,100635,5841,1,0,0,0
2021-02-06T23:59:59+01:00,4019,4106,9563,15244,10464,23339,12584,34713,15888,28344,9168,9467,13384,21269,11959,33522,1198,1344,3630,5381,4406,8544,5212,13128,6932,11213,3937,4032,4054,6860,3533,12773,251554,96210,5558,1,0,0,0
2021-02-05T23:59:59+01:00,3946,4039,9491,15103,10397,23089,12499,34342,15773,28063,9085,9392,13311,21194,11610,32925,1056,1115,3350,4939,4148,7966,4895,12353,6547,10486,3676,3788,3894,6634,3031,11890,249670,89799,4666,0,0,0,0
2021-02-04T23:59:59+01:00,3889,3916,9371,14787,10222,22544,12310,33548,15556,27501,8962,9281,13087,20902,11497,32724,793,781,2529,3695,3214,6231,3946,9816,5227,8277,2997,3081,3273,5656,2638,10400,245732,72576,4442,0,0,0,0
2021-02-03T23:59:59+01:00,3821,3845,9265,14565,10117,22207,12178,33038,15406,27075,8853,9166,12945,20724,11421,32558,658,613,1909,2787,2482,4816,2982,7543,3996,6243,2191,2221,2393,4195,1911,7797,242987,54754,4274,0,0,0,0
2021-02-02T23:59:59+01:00,3755,3753,9164,14373,10021,21825,12034,32472,15206,26620,8730,9052,12823,20514,11337,32290,522,486,1443,2057,1899,3623,2242,5741,2977,4670,1552,1524,1630,2761,1330,5186,239772,39655,4272,0,0,0,0
2021-02-01T23:59:59+01:00,3715,3663,9083,14140,9915,21440,11897,31836,15025,26117,8612,8905,12715,20371,11286,32115,389,352,1003,1419,1251,2410,1458,3763,1848,2959,981,970,967,1684,762,3008,236638,25232,4272,0,0,0,0
2021-01-31T23:59:59+01:00,3697,3628,9030,14031,9846,21240,11833,31542,14925,25921,8557,8847,12664,20259,11242,31986,359,331,883,1231,1062,2040,1258,3211,1615,2593,883,879,863,1503,691,2703,235161,22111,4161,0,0,0,0
2021-01-30T23:59:59+01:00,3697,3625,9020,14019,9832,21218,11820,31522,14913,25907,8553,8842,12606,20197,11193,31924,342,307,824,1148,1005,1917,1194,3023,1540,2456,855,853,845,1463,676,2651,234847,21104,4115,0,0,0,0
2021-01-29T23:59:59+01:00,3637,3611,8960,13990,9803,21169,11788,31447,14869,25840,8529,8819,12420,19973,11013,31681,275,224,705,977,861,1557,1041,2634,1330,2132,767,763,796,1408,658,2598,233633,18729,3990,0,0,0,0
2021-01-28T23:59:59+01:00,3518,3525,8757,13602,9583,20657,11558,30869,14544,25344,8393,8719,11986,19353,10657,31100,129,57,287,358,375,603,455,1137,604,955,407,421,466,809,376,1570,228850,9010,3389,0,0,0,0
2021-01-27T23:59:59+01:00,3287,3390,8464,13187,9282,20037,11176,30037,14158,24607,8178,8507,11438,18552,10232,30339,77,33,199,220,240,408,302,790,425,657,309,307,346,603,283,1149,222157,6348,2784,0,0,0,0
2021-01-26T23:59:59+01:00,3119,3293,8183,12851,9019,19467,10872,29279,13761,23980,7942,8286,10860,17638,9585,29187,73,29,184,210,224,374,286,739,394,596,294,282,319,541,257,1019,215449,5821,1943,0,0,0,0
2021-01-25T23:59:59+01:00,3032,3199,7902,12370,8729,18761,10486,28279,13281,23218,7659,8088,10241,16822,9130,28287,65,21,164,189,192,318,247,620,342,493,257,238,265,465,209,831,209154,4916,398,0,0,0,0
2021-01-24T23:59:59+01:00,2988,3179,7817,12292,8657,18637,10377,28119,13153,23036,7618,8053,10176,16711,9082,28191,64,20,160,185,190,305,244,600,334,479,248,234,263,458,205,816,207855,4805,298,0,0,0,0
2021-01-23T23:59:59+01:00,2987,3178,7816,12290,8653,18628,10376,28107,13147,23031,7612,8051,10051,16547,8755,27604,63,20,160,185,189,304,242,600,332,479,248,234,263,458,205,815,206603,4797,297,0,0,0,0
2021-01-22T23:59:59+01:00,2925,3132,7693,12178,8570,18489,10267,27937,13067,22917,7582,8018,9853,16245,8237,26580,63,20,159,185,189,304,242,600,331,479,248,234,263,458,205,815,203460,4795,297,0,0,0,0
2021-01-21T23:59:59+01:00,2843,2964,7194,11266,8085,17348,9732,26317,12463,21701,7298,7689,9213,15284,7712,25509,57,18,144,171,173,274,217,525,294,440,222,207,232,378,175,684,192385,4211,297,0,0,0,0
2021-01-20T23:59:59+01:00,2484,2619,6316,9865,7342,15394,8780,23492,11354,19633,6698,7038,8123,13524,6900,23300,56,18,143,166,170,272,210,512,283,418,210,200,226,353,162,646,172625,4045,294,0,0,0,0
2021-01-19T23:59:59+01:00,2042,2262,5418,8486,6480,13506,7761,20705,10086,17394,5941,6156,6737,11334,5880,20246,39,11,94,123,114,169,147,348,184,291,133,115,137,235,113,479,150271,2732,213,0,0,0,0
2021-01-18T23:59:59+01:00,1768,1976,4664,7108,5527,11273,6574,17117,8662,14690,5067,5284,5355,9089,4809,16770,21,6,36,45,52,78,64,156,72,146,59,54,64,131,62,220,125691,1266,90,0,0,0,0
2021-01-17T23:59:59+01:00,1491,1688,4153,6315,5021,10142,6039,15542,8023,13428,4726,4934,4983,8415,4481,15765,8,2,8,14,15,27,18,47,26,56,23,23,18,31,13,47,115099,376,88,0,0,0,0
2021-01-16T23:59:59+01:00,1324,1483,3937,5995,4841,9702,5780,14876,7693,12735,4537,4706,4772,8140,4126,15161,0,0,0,0,1,2,1,1,1,2,0,1,0,0,0,1,109842,10,5,0,0,0,0
2021-01-15T23:59:59+01:00,1174,1257,3683,5576,4588,9137,5488,14037,7285,11936,4245,4413,4586,7833,3591,14115,0,0,0,0,0,0,0,0,0,0,0,0,0,0,0,0,102977,0,3,0,0,0,0
2021-01-14T23:59:59+01:00,899,941,2939,4391,3722,7322,4546,11297,5891,9592,3448,3550,3855,6620,3108,12312,0,0,0,0,0,0,0,0,0,0,0,0,0,0,0,0,84461,0,0,0,0,0,0
2021-01-13T23:59:59+01:00,763,787,2468,3663,3137,6104,3777,9366,4799,7722,2576,2638,2909,5040,2376,9411,0,0,0,0,0,0,0,0,0,0,0,0,0,0,0,0,67560,0,0,0,0,0,0
2021-01-12T23:59:59+01:00,632,658,2068,3007,2582,4964,3027,7550,3783,6070,1847,1819,1987,3408,1680,6419,0,0,0,0,0,0,0,0,0,0,0,0,0,0,0,0,51522,0,0,0,0,0,0
2021-01-11T23:59:59+01:00,491,524,1726,2435,2074,3965,2344,5740,2811,4406,1188,1124,1192,1999,920,3643,0,0,0,0,0,0,0,0,0,0,0,0,0,0,0,0,36599,0,0,0,0,0,0
2021-01-10T23:59:59+01:00,435,454,1468,2011,1733,3246,1935,4754,2335,3688,1047,1000,1048,1755,819,3192,0,0,0,0,0,0,0,0,0,0,0,0,0,0,0,0,30932,0,0,0,0,0,0
2021-01-09T23:59:59+01:00,403,410,1345,1835,1588,2956,1782,4308,2150,3357,972,930,989,1701,801,3150,0,0,0,0,0,0,0,0,0,0,0,0,0,0,0,0,28687,0,0,0,0,0,0
2021-01-08T23:59:59+01:00,306,282,1100,1495,1310,2291,1465,3534,1780,2744,840,825,901,1579,756,2999,0,0,0,0,0,0,0,0,0,0,0,0,0,0,0,0,24215,0,0,0,0,0,0
2021-01-07T23:59:59+01:00,143,76,393,505,475,783,588,1356,776,1198,466,478,559,961,463,1906,0,0,0,0,0,0,0,0,0,0,0,0,0,0,0,0,11127,0,0,0,0,0,0
2021-01-06T23:59:59+01:00,108,44,264,283,304,507,394,918,526,821,358,359,423,747,357,1440,0,0,0,0,0,0,0,0,0,0,0,0,0,0,0,0,7854,0,0,0,0,0,0
2021-01-05T23:59:59+01:00,84,31,186,229,237,421,316,809,443,702,342,343,406,714,350,1385,0,0,0,0,0,0,0,0,0,0,0,0,0,0,0,0,6999,0,0,0,0,0,0
2021-01-04T23:59:59+01:00,67,25,169,192,196,328,252,626,349,510,267,251,285,516,233,927,0,0,0,0,0,0,0,0,0,0,0,0,0,0,0,0,5193,0,0,0,0,0,0
2021-01-03T23:59:59+01:00,65,21,163,187,192,314,250,611,341,493,260,249,281,503,231,910,0,0,0,0,0,0,0,0,0,0,0,0,0,0,0,0,5071,0,0,0,0,0,0
2021-01-02T23:59:59+01:00,65,21,163,187,192,314,248,611,338,493,260,249,281,503,231,909,0,0,0,0,0,0,0,0,0,0,0,0,0,0,0,0,5065,0,0,0,0,0,0
2021-01-01T23:59:59+01:00,64,21,162,187,192,313,248,611,336,491,260,249,281,502,231,909,0,0,0,0,0,0,0,0,0,0,0,0,0,0,0,0,5057,0,0,0,0,0,0
2020-12-31T23:59:59+01:00,64,21,162,185,192,312,247,610,335,490,260,249,281,502,231,909,0,0,0,0,0,0,0,0,0,0,0,0,0,0,0,0,5050,0,0,0,0,0,0
2020-12-30T23:59:59+01:00,63,21,162,184,190,309,247,609,335,488,260,249,281,502,231,909,0,0,0,0,0,0,0,0,0,0,0,0,0,0,0,0,5040,0,0,0,0,0,0
2020-12-29T23:59:59+01:00,46,12,114,140,141,211,180,436,236,374,179,164,193,373,170,709,0,0,0,0,0,0,0,0,0,0,0,0,0,0,0,0,3678,0,0,0,0,0,0
2020-12-28T23:59:59+01:00,25,8,62,77,80,121,99,247,117,232,98,93,102,200,103,388,0,0,0,0,0,0,0,0,0,0,0,0,0,0,0,0,2052,0,0,0,0,0,0
2020-12-27T23:59:59+01:00,11,3,17,26,36,46,35,85,36,94,32,29,39,73,32,145,0,0,0,0,0,0,0,0,0,0,0,0,0,0,0,0,739,0,0,0,0,0,0
