Datum,<15_m,<15_w,15-24_1_m,15-24_1_w,25-34_1_m,25-34_1_w,35-44_1_m,35-44_1_w,45-54_1_m,45-54_1_w,55-64_1_m,55-64_1_w,65-74_1_m,65-74_1_w,75-84_1_m,75-84_1_w,>84_1_m,>84_1_w,<24_2_m,<24_2_w,25-34_2_m,25-34_2_w,35-44_2_m,35-44_2_w,45-54_2_m,45-54_2_w,55-64_2_m,55-64_2_w,65-74_2_m,65-74_2_w,75-84_2_m,75-84_2_w,>84_2_m,>84_2_w,bp_1,bp_2,mo_1,mo_2,az_1,az_2,ja,unb_1,unb_2
2021-08-02T23:59:59+02:00,24909,22966,241271,233414,352421,324630,373043,366923,439386,450109,495688,499369,342439,382843,241558,309252,71184,130304,168372,162930,282637,260162,314470,309441,395217,404933,457554,462827,325261,363528,231457,295578,67906,123543,3787533,3256306,509662,452887,805273,735697,199476,497,396
2021-08-01T23:59:59+02:00,24776,22802,240722,232882,351903,324178,372664,366562,439000,449820,495380,499124,342324,382702,241499,309150,71174,130282,167008,161668,280522,258455,310241,306068,393486,403489,456165,461688,324864,363077,231311,295382,67881,123492,3784268,3240452,509365,450841,805195,733296,198351,497,396
2021-07-31T23:59:59+02:00,24668,22706,240394,232579,351644,323968,372434,366399,438820,449673,495276,499029,342292,382665,241479,309137,71173,130277,163439,158051,277881,256038,308254,304156,392174,402297,455296,460890,324564,362722,231185,295226,67859,123449,3782749,3218841,509187,449919,805192,732963,197720,497,347
2021-07-30T23:59:59+02:00,24383,22451,239623,231899,351100,323457,371967,365954,438386,449291,494932,498745,342155,382534,241438,309064,71160,130263,159735,154349,274530,252973,305277,301387,389980,400232,453484,459340,324075,362203,230980,294941,67827,123394,3778776,3193987,508838,448734,805178,729916,196245,497,347
2021-07-29T23:59:59+02:00,24050,22119,238132,230672,349975,322417,371032,365074,437561,448529,494149,498139,341833,382233,241306,308893,71128,130208,154945,149944,269226,248858,299513,296720,385705,396808,450486,456982,323254,361372,230677,294541,67768,123300,3771473,3160551,508219,444140,805098,724853,192895,497,347
2021-07-28T23:59:59+02:00,23759,21837,237003,229653,349115,321607,370322,364417,436949,447874,493599,497667,341584,381942,241177,308710,71094,130138,151235,146347,264801,245252,295131,292812,382475,393997,448425,455157,322603,360624,230421,294161,67705,123181,3764924,3130225,507700,442238,805021,722245,191038,496,347
2021-07-27T23:59:59+02:00,23496,21622,236048,228732,348322,320904,369665,363860,436398,447289,493101,497232,341355,381650,241047,308525,71061,130040,146291,141314,259003,240211,289927,288151,378566,390381,445317,452407,321635,359536,230065,293670,67618,123026,3758922,3089410,507171,439986,804966,718561,189524,496,347
2021-07-26T23:59:59+02:00,23265,21391,235101,227787,347569,320224,369089,363327,435865,446814,492658,496881,341132,381413,240921,308371,71038,129983,142000,136972,253524,235500,284824,283756,374191,386528,441848,449436,320696,358581,229744,293203,67547,122890,3753430,3050631,506561,437777,804892,714242,188182,496,347
2021-07-25T23:59:59+02:00,22912,21095,233797,226669,346657,319487,368444,362687,435302,446298,492214,496488,340942,381203,240835,308244,71017,129927,140173,135252,250886,233327,282363,281691,372074,384777,439790,447674,320195,358074,229548,292979,67522,122817,3746611,3035904,506199,435625,804834,709920,186810,496,347
2021-07-24T23:59:59+02:00,22671,20907,232903,225844,345969,318874,367906,362187,434805,445884,491881,496227,340834,381110,240795,308184,71014,129918,137311,132493,248198,231044,279842,279513,369858,382960,438586,446705,319859,357745,229407,292803,67503,122783,3742716,3017736,505439,432638,804826,709584,185168,496,347
2021-07-23T23:59:59+02:00,22266,20534,231448,224564,344683,317976,366888,361355,433959,445114,491203,495719,340607,380848,240711,308073,70993,129883,131891,127690,242895,226800,275429,275775,366218,379808,435969,444529,319166,357033,229157,292497,67449,122703,3735501,2982553,504979,430905,804772,707457,181808,496,346
2021-07-22T23:59:59+02:00,21767,20060,229367,222620,342975,316476,365425,360101,432668,444003,490239,494841,340191,380409,240542,307833,70948,129803,127597,123680,236961,222336,269107,270753,359382,374366,430548,440055,318002,355786,228733,291981,67355,122552,3723298,2940849,503465,425003,804640,701199,179099,496,346
2021-07-21T23:59:59+02:00,21263,19546,227509,220820,341318,314979,363834,358558,431121,442640,489036,493699,339647,379897,240298,307555,70895,129710,123864,120150,231545,218124,263619,266258,351301,367479,425977,436336,316889,354641,228276,291418,67274,122375,3712514,2905604,499779,414202,804422,696443,175843,496,343
2021-07-20T23:59:59+02:00,20962,19271,226067,219382,340114,313842,362887,357702,430281,441873,488332,493073,339315,379540,240158,307337,70868,129623,119575,115962,225249,212999,257828,261116,344221,361401,421306,432049,315809,353395,227868,290837,67180,122194,3703422,2862147,499384,407024,804306,692088,173748,496,343
2021-07-19T23:59:59+02:00,20649,18980,224355,217710,338828,312615,361870,356742,429489,441106,487667,492466,339019,379185,240011,307109,70824,129525,116848,113398,220921,209452,253259,257184,340532,358257,418707,429885,315095,352674,227578,290450,67109,122072,3692998,2837372,498975,401688,804220,687796,172189,496,343
2021-07-18T23:59:59+02:00,20497,18854,223085,216473,337257,311224,360830,355841,428702,440405,487143,491928,338792,378903,239882,306932,70803,129464,115371,112023,218308,207305,250927,255107,338306,356421,416694,428213,314620,352192,227417,290232,67088,122005,3683771,2825225,498445,397429,804146,684134,170884,496,342
2021-07-17T23:59:59+02:00,20105,18433,221943,215427,336691,310690,360251,355338,428195,439963,486735,491643,338691,378788,239841,306879,70800,129454,113314,109943,215860,205018,248484,252929,335902,354300,415257,426957,314290,351802,227282,290065,67065,121966,3678287,2807849,498251,394720,804137,683359,169429,490,341
2021-07-16T23:59:59+02:00,19567,17925,219414,213305,334972,309409,358759,354052,426745,438769,485651,490783,338291,378425,239671,306722,70775,129417,110233,107163,211140,201128,243972,249324,331641,350637,411942,424262,313376,350883,226938,289654,67012,121885,3668182,2780425,497499,392397,803983,679563,163225,490,339
2021-07-15T23:59:59+02:00,18934,17309,216668,210929,333095,307737,357197,352627,425428,437604,484724,489941,337896,378009,239474,306469,70733,129314,106361,103988,202842,194938,236542,243763,325097,345444,404925,417859,311649,349091,226401,288993,66941,121688,3653400,2734251,496908,384055,803871,672188,160143,490,339
2021-07-14T23:59:59+02:00,18098,16590,214271,208635,331428,306228,355816,351301,424226,436422,483708,488996,337449,377552,239239,306160,70679,129228,102781,100686,196423,189809,230865,239128,320832,341990,400768,414256,310352,347785,226001,288437,66862,121534,3638697,2700902,496353,378543,803750,665428,157459,490,338
2021-07-13T23:59:59+02:00,17453,15941,212118,206631,329855,304885,354505,350096,423083,435358,482771,488153,337017,377088,239038,305922,70645,129139,99066,97176,189989,184454,223783,233100,314196,335964,392411,406435,308566,345867,225403,287651,66754,121337,3625119,2658436,495804,365924,803609,656003,155399,490,333
2021-07-12T23:59:59+02:00,16445,15014,208882,203477,327813,303179,352951,348647,421859,434178,481804,487261,336606,376627,238859,305697,70606,129062,95988,94471,184731,180181,216835,227459,307407,329956,387343,402179,306849,344010,224820,286920,66656,121169,3606860,2620347,495260,358829,803459,647637,153621,489,332
2021-07-11T23:59:59+02:00,15939,14547,207544,202219,327085,302474,352298,348040,421310,433689,481366,486927,336419,376428,238799,305594,70585,129022,94574,93192,181978,177886,213854,225188,304733,327814,384531,399807,304391,341397,224444,286452,66604,121071,3600752,2605474,494629,356852,803337,637190,151806,482,328
2021-07-10T23:59:59+02:00,15466,14088,205713,200460,325634,301230,351181,347079,420592,433100,480897,486531,336253,376263,238734,305508,70575,129002,93289,91937,179470,175800,210842,222718,302231,325677,383375,398774,303746,340734,224264,286267,66588,121046,3592248,2588816,494006,356629,803104,635449,149185,482,328
2021-07-09T23:59:59+02:00,15145,13812,203810,198630,324039,299795,350120,346128,419696,432394,480334,486058,336050,376044,238637,305389,70559,128968,90520,89221,175953,172584,206515,218579,297225,321086,379949,395807,302658,339515,223962,285901,66551,120982,3583179,2559945,493152,354579,802914,627876,146597,482,327
2021-07-08T23:59:59+02:00,14689,13391,200354,195679,320755,297147,347771,344164,417996,430953,478910,484999,335618,375607,238460,305145,70516,128892,86242,85477,168739,166960,198422,212206,289887,315001,373041,389630,299971,336613,223190,284973,66434,120724,3568020,2513956,489121,345976,802398,617591,141740,482,327
2021-07-07T23:59:59+02:00,14193,12938,196639,191849,317622,294306,345481,342144,416447,429495,477720,483912,335144,375052,238273,304875,70479,128789,82575,82056,161481,161285,189431,205066,281935,308458,366050,382851,296678,333024,222291,283877,66296,120478,3546915,2466201,487772,332607,802017,607659,138886,481,325
2021-07-06T23:59:59+02:00,13735,12567,193229,188494,314393,291596,343027,339871,414747,427945,476465,482790,334644,374501,238078,304587,70427,128703,79039,78511,154841,155804,182059,198882,273035,300530,359599,376795,293495,329794,221412,282791,66188,120247,3527240,2414003,484730,325656,801601,598187,136459,481,325
2021-07-05T23:59:59+02:00,13339,12233,188862,184282,310384,288289,340537,337575,413091,426413,475331,481728,334172,373986,237905,304344,70394,128619,75997,75715,149750,151742,177313,194768,266153,294292,353515,371275,290234,326356,220533,281680,66080,120078,3504601,2375119,483586,321199,801124,587866,132408,474,325
2021-07-04T23:59:59+02:00,13162,12077,185047,180426,307777,286288,339237,336511,412220,425639,474753,481250,333952,373734,237815,304220,70368,128566,73821,73848,146674,149204,174994,192738,263728,292239,350418,369073,286937,322974,219957,281019,66026,119960,3492481,2361429,482304,318913,800555,576383,127937,474,322
2021-07-03T23:59:59+02:00,11977,11026,178636,174450,303541,282852,336926,334352,410417,423836,473553,480193,333552,373290,237641,303974,70344,128523,72049,72280,144263,147338,172567,190667,260679,289526,348144,367225,285191,320997,219690,280659,65994,119911,3466254,2345774,480909,318719,800369,571907,121780,474,322
2021-07-02T23:59:59+02:00,10883,9942,174939,171004,301152,280665,335195,332662,409175,422652,472782,479512,333293,372975,237525,303792,70316,128475,69369,69616,140369,144079,168163,186656,254649,284116,342947,362532,281948,317283,219052,279889,65946,119827,3448265,2312786,479443,315949,800175,559358,119283,473,296
2021-07-01T23:59:59+02:00,9793,9024,171294,167596,297149,277411,332726,330416,407395,421079,471697,478561,332880,372517,237326,303520,70271,128397,64508,64907,134111,138783,160922,180186,244442,275302,332188,352800,277190,312030,217204,277642,65767,119515,3425919,2256750,477374,303658,799829,541717,116156,473,295
2021-06-30T23:59:59+02:00,9308,8635,168045,164555,291581,272819,329080,327102,405635,419558,470687,477596,332461,372034,237136,303224,70237,128311,61391,62070,128503,134115,154303,174203,234425,266184,318839,339578,271999,306516,215321,275324,65601,119197,3401041,2201924,475234,290889,799526,522970,112426,473,293
2021-06-29T23:59:59+02:00,8773,8114,164271,160809,287092,268594,325542,323818,403548,417493,469153,476193,331878,371400,236888,302872,70183,128202,58617,59100,123583,129730,148309,168699,222613,255529,310315,331248,265560,299344,213359,272873,65399,118852,3373732,2142925,473264,286247,799197,505621,108850,473,290
2021-06-28T23:59:59+02:00,8369,7738,160973,157372,282090,264310,322270,320988,401419,415580,467671,474891,331361,370790,236657,302562,70140,128108,56361,56767,119702,126243,143976,164628,213415,247140,304551,325872,260627,294066,211600,270648,65254,118588,3349999,2107365,469302,277678,798544,489139,105660,473,287
2021-06-27T23:59:59+02:00,8222,7615,159482,155860,280005,262511,320475,319467,399734,414224,466791,474193,331069,370502,236555,302403,70121,128059,55173,55670,117592,124546,141435,162513,209325,243774,301210,323025,256846,290087,209147,267744,65143,118400,3340088,2092024,467239,274215,797504,473074,102673,473,287
2021-06-26T23:59:59+02:00,7073,6522,156226,152534,277913,260633,318078,317239,398551,413080,466094,473486,330798,370218,236449,302245,70097,128029,54630,55090,116266,123409,140025,161286,207091,241778,298690,320629,255318,288438,208814,267336,65116,118330,3321061,2075377,464432,274129,797497,470582,102540,421,239
2021-06-25T23:59:59+02:00,5858,5410,151938,148273,274548,257704,316029,315285,397255,411841,465098,472668,330512,369885,236324,302092,70070,127981,53353,53475,113803,120726,135965,156741,198356,233354,293025,314776,253599,286328,208226,266537,65045,118211,3296254,2033052,463015,272445,797447,464030,102319,421,239
2021-06-24T23:59:59+02:00,5009,4629,147528,144174,269770,253810,311774,311531,395092,409989,463739,471544,330096,369427,236158,301857,70037,127895,50720,50895,108711,116036,128678,150127,186378,222941,281643,304580,248252,280528,206402,264204,64842,117811,3265344,1971268,461029,260737,797282,450347,100665,420,238
2021-06-23T23:59:59+02:00,4791,4423,144383,141081,266097,250686,306564,306752,392608,407663,462345,470232,329570,368813,235929,301547,69989,127792,48797,48822,104934,112145,123035,144475,176528,214313,269726,292650,243660,275734,205071,262510,64681,117451,3237980,1915244,457525,250920,797128,439681,98893,420,237
2021-06-22T23:59:59+02:00,4548,4194,141323,137973,262413,247331,300466,301338,389990,405130,460811,468757,329031,368214,235711,301198,69942,127687,47116,47087,101346,108869,118265,139922,163976,203196,258865,282393,239614,271276,203157,260107,64430,116983,3206122,1857118,455610,243239,796949,428772,97633,418,230
2021-06-21T23:59:59+02:00,4291,3949,138071,135047,257742,243466,295246,296496,386976,402269,459345,467413,328515,367660,235486,300889,69902,127576,45899,45872,98972,106668,115539,137228,157785,197455,252016,275786,234281,265464,199249,255610,64246,116610,3174583,1826311,453585,237746,796736,409074,95689,417,230
2021-06-20T23:59:59+02:00,4151,3831,136571,133557,253590,240073,292713,294287,385591,400964,458561,466673,328295,367383,235375,300756,69882,127514,44789,44965,96743,104895,113287,135261,154769,194928,247733,271748,231290,261949,198262,254361,64165,116485,3157450,1806136,451832,234219,796566,401240,94168,417,227
2021-06-19T23:59:59+02:00,3737,3482,134429,131474,250854,237768,290942,292655,383760,399403,457719,465943,328076,367133,235272,300619,69861,127482,44253,44324,95482,103646,111824,133807,153274,193500,244532,268749,230581,261106,198094,254101,64143,116432,3141195,1790285,449027,232645,796558,400968,94073,417,226
2021-06-18T23:59:59+02:00,2790,2570,131161,128344,247344,234732,286943,289262,381374,397288,456379,464781,327703,366733,235118,300383,69834,127433,43478,43418,93914,101879,109548,131151,149748,189484,237715,261524,228865,259112,197610,253462,64068,116299,3115476,1761176,444607,232127,796533,394294,93800,416,226
2021-06-17T23:59:59+02:00,2557,2347,127465,125085,241352,230311,281744,284893,376605,393316,454067,462959,327117,366016,234878,300028,69768,127321,41256,41601,89875,98421,104676,126421,141912,181834,226362,250182,223684,253202,195964,251313,63809,115880,3080913,1705733,441642,228001,796279,383433,89353,299,215
2021-06-16T23:59:59+02:00,2288,2115,124252,121700,236474,225993,277061,280644,371446,388838,451494,460832,326384,365222,234591,299618,69702,127208,39440,40019,86356,95417,100349,122616,133715,174530,214312,238320,217482,246130,194054,249000,63557,115392,3047567,1646242,436128,222409,795764,375401,86761,297,214
2021-06-15T23:59:59+02:00,1902,1785,119344,116849,230509,220870,271729,275670,366394,384216,448661,458425,325519,364254,234246,299104,69620,127026,37828,38417,83047,92388,96397,118587,126691,168177,202014,226351,211479,239366,192111,246579,63246,114823,3003003,1589206,434212,216592,795200,367762,84061,297,211
2021-06-14T23:59:59+02:00,1641,1515,115305,112704,225302,215974,266373,270704,361127,379480,445549,455843,324738,363402,233934,298715,69558,126906,36853,37530,80782,90316,93709,116089,122601,164457,195446,219881,208382,235875,190982,245111,63029,114436,2960986,1559768,431869,214357,794940,360140,81327,295,210
2021-06-13T23:59:59+02:00,1567,1430,113813,111330,222864,213881,263837,268454,358877,377530,444378,454812,324463,363098,233799,298548,69527,126833,36000,36804,78940,88662,91710,114290,119785,161870,191607,216199,205315,232452,189952,243745,62797,114025,2946034,1545888,429436,207114,794634,351972,79287,295,208
2021-06-12T23:59:59+02:00,1419,1293,111169,108586,220975,212157,262462,267185,357445,376134,443484,454044,324176,362790,233707,298445,69509,126805,35632,36402,77958,87569,90467,113005,118222,160314,188058,212905,204284,231328,188553,242090,62787,113995,2929895,1532804,428460,207105,794614,344601,79165,294,207
2021-06-11T23:59:59+02:00,1272,1156,108635,106082,218091,209545,258800,264009,354318,373413,441771,452572,323741,362340,233573,298239,69482,126750,34964,35293,75962,84216,88244,109487,114136,155186,181392,205489,202198,228966,187952,241323,62725,113898,2905544,1505442,425677,206423,794432,331189,78481,294,205
2021-06-10T23:59:59+02:00,1113,1003,103894,101687,212045,204805,251767,258205,348239,368127,437291,448805,322887,361373,233253,297793,69398,126599,33389,33815,71982,80062,83353,104008,107495,147018,169109,191891,196153,222106,186231,239193,62474,113497,2862040,1458548,418612,204689,793589,304256,74381,292,202
2021-06-09T23:59:59+02:00,965,874,99987,97997,206105,200091,244971,252511,341598,362187,433618,445794,322215,360634,232985,297414,69334,126467,31862,32568,68765,77425,79672,100857,102803,142759,158033,181188,185576,210166,184373,236953,62202,113005,2823173,1404783,410108,200724,793083,293043,69752,253,201
2021-06-08T23:59:59+02:00,783,693,95470,93468,199495,194540,238023,246518,333359,354924,428524,441141,321385,359635,232615,296930,69253,126330,30794,31718,66186,75138,76407,98143,98240,138859,150475,173738,176895,200489,182573,234718,61970,112639,2771330,1365739,404355,195835,792503,282254,65259,253,186
2021-06-07T23:59:59+02:00,625,552,92266,90376,193452,189851,231479,241289,325536,348762,425487,438705,320846,359007,232402,296605,69199,126234,29930,30874,63729,73195,73462,95990,94490,135935,142435,165978,172871,195892,181155,232920,61748,112257,2732434,1338733,398213,192555,791939,271230,60443,250,185
2021-06-06T23:59:59+02:00,587,516,90696,89063,190175,187316,228142,238537,321273,345369,424062,437629,320576,358717,232294,296447,69175,126187,29331,30322,61965,71521,71391,93997,91315,132878,136777,160223,170348,193281,180047,231523,61519,111877,2717078,1326934,390845,182940,791464,260812,57726,248,185
2021-06-05T23:59:59+02:00,508,436,88754,87049,185312,183108,225684,236404,319458,343739,423063,436713,320287,358395,232146,296279,69161,126155,28882,29576,60774,69588,70003,91866,89648,130639,132039,154913,167357,189626,179562,230866,61485,111811,2693662,1303399,390728,182475,791259,255501,57353,247,185
2021-06-04T23:59:59+02:00,408,351,86406,84528,181663,179516,221687,232460,315881,340114,420707,434527,319829,357860,231950,296051,69123,126092,28420,28910,59669,67948,68737,89800,87872,128043,128690,151271,163130,184872,178576,229603,61437,111725,2664465,1284675,386916,181707,791147,245439,56972,247,185
2021-06-03T23:59:59+02:00,315,277,83125,81470,175950,174875,214444,226379,308196,333432,412965,427675,318801,356687,231581,295606,69068,125961,27533,27905,57791,65773,66363,87073,84257,123955,121962,144621,156811,177297,177013,227582,61324,111488,2615652,1255595,376682,176427,790729,232731,54080,245,181
2021-06-02T23:59:59+02:00,267,218,81059,79314,171890,171175,210814,223243,304634,330101,410928,425844,318395,356237,231428,295400,69040,125910,27075,27433,56674,64673,64794,85811,82221,122031,117008,139751,148952,168356,176299,226629,61239,111319,2586985,1223517,375305,174466,790699,229125,53238,243,178
2021-06-01T23:59:59+02:00,171,151,76805,75493,163638,164636,201480,215528,295550,322238,402733,418021,316887,354627,230889,294666,68929,125683,25525,26018,52380,61744,59976,82540,76827,117554,109612,132567,137882,154988,174202,223901,61030,110893,2528400,1173546,363688,170374,789939,217376,46416,241,174
2021-05-31T23:59:59+02:00,150,134,74067,73022,158001,160335,194189,209584,288179,315875,397003,413061,315894,353520,230505,294148,68839,125512,24617,24965,49775,59544,56829,80029,73251,114299,105136,128141,133749,150106,172839,222186,60860,110562,2488040,1151221,354322,168076,789315,207009,40652,240,172
2021-05-30T23:59:59+02:00,139,126,73019,71960,155533,158315,191573,207238,285409,313366,395118,411322,315534,353110,230345,293913,68802,125432,24017,24187,48202,57833,55103,78188,71037,111757,102493,125291,131600,147587,172049,221257,60768,110352,2472234,1141507,351807,166770,788692,195682,37830,240,171
2021-05-29T23:59:59+02:00,136,125,72412,71372,154028,156919,189276,205210,283574,311785,394280,410548,315311,352866,230265,293835,68791,125414,23694,23664,47287,56340,53769,76316,69119,108919,100184,122504,128808,144174,171400,220352,60741,110300,2458371,1127956,351651,166707,788622,185165,37810,240,170
2021-05-28T23:59:59+02:00,131,122,71328,70255,151646,154665,185630,201683,280309,308653,392421,408784,314902,352366,230118,293621,68772,125357,23164,22665,45680,54218,51953,73766,67083,104986,95874,116625,124454,139139,170427,219046,60695,110186,2434611,1105441,350607,166494,788415,170659,37433,239,167
2021-05-27T23:59:59+02:00,120,114,68022,67246,145178,149741,177455,195446,273939,303507,386119,403113,313646,350923,229659,293090,68701,125175,21851,20984,42442,51177,48082,69962,62552,98994,89541,109135,120547,134527,167637,215352,60523,109873,2390131,1077107,343017,163756,786621,150660,31718,239,163
2021-05-26T23:59:59+02:00,116,111,65873,65074,140236,145667,171368,190394,267196,297849,379389,396429,312132,349320,229173,292396,68599,124964,21115,20076,40626,49048,45735,67234,59533,95208,84959,104042,115586,128817,163855,210027,60315,109447,2352929,1045266,329840,162193,784814,139232,28992,236,162
2021-05-25T23:59:59+02:00,115,106,63847,63090,136045,142188,166323,186113,260134,291579,373975,391051,310857,347922,228768,291752,68516,124787,20544,19416,39229,47539,43907,65227,57070,92222,80901,99678,110676,123152,158336,202808,60149,109147,2315468,1013896,322344,158776,782285,130032,27359,233,159
2021-05-24T23:59:59+02:00,112,105,62607,61885,133299,140095,163057,183706,253200,285599,369046,386385,310032,347004,228483,291370,68444,124659,20202,19017,38214,46474,42568,63750,55406,90218,78678,97180,109263,121506,157734,202027,60038,108949,2291763,1004624,311278,157484,780513,123362,25817,233,157
2021-05-23T23:59:59+02:00,107,105,62113,61370,132201,139204,161863,182676,251962,284581,367464,384958,309420,346349,228312,291145,68424,124623,19975,18834,37670,45922,41825,63058,54254,89229,77199,95827,108098,120117,156759,200812,59971,108812,2280298,996522,310702,154433,780466,121779,25692,233,156
2021-05-22T23:59:59+02:00,104,103,61420,60751,130721,138141,159501,181058,248997,282295,364992,382746,308896,345758,228136,290879,68398,124572,19660,18412,37061,45322,41189,62530,53604,88510,76436,94688,106551,118318,155988,199844,59944,108758,2262397,989843,310687,154431,780428,118369,24232,233,156
2021-05-21T23:59:59+02:00,100,99,60091,59316,127826,135555,156233,177747,243778,277537,358909,377066,307963,344670,227839,290483,68338,124465,19301,18047,36449,44555,40540,61483,52658,87118,74726,92389,103321,114377,154855,198397,59852,108583,2226426,976873,309052,154106,778867,111784,23949,226,154
2021-05-20T23:59:59+02:00,92,97,57047,56526,122104,130695,149317,171444,233489,268811,349897,368799,305436,341935,227073,289480,68206,124247,18006,17114,34281,42312,38093,58592,49847,83358,70806,87913,99216,109769,152404,195390,59673,108230,2168575,957671,302409,152169,772927,94163,21057,218,154
2021-05-19T23:59:59+02:00,91,95,54840,54335,117102,126022,142161,164843,222973,259472,339377,357930,302798,339072,226328,288442,68057,123971,17426,16333,33059,40731,36689,56532,47840,80590,67574,84347,95342,105305,148786,190680,59411,107738,2102808,934331,296167,150200,769964,84688,19229,218,141
2021-05-18T23:59:59+02:00,86,90,52750,52378,112321,121769,135799,159281,211423,249116,329523,348153,300134,336110,225453,287246,67905,123717,16910,15736,31860,39277,35347,54746,46039,78200,64700,81130,91353,100787,145601,186629,59200,107303,2043046,914189,286828,147353,766383,76086,17251,215,141
2021-05-17T23:59:59+02:00,83,87,51718,51385,109994,119722,133006,156640,204920,243117,321969,341086,298351,334146,224869,286424,67798,123505,16478,15295,30827,38237,34192,53470,44564,76416,62456,78743,86534,94939,144141,184748,59050,106988,2016306,902581,274585,139901,762988,69461,15193,214,139
2021-05-16T23:59:59+02:00,82,84,50935,50730,108556,118404,131269,154983,201955,240442,314545,334146,297334,333018,224562,285941,67746,123408,16197,14925,30080,37464,33325,52553,43503,75107,61127,77275,83127,90876,143355,183676,58963,106849,2001016,896534,264175,133146,759755,65337,13444,213,135
2021-05-15T23:59:59+02:00,82,84,50399,50097,107558,117418,130260,153875,200028,238512,310988,330946,296715,332331,224366,285671,67726,123344,16059,14763,29826,37159,33038,52123,43017,74463,60282,76295,82532,90064,142842,183010,58927,106802,1984861,891312,264158,133001,758893,64213,12736,212,134
2021-05-14T23:59:59+02:00,81,84,49147,48680,105314,115330,126675,150431,191834,231462,304695,325080,295738,331199,224081,285223,67679,123249,15562,14340,29047,36344,32274,50937,41944,72690,58726,74353,80634,87583,142233,182026,58887,106715,1947716,881716,262461,132136,754351,58803,11697,209,134
2021-05-13T23:59:59+02:00,78,83,47236,46735,101483,112111,121976,146333,181839,222897,294108,315284,292773,327782,223273,284087,67579,123042,14702,13898,28194,35649,31514,50041,41004,71606,57226,72793,76869,83252,139479,178434,58777,106500,1896242,869221,253876,125124,748134,54962,10683,205,133
2021-05-12T23:59:59+02:00,76,81,46326,46033,99571,110688,119923,144679,179301,220791,289384,309970,291611,326518,223031,283767,67541,122957,14537,13747,27877,35433,31114,49752,40563,71233,56689,72227,75538,81638,138703,177309,58691,106340,1873237,863519,251717,123345,747646,54692,9885,202,132
2021-05-11T23:59:59+02:00,72,75,44086,44562,95558,107622,114130,139961,165962,209538,277755,299227,288215,322612,222075,282366,67392,122658,14110,13183,26869,34011,29989,47957,39265,68962,54981,69964,72462,78064,137356,175485,58533,105983,1814489,851308,242037,120666,739156,46830,8419,198,130
2021-05-10T23:59:59+02:00,71,71,42837,43594,92964,105623,110886,137342,157590,202536,269897,292131,286045,320167,221499,281504,67267,122418,13766,12739,26110,33030,29195,46704,38272,67108,53760,68235,70384,75518,136217,173977,58414,105696,1779015,842466,236002,119619,732207,39643,7451,194,124
2021-05-09T23:59:59+02:00,70,71,41721,42826,90294,103883,108239,135579,152591,199124,264393,287211,284811,318787,221123,280975,67201,122272,13453,12522,25420,32364,28468,45902,37483,66149,52819,67286,69156,74117,135624,173147,58359,105565,1759769,837902,228925,118632,726244,34889,6462,193,124
2021-05-08T23:59:59+02:00,69,71,41430,42528,89451,103153,107156,134733,151150,197914,261842,285155,284310,318245,221005,280796,67185,122240,13351,12461,25292,32273,28323,45773,37294,65957,52481,66969,68194,73197,134561,171783,58312,105472,1747809,833319,228417,117890,726021,34113,6449,157,97
2021-05-07T23:59:59+02:00,67,70,40508,41814,87529,101821,104352,132527,146539,194120,255612,279654,282975,316651,220657,280339,67132,122117,12606,11977,24470,31542,27563,44714,36433,64697,51302,65461,65955,70515,132348,168979,58223,105294,1722122,823698,225222,115636,721903,27327,5496,156,96
2021-05-06T23:59:59+02:00,63,69,37866,40095,82789,98372,98375,127790,136379,185629,239193,265267,277860,310873,219369,278654,66957,121801,11920,11461,23535,30439,26570,43367,35079,62700,49569,63495,63475,67401,130250,166225,58110,105076,1656690,812661,215328,112537,711048,18966,4586,149,95
2021-05-05T23:59:59+02:00,61,66,35980,38903,79145,95792,93787,124151,128567,179108,224465,251244,271681,303741,217797,276665,66711,121278,11685,11187,22998,29716,25970,42443,34156,61301,48422,62085,60875,64302,127322,162538,58012,104825,1590569,800432,210269,108988,705034,14981,3514,149,94
2021-05-04T23:59:59+02:00,61,64,34878,37802,76429,93485,90291,121114,123015,174380,213865,240986,266200,297298,216357,274823,66503,120810,11524,10986,22596,29178,25514,41675,33443,60225,47316,60815,58163,61137,124969,159611,57862,104589,1541599,788609,205163,106365,698976,11846,2863,148,91
2021-05-03T23:59:59+02:00,60,62,34013,36751,74149,91673,87418,118771,118576,170745,207220,234990,262926,293437,215559,273740,66382,120515,11282,10716,22205,28603,25036,40978,32761,59260,46296,59678,55389,57806,121212,154729,57605,104152,1509892,772831,202056,104661,694066,9085,1210,146,90
2021-05-02T23:59:59+02:00,60,62,33662,36433,72979,90775,85957,117677,116156,168881,204129,232486,261968,292350,215274,273332,66317,120407,11211,10645,22017,28393,24811,40692,32424,58856,45845,59203,54201,56353,118159,151062,57522,104022,1499315,767841,199270,99127,690209,8186,344,145,87
2021-05-01T23:59:59+02:00,59,62,33348,36062,72219,89984,84889,116639,114698,167527,201053,229457,261279,291530,215065,273051,66306,120369,11197,10630,21964,28363,24752,40654,32363,58799,45762,59128,53960,56062,118000,150866,57513,104005,1484275,766535,199268,99087,689945,8138,340,144,87
2021-04-30T23:59:59+02:00,56,59,32809,35463,71014,88766,83432,114915,110927,163971,193672,222352,259287,289167,214617,272445,66246,120263,10878,10436,21604,28086,24478,40232,32038,58239,45301,58498,53067,54901,117052,149682,57458,103886,1451452,762871,198943,97106,689150,5800,144,143,84
2021-04-29T23:59:59+02:00,54,57,31313,34517,68107,86751,79812,112321,105830,159878,180885,210824,251370,280079,213420,270816,66111,119914,10576,10225,21130,27638,24049,39734,31457,57498,44503,57568,51240,52714,115207,147449,57358,103691,1396706,754068,191666,94434,683792,3497,124,136,82
2021-04-28T23:59:59+02:00,53,55,30080,33907,66245,85447,77334,110507,102413,157030,171218,201665,240533,267499,212141,269130,65914,119586,10393,10066,20834,27288,23687,39265,31037,56847,43779,56747,49127,50104,112633,144224,57235,103479,1344157,744562,188314,89905,678426,2271,94,129,80
2021-04-27T23:59:59+02:00,50,54,29325,33225,64676,83987,75340,108705,99662,154641,166510,196951,232038,257701,210996,267518,65794,119363,10270,9955,20553,26999,23451,38937,30680,56352,43098,56057,47127,47567,109996,140800,57118,103280,1310192,734779,186019,85905,670462,1554,93,127,76
2021-04-26T23:59:59+02:00,49,54,28897,32844,63580,83105,73846,107546,97387,152937,157908,188950,227857,252864,210292,266529,65703,119165,10178,9864,20340,26814,23215,38720,30386,56014,42486,55484,45324,45424,108109,138326,57023,103127,1281322,726843,184580,82820,663750,1174,89,125,74
2021-04-25T23:59:59+02:00,49,53,28647,32607,62806,82585,72788,106816,95662,151717,152536,184086,223529,247990,209703,265752,65638,119044,10123,9830,20261,26740,23129,38639,30275,55890,42326,55325,44911,44927,107431,137419,56995,103057,1268617,725189,178448,81053,655081,1042,87,125,73
2021-04-24T23:59:59+02:00,49,52,28304,32181,61872,81368,71606,105375,94116,150064,147645,178947,220747,244665,209233,265080,65604,118994,10108,9812,20220,26698,23079,38575,30194,55804,42177,55189,44669,44620,107182,137125,56974,103029,1243810,724107,178423,80355,653806,1000,86,125,72
2021-04-23T23:59:59+02:00,47,52,27558,31562,60305,79865,69822,103362,91534,147435,142882,174567,216205,239129,208580,264089,65542,118879,10056,9751,20111,26612,22948,38425,29961,55599,41815,54859,44051,43864,106122,135846,56817,102754,1219012,720768,177246,77885,645291,948,85,123,70
2021-04-22T23:59:59+02:00,45,51,26944,30963,58773,78431,67359,101150,87418,143952,134855,167090,207185,228150,206543,261459,65344,118484,9931,9655,19862,26321,22596,37994,29447,55085,41058,54224,42884,42539,104134,133404,56589,102356,1177552,713325,169815,73942,636962,823,85,119,68
2021-04-21T23:59:59+02:00,45,49,26452,30443,57450,77332,65479,99526,84394,141319,127680,160290,194135,212836,204397,258574,65119,118059,9801,9569,19631,26076,22313,37670,29096,54637,40509,53695,42041,41523,101953,130627,56336,101946,1126176,706811,166939,69873,630600,751,85,112,67
2021-04-20T23:59:59+02:00,44,48,26028,29977,56296,76194,63811,97952,81857,138749,122609,155240,182676,199400,201978,255449,64886,117638,9699,9480,19414,25888,22022,37401,28689,54227,39970,53164,41229,40595,99740,127649,56000,101409,1083663,699296,163455,66625,623850,673,83,110,63
2021-04-19T23:59:59+02:00,44,47,25663,29625,55329,75376,62531,96781,79737,136829,119097,151868,176939,192568,200272,253221,64705,117309,9591,9390,19184,25670,21779,37130,28374,53837,39460,52636,40435,39688,96648,123690,55595,100699,1059194,688977,161631,64211,617255,637,82,105,63
2021-04-18T23:59:59+02:00,43,45,25360,29365,54562,74831,61410,95836,77891,135412,115739,149479,171840,187025,199262,251998,64597,117119,9518,9316,18997,25499,21603,36965,28158,53562,39200,52387,40107,39301,95433,122147,55414,100403,1045270,685127,159966,62281,606710,622,82,105,62
2021-04-17T23:59:59+02:00,42,44,25251,29273,54191,74637,60895,95485,77240,134816,114895,148739,167594,182149,198728,251274,64562,117054,9473,9257,18859,25311,21417,36735,27932,53288,38935,52120,39809,38981,94674,121220,55350,100321,1034407,681125,159938,61967,602655,610,82,105,62
2021-04-16T23:59:59+02:00,42,44,24879,29025,53204,74031,59616,94610,75622,133487,110761,144605,159972,173385,197078,249075,64453,116846,9264,9082,18467,24886,20842,36164,26834,52392,36929,50529,36528,36082,91505,117720,54948,99666,1008558,666192,159153,55094,593154,571,82,104,61
2021-04-15T23:59:59+02:00,38,40,24405,28573,51957,72866,57661,92885,72357,130645,105297,139336,152119,164418,192426,243207,64157,116229,9090,8921,18099,24465,20350,35507,26158,51601,35540,49303,34424,34064,88411,114001,54441,98810,976396,653163,157102,49523,575246,520,81,103,59
2021-04-14T23:59:59+02:00,36,36,24063,28249,51020,71931,56323,91498,69976,128491,101314,135577,142932,154050,184693,233333,63817,115561,8687,8650,17628,23961,19815,34866,25249,50725,34255,48182,32384,31920,85439,110361,53951,97952,938573,638318,154437,45308,560018,422,80,100,58
2021-04-13T23:59:59+02:00,36,36,23826,28035,50327,71393,55383,90678,68343,127087,97595,132148,131114,140944,178307,225001,63477,114972,8453,8480,17285,23558,19396,34336,24587,49931,33190,47173,31003,30564,83304,107997,53595,97410,905378,629065,149928,40921,543525,300,80,98,56
2021-04-12T23:59:59+02:00,35,35,23619,27850,49778,70885,54523,89946,66884,125802,94970,129824,124015,132918,175085,221053,63208,114481,8214,8294,16929,23263,19030,33902,24118,49396,32523,46549,29487,29028,81649,106064,53269,96889,889000,620673,148394,37672,527643,281,80,97,55
2021-04-11T23:59:59+02:00,34,35,23448,27691,49255,70466,53795,89493,65748,125000,93116,128349,118543,126914,171167,216454,63039,114185,8082,8160,16633,22984,18712,33594,23762,49016,32077,46165,28854,28364,80631,104820,53061,96571,881551,615396,143988,35847,511320,266,78,96,54
2021-04-10T23:59:59+02:00,34,35,23387,27634,49089,70333,53596,89337,65422,124734,92593,127915,116462,124390,169729,214606,62998,114085,7496,7558,15743,22200,17756,32755,22642,47984,30967,45172,28195,27652,78541,102215,52795,96135,874574,600101,143136,35468,508799,260,74,96,54
2021-04-09T23:59:59+02:00,33,35,23142,27387,48590,69842,52958,88657,64427,123614,90770,126011,107653,113465,166358,210206,62800,113729,6538,6661,14218,20881,16038,31200,20506,46022,28770,43168,26424,25832,75048,98048,52253,95297,855208,572721,136093,33959,498512,249,67,91,53
2021-04-08T23:59:59+02:00,33,35,22847,27142,48011,69354,52208,87962,63124,122536,88359,123848,97363,101496,160826,203369,62474,113165,5898,6074,13032,19867,14781,29862,18866,44311,26275,40836,23412,22869,70412,92299,51116,93549,836587,541253,127212,32020,480501,216,57,89,53
2021-04-07T23:59:59+02:00,31,34,22537,26918,47212,68900,51286,87353,61740,121558,85231,121416,88194,91218,153836,194595,62180,112604,5518,5753,12376,19194,13969,29035,17824,43260,24369,38942,20880,20349,66467,87542,50124,91936,816238,517839,121629,29544,459126,184,53,88,52
2021-04-06T23:59:59+02:00,30,34,22327,26757,46688,68521,50699,86829,60709,120783,83129,119675,80439,82421,147486,186637,61837,111977,5326,5596,12029,18839,13619,28604,17291,42701,23507,38136,19756,19322,63317,83459,49205,90556,796993,504516,118423,26609,441715,173,49,86,50
2021-04-05T23:59:59+02:00,30,33,22230,26633,46377,68179,50317,86432,60163,120093,81952,118523,75968,77336,142493,180541,61636,111662,5188,5457,11768,18587,13325,28292,16971,42329,23063,37677,19293,18853,60446,79914,48507,89491,787582,495211,116675,23818,426495,168,46,84,50
2021-04-04T23:59:59+02:00,30,33,22182,26573,46256,67912,50148,86119,59884,119593,81445,117892,74530,75631,141793,179565,61599,111580,5184,5451,11751,18574,13314,28276,16953,42312,22965,37605,18886,18530,59012,78070,48302,89180,785049,490430,116572,23816,421305,161,42,81,48
2021-04-03T23:59:59+02:00,30,33,22120,26492,46133,67804,49986,85944,59568,119281,80878,117316,73185,73997,140679,178029,61516,111432,5175,5443,11738,18556,13291,28256,16919,42265,22860,37531,18750,18381,58662,77510,48213,89035,778696,488651,116530,23816,419359,161,41,80,48
2021-04-02T23:59:59+02:00,30,33,22043,26410,45973,67639,49769,85696,59100,118832,80000,116504,71631,72117,138402,175052,61319,111074,5156,5406,11691,18514,13237,28174,16830,42117,22587,37053,18393,18019,56322,74633,47403,87939,769599,480186,114756,23173,417432,161,39,79,46
2021-04-01T23:59:59+02:00,27,31,21849,26206,45556,67120,49126,84957,58225,117893,78120,114837,68373,68693,134328,169886,61002,110509,5009,5264,11420,18252,13014,27941,16508,41809,22087,36613,17578,17277,51496,68617,45728,85485,757976,462196,108677,21805,410251,147,34,77,45
2021-03-31T23:59:59+02:00,27,31,21523,25987,45156,66598,48635,84310,57498,116955,76964,113594,66335,66379,129578,163784,60600,109787,4931,5214,11325,18134,12854,27791,16269,41540,21496,36105,16450,16374,46297,62217,44353,83514,748242,443916,101535,20861,404136,144,30,75,41
2021-03-30T23:59:59+02:00,27,30,21347,25767,44758,65980,48131,83514,56792,115904,75831,112222,64499,64362,125205,158037,60133,108887,4864,5130,11220,18008,12662,27602,15941,41217,20919,35556,15616,15573,43540,58811,43238,81721,738084,432060,97321,19502,396200,115,26,70,40
2021-03-29T23:59:59+02:00,26,30,21150,25528,44299,65430,47656,82825,56058,114830,74609,110788,62015,61622,118478,149405,59363,107494,4767,5061,11115,17897,12511,27436,15694,40898,20463,35088,14964,15034,40957,55833,42133,79902,717581,420884,93903,18827,390300,101,26,70,39
2021-03-28T23:59:59+02:00,26,30,20945,25240,43801,64748,47142,82084,55379,113826,73669,109685,60756,60189,113779,143439,58919,106737,4712,5003,10969,17752,12257,27138,15503,40652,20296,34857,14726,14790,39877,54416,41785,79366,711057,416579,86603,17501,382912,81,26,69,36
2021-03-27T23:59:59+01:00,26,30,20826,25084,43509,64383,46783,81555,54879,113136,72999,108948,59603,59107,112299,141733,58852,106659,4699,4991,10942,17733,12239,27108,15142,40226,19897,34421,14433,14578,39392,53731,41312,78550,705796,412534,85903,16847,378889,75,26,69,36
2021-03-26T23:59:59+01:00,26,29,20574,24572,42707,62683,45817,79533,53546,110122,70990,105340,57596,57231,109552,138502,58526,106145,4681,4958,10918,17681,12170,27016,15064,40117,19558,33829,13966,13929,36331,49902,39257,75310,694436,398060,82599,16629,366632,61,23,68,36
2021-03-25T23:59:59+01:00,26,27,20143,23900,41834,60923,44725,76985,52036,106604,68606,101578,55006,54600,106246,134537,57955,105156,4635,4904,10827,17579,12051,26871,14880,39898,19284,33523,13492,13439,32484,44859,36264,70781,683034,379746,78405,16032,349624,56,21,67,36
2021-03-24T23:59:59+01:00,26,27,19744,23455,41058,59657,43714,75450,50662,104689,66515,99251,52226,51691,102000,129440,57318,104079,4581,4838,10734,17441,11884,26671,14649,39616,18917,33105,13037,12986,29920,41648,33153,65948,670251,364215,73536,14931,337396,50,16,65,36
2021-03-23T23:59:59+01:00,26,27,19498,23156,40498,58750,42995,74364,49632,103180,64864,97398,49940,49350,99245,126230,56759,103240,4522,4768,10634,17317,11738,26491,14405,39306,18501,32719,12535,12480,27491,38555,29493,60058,662152,346691,70195,14343,326987,46,15,63,36
2021-03-22T23:59:59+01:00,26,27,19279,22745,39864,57871,42330,73328,48688,101798,63392,95770,48112,47469,96849,123486,56287,102468,4464,4721,10548,17203,11608,26315,14248,39066,18262,32418,12225,12107,25660,36208,25548,53694,655873,330525,67390,13791,316708,43,15,62,35
2021-03-21T23:59:59+01:00,26,27,19142,22486,39373,57118,41782,72484,48036,100645,62450,94542,47069,46446,95206,121636,55918,101889,4450,4713,10512,17156,11563,26229,14188,38976,18182,32319,12106,11976,25232,35761,25194,53136,653307,328337,65363,13377,307784,43,14,61,35
2021-03-20T23:59:59+01:00,25,27,19082,22341,39163,56623,41544,71925,47725,100008,62013,93942,46419,45680,92610,118407,55633,101403,4441,4706,10503,17144,11536,26213,14145,38940,18100,32245,11947,11815,24593,34987,24432,52052,646854,324632,64915,13188,302978,43,14,61,35
2021-03-19T23:59:59+01:00,25,26,18729,21777,38031,54505,40267,69933,45993,97923,59140,91184,41988,41816,87403,112650,54933,100323,4421,4693,10470,17097,11472,26102,14055,38771,17865,31947,11595,11538,22927,32931,22753,49493,629129,315331,57721,12826,289971,36,14,59,35
2021-03-18T23:59:59+01:00,25,25,18336,21133,36859,52353,38727,67146,43842,93460,55297,85393,37961,38021,82678,107175,53846,98664,4401,4665,10402,16994,11394,25949,13905,38582,17647,31745,11363,11356,21682,31418,21042,46896,612219,307255,51984,12216,266907,33,14,59,34
2021-03-17T23:59:59+01:00,25,24,17917,20783,36134,51437,37964,66194,42762,92107,53510,83568,35293,35241,78658,102355,52902,97191,4378,4640,10340,16901,11322,25815,13792,38395,17449,31554,11126,11134,20443,30008,19453,44498,595583,299767,47590,11511,261057,30,14,58,34
2021-03-16T23:59:59+01:00,24,24,17561,20365,35389,50370,37150,65002,41667,90440,51674,81581,33091,33226,74640,97430,52022,95877,4328,4591,10267,16774,11231,25665,13694,38159,17314,31311,10956,10957,19164,28494,17972,42177,582360,292008,42904,11077,252431,29,11,57,34
2021-03-15T23:59:59+01:00,24,24,17283,20001,34684,49392,36362,63810,40764,88960,50415,79983,31373,31390,71360,93343,51325,94745,4306,4557,10201,16651,11165,25464,13580,37872,17165,31039,10789,10799,18434,27531,16715,40318,571251,286200,39582,10429,244575,28,0,56,34
2021-03-14T23:59:59+01:00,24,23,17015,19574,33831,48183,35463,62492,39709,87134,49162,78260,30211,30159,69367,90782,50880,94069,4281,4538,10156,16574,11108,25322,13520,37650,17075,30875,10718,10714,18252,27250,16453,39758,564146,285003,37706,9295,234656,17,0,52,34
2021-03-13T23:59:59+01:00,24,23,16206,18520,32339,46159,33891,60367,37675,84078,47038,75721,28864,28810,67353,88161,50611,93678,4281,4538,10154,16569,11105,25315,13511,37644,17069,30866,10681,10681,17505,26365,15408,38306,547801,280756,37421,9294,224453,17,0,52,34
2021-03-12T23:59:59+01:00,23,23,15104,17144,29898,43512,31226,57227,34814,79224,43830,71262,26032,25621,63050,82861,49632,92276,4269,4505,10136,16507,11087,25264,13465,37527,16978,30735,10404,10454,16625,25122,14339,36787,519804,274973,36110,9283,206996,14,0,50,33
2021-03-11T23:59:59+01:00,22,23,14064,15684,27653,40822,28908,54041,32227,74836,40078,66371,22634,22146,57046,75551,47702,89437,4228,4466,10055,16389,10977,25039,13348,37217,16813,30431,10103,10242,15991,24284,13671,35515,487789,270980,34521,7845,187072,11,0,48,32
2021-03-10T23:59:59+01:00,22,22,13468,14987,26246,39209,27261,52219,30666,72520,37563,63248,19888,19596,51132,68414,46151,87099,4194,4422,9956,16222,10859,24790,13201,36799,16613,30059,9867,10060,15247,23511,13012,34490,461392,266256,32475,7102,175979,9,0,47,32
2021-03-09T23:59:59+01:00,21,21,13185,14522,25126,38171,25847,51035,29603,70867,36183,61416,18710,18475,47625,63977,45026,85311,4170,4396,9872,16056,10756,24531,13048,36483,16439,29823,9744,9958,14586,22675,12517,33716,447801,262557,29951,6270,167491,9,0,47,30
2021-03-08T23:59:59+01:00,20,21,12854,13921,24044,37064,24580,49897,28666,69383,34953,59798,17632,17597,43510,58992,43798,83328,4155,4361,9811,15858,10654,24273,12915,36127,16312,29558,9661,9875,14093,22069,12203,33277,432355,259384,27946,5879,159877,4,0,46,30
2021-03-07T23:59:59+01:00,20,21,12621,13629,23450,36214,23884,49022,28067,68512,34344,59042,17371,17347,42444,57544,43431,82765,4143,4348,9791,15816,10627,24200,12883,35957,16255,29444,9639,9846,13894,21816,12067,33075,427600,258327,26132,5539,156113,0,0,45,29
2021-03-06T23:59:59+01:00,20,20,12508,13338,23048,35481,23355,48235,27021,66986,33246,57280,16985,17018,41799,56655,43130,82298,4140,4334,9780,15790,10609,24166,12873,35915,16237,29413,9622,9805,13847,21778,11964,32865,423541,257949,26068,5255,148929,0,0,45,28
2021-03-05T23:59:59+01:00,20,20,12097,12737,22367,34277,22673,47005,26265,65357,32014,54861,16340,16187,38339,52352,40974,78856,4113,4287,9710,15690,10559,24018,12805,35720,16151,29207,9526,9736,13661,21564,11594,32254,408361,256254,24617,4407,139871,0,0,45,27
2021-03-04T23:59:59+01:00,18,20,11338,11732,21180,32551,21455,44961,24910,62707,30319,52505,15610,15470,34336,47187,37895,74168,4064,4198,9597,15401,10457,23661,12672,35191,16006,28809,9352,9583,13504,21354,11510,32109,389925,253219,22544,4315,125999,0,0,45,25
2021-03-03T23:59:59+01:00,16,20,11032,11244,20492,31337,20683,43604,24006,60957,29278,50866,15135,14968,31727,43865,34810,69401,4024,4136,9518,15232,10378,23411,12566,34770,15830,28463,9170,9457,13379,21140,11364,31839,374496,250593,21751,4152,117299,0,0,42,23
2021-03-02T23:59:59+01:00,16,20,10769,10820,19847,30371,19970,42586,23222,59571,28307,49593,14508,14321,29051,40494,30924,63183,3976,4065,9456,15067,10310,23147,12465,34339,15729,28157,9045,9355,13241,20952,11287,31694,356316,248200,20241,4151,111115,0,0,41,23
2021-03-01T23:59:59+01:00,14,19,10598,10561,19336,29569,19410,41706,22633,58501,27595,48470,14093,13866,26981,37905,26669,56299,3961,4016,9401,14912,10246,22848,12385,33962,15623,27834,8963,9295,13058,20684,11172,31511,339106,245788,19131,4148,106084,0,0,41,23
2021-02-28T23:59:59+01:00,13,19,10432,10362,18869,28924,18879,40970,22156,57650,27110,47680,13886,13625,26373,37245,26264,55697,3945,4002,9377,14880,10227,22797,12368,33892,15596,27788,8937,9271,12927,20506,11109,31361,336664,244936,18271,4112,101313,0,0,41,23
2021-02-27T23:59:59+01:00,13,18,10253,9847,18540,28057,18621,40186,21871,56668,26782,46888,13610,13324,25706,36441,25342,54279,3933,3991,9356,14860,10195,22749,12329,33810,15552,27715,8915,9255,12918,20490,11105,31354,332759,244585,17549,4007,96230,0,0,41,23
2021-02-26T23:59:59+01:00,12,17,9457,9062,17639,26618,17840,37979,20943,53819,25323,44064,13144,12923,24118,34454,23819,51973,3852,3923,9278,14699,10121,22494,12248,33445,15435,27421,8835,9173,12851,20422,11064,31284,323649,242678,17296,3933,82346,0,0,41,21
2021-02-25T23:59:59+01:00,12,17,8298,8212,16317,25014,16572,35717,19705,50934,23614,41284,12671,12522,22839,32861,22324,49691,3730,3780,9116,14387,9901,21891,11995,32593,15110,26768,8639,9021,12591,20098,10923,31016,316031,238546,16525,3080,66133,0,0,40,20
2021-02-24T23:59:59+01:00,11,16,7933,7689,15662,23978,15943,34480,18990,49421,22823,40086,12275,12186,21533,31363,20644,47064,3658,3713,8976,14096,9725,21439,11795,31968,14847,26233,8498,8884,12449,19925,10858,30805,307786,235778,15560,2155,58834,0,0,40,20
2021-02-23T23:59:59+01:00,11,16,7449,7212,14849,22803,15258,33262,18270,48011,22105,39017,11968,11862,20196,29789,19030,44508,3618,3638,8856,13894,9589,21043,11608,31392,14548,25733,8329,8742,12322,19715,10788,30574,299675,232958,14759,1494,51262,0,0,40,20
2021-02-22T23:59:59+01:00,10,14,7342,7007,14466,22186,14908,32535,17808,47005,21611,38284,11771,11613,19449,28782,17716,42555,3588,3536,8719,13602,9425,20542,11354,30653,14177,25137,8082,8549,12123,19463,10684,30271,293821,229657,14149,310,47172,0,0,39,20
2021-02-21T23:59:59+01:00,10,14,7252,6882,14145,21745,14489,31952,17393,46354,21174,37790,11665,11512,19286,28569,17469,42222,3550,3496,8637,13479,9350,20326,11283,30361,14056,24868,8020,8487,12067,19356,10613,30108,292680,227822,13777,296,43542,0,0,39,20
2021-02-20T23:59:59+01:00,10,14,7135,6832,14020,21665,14373,31818,17274,46204,21016,37609,11566,11429,18505,27652,16413,40752,3548,3490,8627,13471,9340,20305,11269,30336,14043,24857,8015,8478,12002,19292,10559,30040,288428,227439,13580,295,42352,0,0,39,19
2021-02-19T23:59:59+01:00,8,13,6835,6580,13667,21226,14002,31149,16800,45408,20310,36740,10964,11028,17462,26320,15256,39144,3468,3467,8551,13444,9298,20248,11231,30245,13984,24763,7972,8418,11779,19019,10366,29709,282050,225731,13205,294,37729,0,0,36,18
2021-02-18T23:59:59+01:00,8,13,6438,6105,13040,20083,13362,29774,15984,43537,19438,35162,10734,10809,16871,25567,14679,38261,3283,3330,8218,12904,9006,19500,10881,29208,13619,23936,7767,8109,11193,18068,9869,28559,278477,217219,12623,294,28835,0,0,36,18
2021-02-17T23:59:59+01:00,8,12,6273,5762,12594,19202,12874,28583,15284,41815,18791,33836,10507,10558,16115,24753,13902,37071,3034,3170,7878,12390,8705,18711,10511,28165,13228,23086,7534,7874,10636,17217,9431,27741,273809,209078,11892,292,22305,0,0,36,18
2021-02-16T23:59:59+01:00,8,12,5947,5461,12057,18368,12370,27508,14739,40436,18199,32802,10354,10453,15447,23922,13394,36282,2851,3050,7576,11941,8399,17987,10114,27077,12763,22190,7263,7581,9919,16046,8705,26191,270277,199574,11396,137,16152,0,0,34,18
2021-02-15T23:59:59+01:00,8,12,5842,5282,11763,17726,12104,26724,14391,39444,17851,32032,10229,10342,14887,23268,13033,35743,2762,2970,7385,11619,8180,17482,9815,26234,12413,21507,6982,7297,9219,14991,8190,24910,267177,191924,10793,91,12777,0,0,34,17
2021-02-14T23:59:59+01:00,8,12,5574,5167,11515,17454,11881,26288,14157,38998,17660,31755,10184,10291,14654,22929,12868,35349,2712,2932,7271,11455,8051,17276,9640,25903,12235,21206,6887,7174,8998,14607,8002,24376,266177,188693,9857,90,10777,0,0,32,17
2021-02-13T23:59:59+01:00,8,12,5514,5129,11465,17418,11851,26257,14129,38966,17640,31736,10171,10264,14627,22898,12856,35332,2708,2929,7266,11448,8039,17256,9625,25869,12208,21163,6857,7140,8844,14395,7650,23750,265936,187193,9856,12,10549,0,0,31,16
2021-02-12T23:59:59+01:00,8,11,4998,4811,10894,17056,11533,25706,13810,38322,17312,31094,10060,10157,14443,22684,12776,35223,2658,2896,7172,11292,7938,17025,9475,25477,11991,20719,6676,6908,8483,13834,7058,22411,264240,182060,9845,11,6879,0,0,31,16
2021-02-11T23:59:59+01:00,8,10,4536,4510,10307,16375,11121,24899,13330,37059,16822,30234,9745,9896,14161,22236,12496,34540,2490,2622,6573,10103,7251,15291,8616,22867,10944,18642,6025,6195,7439,12219,6243,20091,261010,163658,8204,8,3137,0,0,29,15
2021-02-10T23:59:59+01:00,8,10,4290,4343,9971,15923,10812,24359,13018,36176,16406,29483,9531,9758,13980,22031,12404,34334,2129,2331,5636,8646,6451,13250,7627,19960,9820,16611,5480,5609,6456,10559,5468,18033,258363,144119,7705,7,835,0,0,28,2
2021-02-09T23:59:59+01:00,8,9,4227,4245,9848,15656,10703,23958,12848,35554,16194,29010,9353,9622,13785,21822,12262,34112,1733,1979,4859,7380,5679,11456,6705,17453,8733,14618,4903,4980,5407,9007,4738,15932,255923,125616,6928,1,431,0,0,27,2
2021-02-08T23:59:59+01:00,8,9,4193,4190,9755,15444,10595,23600,12730,35093,16054,28652,9261,9555,13583,21539,12153,33919,1569,1784,4302,6390,5019,9884,5885,14929,7714,12768,4344,4447,4424,7422,3975,13857,253558,108762,6413,1,425,0,0,27,2
2021-02-07T23:59:59+01:00,8,9,4028,4123,9599,15307,10492,23434,12651,34830,15942,28460,9220,9510,13438,21356,12080,33776,1354,1537,3883,5718,4606,9006,5461,13770,7231,11811,4088,4187,4194,7029,3815,13262,252457,100999,5867,1,0,0,0,27,1
2021-02-06T23:59:59+01:00,8,9,4019,4114,9589,15291,10479,23398,12629,34780,15925,28403,9200,9496,13420,21321,11975,33579,1202,1341,3650,5411,4420,8581,5241,13182,6951,11253,3951,4050,4069,6880,3537,12804,252114,96568,5582,1,0,0,0,27,0
2021-02-05T23:59:59+01:00,8,8,3946,4047,9517,15148,10412,23147,12544,34410,15810,28122,9116,9422,13347,21246,11626,32982,1061,1113,3370,4966,4161,8002,4923,12405,6565,10525,3690,3804,3908,6653,3035,11919,250228,90142,4690,0,0,0,0,26,0
2021-02-04T23:59:59+01:00,8,8,3889,3924,9397,14834,10235,22600,12357,33614,15593,27560,8992,9313,13123,20953,11513,32781,797,780,2545,3717,3225,6260,3971,9862,5241,8313,3009,3092,3283,5668,2643,10421,246289,72858,4466,0,0,0,0,25,0
2021-02-03T23:59:59+01:00,8,8,3820,3853,9293,14612,10131,22265,12224,33105,15443,27140,8883,9198,12982,20775,11437,32616,661,612,1922,2802,2491,4833,3001,7576,4009,6267,2200,2228,2399,4204,1916,7814,243556,54961,4298,0,0,0,0,25,0
2021-02-02T23:59:59+01:00,8,8,3754,3758,9193,14419,10034,21885,12081,32541,15241,26686,8759,9084,12859,20565,11354,32350,525,485,1453,2068,1904,3634,2257,5764,2990,4687,1557,1530,1636,2769,1333,5201,240342,39811,4296,0,0,0,0,25,0
2021-02-01T23:59:59+01:00,7,8,3714,3668,9113,14188,9928,21497,11944,31904,15059,26183,8641,8936,12750,20422,11303,32175,391,352,1012,1429,1254,2418,1469,3777,1855,2968,984,972,970,1689,765,3013,237204,25327,4296,0,0,0,0,24,0
2021-01-31T23:59:59+01:00,7,8,3696,3633,9060,14080,9859,21293,11878,31607,14955,25985,8585,8877,12699,20311,11258,32046,361,331,892,1239,1065,2046,1267,3225,1622,2602,886,881,866,1506,694,2707,235716,22197,4181,0,0,0,0,23,0
2021-01-30T23:59:59+01:00,7,8,3696,3630,9050,14067,9845,21271,11865,31587,14943,25971,8581,8872,12640,20248,11208,31981,344,307,832,1155,1008,1923,1203,3035,1547,2465,858,855,847,1466,679,2654,235397,21184,4133,0,0,0,0,23,0
2021-01-29T23:59:59+01:00,7,8,3636,3615,8989,14038,9816,21220,11833,31512,14896,25903,8557,8849,12453,20023,11028,31738,277,224,712,983,864,1563,1048,2646,1336,2140,769,765,798,1411,661,2601,234178,18802,4006,0,0,0,0,20,0
2021-01-28T23:59:59+01:00,7,8,3517,3529,8785,13651,9596,20708,11602,30933,14570,25404,8420,8748,12018,19403,10672,31157,131,57,293,360,376,607,458,1149,607,960,407,423,467,811,378,1571,229392,9057,3399,0,0,0,0,20,0
2021-01-27T23:59:59+01:00,7,8,3286,3394,8492,13236,9295,20086,11220,30097,14183,24667,8204,8537,11468,18598,10247,30394,79,33,203,222,242,412,304,802,428,662,309,309,347,605,284,1149,222686,6391,2791,0,0,0,0,20,0
2021-01-26T23:59:59+01:00,6,8,3120,3297,8210,12899,9032,19516,10915,29340,13786,24038,7968,8316,10890,17684,9600,29242,74,29,188,212,226,378,288,751,397,601,294,284,320,542,258,1019,215974,5862,1950,0,0,0,0,20,0
2021-01-25T23:59:59+01:00,6,8,3033,3202,7929,12417,8741,18810,10529,28338,13306,23276,7685,8117,10272,16868,9144,28341,66,21,168,191,194,322,249,631,345,497,257,240,266,465,210,831,209674,4954,405,0,0,0,0,18,0
2021-01-24T23:59:59+01:00,6,8,2989,3181,7844,12339,8667,18685,10420,28178,13178,23094,7643,8082,10207,16756,9096,28245,65,20,164,187,192,309,246,610,337,483,248,236,264,458,206,816,208371,4842,303,0,0,0,0,18,0
2021-01-23T23:59:59+01:00,6,8,2988,3180,7843,12336,8663,18675,10419,28165,13172,23089,7636,8079,10083,16591,8768,27658,64,20,164,187,191,308,244,610,335,483,248,236,264,458,206,815,207115,4834,301,0,0,0,0,17,0
2021-01-22T23:59:59+01:00,6,8,2926,3134,7719,12223,8580,18535,10309,27995,13092,22974,7606,8046,9885,16289,8250,26634,64,20,163,187,191,308,244,610,334,483,248,236,264,458,206,815,203968,4832,301,0,0,0,0,16,0
2021-01-21T23:59:59+01:00,6,8,2844,2964,7220,11310,8096,17389,9772,26373,12487,21758,7321,7719,9245,15328,7725,25562,58,18,148,173,174,277,219,534,297,443,222,209,233,378,176,684,192881,4244,301,0,0,0,0,16,0
2021-01-20T23:59:59+01:00,6,8,2485,2617,6339,9901,7351,15436,8819,23544,11377,19685,6720,7067,8150,13561,6911,23340,56,18,147,168,171,275,212,520,286,421,210,202,227,353,162,646,173067,4075,298,0,0,0,0,16,0
2021-01-19T23:59:59+01:00,6,8,2043,2261,5440,8517,6487,13543,7797,20753,10105,17445,5963,6182,6761,11368,5889,20284,40,11,98,124,115,171,149,356,187,293,133,115,139,235,113,479,150676,2758,217,0,0,0,0,16,0
2021-01-18T23:59:59+01:00,5,8,1770,1972,4685,7135,5532,11304,6599,17159,8676,14730,5080,5300,5375,9114,4815,16797,21,6,38,46,52,79,65,162,74,147,59,54,66,131,62,220,126000,1282,93,0,0,0,0,16,0
2021-01-17T23:59:59+01:00,4,8,1493,1682,4172,6341,5024,10172,6063,15584,8037,13465,4740,4951,5002,8441,4486,15791,8,2,8,15,15,28,19,51,27,56,23,23,20,31,13,47,115398,386,89,0,0,0,0,15,0
2021-01-16T23:59:59+01:00,4,7,1326,1479,3955,6020,4844,9732,5804,14918,7707,12772,4551,4723,4790,8165,4131,15187,0,0,0,1,1,2,1,1,1,2,0,1,1,0,0,1,110138,12,6,0,0,0,0,14,0
2021-01-15T23:59:59+01:00,4,7,1175,1253,3701,5598,4590,9167,5512,14079,7299,11973,4259,4429,4604,7858,3596,14141,0,0,0,0,0,0,0,0,0,0,0,0,0,0,0,0,103267,0,4,0,0,0,0,14,0
2021-01-14T23:59:59+01:00,3,4,901,940,2955,4410,3726,7351,4568,11336,5902,9628,3458,3560,3866,6633,3112,12329,0,0,0,0,0,0,0,0,0,0,0,0,0,0,0,0,84699,0,0,0,0,0,0,14,0
2021-01-13T23:59:59+01:00,3,3,765,786,2483,3678,3141,6127,3795,9398,4809,7754,2585,2647,2920,5051,2380,9425,0,0,0,0,0,0,0,0,0,0,0,0,0,0,0,0,67763,0,0,0,0,0,0,13,0
2021-01-12T23:59:59+01:00,2,3,634,656,2081,3018,2586,4979,3039,7575,3792,6093,1855,1827,1994,3416,1682,6429,0,0,0,0,0,0,0,0,0,0,0,0,0,0,0,0,51683,0,0,0,0,0,0,0,0
2021-01-11T23:59:59+01:00,1,1,493,522,1737,2444,2077,3977,2354,5758,2816,4422,1193,1130,1196,2003,922,3648,0,0,0,0,0,0,0,0,0,0,0,0,0,0,0,0,36712,0,0,0,0,0,0,0,0
2021-01-10T23:59:59+01:00,1,1,437,453,1479,2020,1736,3256,1944,4773,2340,3704,1052,1006,1051,1757,821,3195,0,0,0,0,0,0,0,0,0,0,0,0,0,0,0,0,31037,0,0,0,0,0,0,0,0
2021-01-09T23:59:59+01:00,1,1,405,409,1355,1843,1591,2966,1790,4324,2155,3373,977,935,992,1703,803,3152,0,0,0,0,0,0,0,0,0,0,0,0,0,0,0,0,28784,0,0,0,0,0,0,0,0
2021-01-08T23:59:59+01:00,1,1,308,281,1107,1501,1313,2297,1472,3546,1785,2756,844,830,904,1580,757,2999,0,0,0,0,0,0,0,0,0,0,0,0,0,0,0,0,24289,0,0,0,0,0,0,0,0
2021-01-07T23:59:59+01:00,1,0,145,76,398,507,477,787,593,1368,778,1203,467,481,560,961,464,1906,0,0,0,0,0,0,0,0,0,0,0,0,0,0,0,0,11173,0,0,0,0,0,0,0,0
2021-01-06T23:59:59+01:00,1,0,110,44,268,285,306,511,397,928,528,823,359,361,423,747,358,1439,0,0,0,0,0,0,0,0,0,0,0,0,0,0,0,0,7889,0,0,0,0,0,0,0,0
2021-01-05T23:59:59+01:00,1,0,86,31,189,230,239,425,319,819,445,704,343,345,406,714,351,1385,0,0,0,0,0,0,0,0,0,0,0,0,0,0,0,0,7033,0,0,0,0,0,0,0,0
2021-01-04T23:59:59+01:00,1,0,68,25,172,193,198,332,255,636,351,512,268,253,286,516,234,927,0,0,0,0,0,0,0,0,0,0,0,0,0,0,0,0,5227,0,0,0,0,0,0,0,0
2021-01-03T23:59:59+01:00,1,0,66,21,166,188,194,318,253,621,343,495,260,251,282,503,232,910,0,0,0,0,0,0,0,0,0,0,0,0,0,0,0,0,5104,0,0,0,0,0,0,0,0
2021-01-02T23:59:59+01:00,1,0,66,21,166,188,194,318,250,621,340,495,260,251,282,503,232,909,0,0,0,0,0,0,0,0,0,0,0,0,0,0,0,0,5097,0,0,0,0,0,0,0,0
2021-01-01T23:59:59+01:00,1,0,65,21,165,188,194,317,250,621,338,493,260,251,282,502,232,909,0,0,0,0,0,0,0,0,0,0,0,0,0,0,0,0,5089,0,0,0,0,0,0,0,0
2020-12-31T23:59:59+01:00,1,0,65,21,165,186,194,316,249,620,337,492,260,251,282,502,232,909,0,0,0,0,0,0,0,0,0,0,0,0,0,0,0,0,5082,0,0,0,0,0,0,0,0
2020-12-30T23:59:59+01:00,1,0,64,21,165,185,192,313,249,618,337,490,260,251,282,502,231,909,0,0,0,0,0,0,0,0,0,0,0,0,0,0,0,0,5070,0,0,0,0,0,0,0,0
2020-12-29T23:59:59+01:00,1,0,45,12,117,140,143,212,181,443,237,376,179,164,194,373,170,709,0,0,0,0,0,0,0,0,0,0,0,0,0,0,0,0,3696,0,0,0,0,0,0,0,0
2020-12-28T23:59:59+01:00,1,0,24,8,64,77,80,122,100,252,118,232,98,93,103,200,103,388,0,0,0,0,0,0,0,0,0,0,0,0,0,0,0,0,2063,0,0,0,0,0,0,0,0
2020-12-27T23:59:59+01:00,0,0,11,3,17,26,36,47,36,89,37,94,32,29,40,73,32,145,0,0,0,0,0,0,0,0,0,0,0,0,0,0,0,0,747,0,0,0,0,0,0,0,0
