Datum,<24_1_m,<24_1_w,25-34_1_m,25-34_1_w,35-44_1_m,35-44_1_w,45-54_1_m,45-54_1_w,55-64_1_m,55-64_1_w,65-74_1_m,65-74_1_w,75-84_1_m,75-84_1_w,>84_1_m,>84_1_w,<24_2_m,<24_2_w,25-34_2_m,25-34_2_w,35-44_2_m,35-44_2_w,45-54_2_m,45-54_2_w,55-64_2_m,55-64_2_w,65-74_2_m,65-74_2_w,75-84_2_m,75-84_2_w,>84_2_m,>84_2_w,bp_1,bp_2,mo_1,mo_2,az_1,az_2,ja
2021-06-09T23:59:59+02:00,115686,114677,208012,200440,244762,255828,353221,374051,424344,438383,307637,347608,218286,283500,57035,108280,36702,38803,69194,76772,78213,101968,106151,146488,158670,179230,181758,207720,176991,231035,50966,96409,2794699,1385984,404591,196869,785242,286812,67524
2021-06-08T23:59:59+02:00,110942,109962,201919,195391,238541,250359,344976,366808,420407,434708,306962,346749,217993,283126,56984,108197,35605,37936,66794,74852,75342,99601,101741,142854,151544,172116,174059,199093,175602,229290,50813,96167,2746868,1349196,398982,193303,784730,277280,63749
2021-06-07T23:59:59+02:00,107238,106460,195934,190774,232389,245450,337417,360843,418000,432726,306505,346191,217807,282844,56942,108120,34614,37000,64314,72929,72465,97520,97838,139808,143507,164127,170719,195219,174383,227724,50650,95863,2709242,1322908,393395,190219,784210,266574,59098
2021-06-06T23:59:59+02:00,105489,104977,192780,188336,229244,242870,333434,357638,416865,431859,306262,345946,217712,282699,56923,108079,33929,36324,62510,71269,70430,95556,94578,136708,137797,158247,168675,193085,173390,226454,50467,95542,2694434,1311316,386707,180766,783725,256446,56552
2021-06-05T23:59:59+02:00,103141,102557,187872,184018,226984,240878,331705,356032,415924,430968,305986,345645,217578,282547,56913,108052,33400,35527,61351,69429,69087,93565,92898,134584,132747,152635,166248,190068,173003,225898,50437,95494,2671171,1287958,386591,180302,783136,252022,56207
2021-06-04T23:59:59+02:00,100397,99694,184228,180424,222942,236827,328246,352617,413933,429124,305595,345176,217413,282347,56882,108001,32844,34728,60247,67792,67833,91451,91066,132011,129209,148704,162370,185729,172173,224843,50399,95418,2642348,1269519,382920,179540,783017,242010,55866
2021-06-03T23:59:59+02:00,96682,96246,178562,175790,215712,230749,320196,345660,407443,423188,304740,344194,217089,281947,56842,107891,31810,33538,58380,65679,65502,88673,87038,127663,122775,142067,156466,178683,170932,223190,50305,95215,2594311,1240859,373246,174624,782598,229470,53081
2021-06-02T23:59:59+02:00,94251,93747,174614,172238,212282,227755,316633,342386,405750,421648,304383,343804,216961,281764,56818,107850,31311,32987,57190,64609,64013,87427,84877,125526,117570,136913,149270,170468,170336,222387,50241,95065,2566408,1209397,371879,172671,782570,225906,52332
2021-06-01T23:59:59+02:00,89309,89381,166362,165741,203236,220257,307649,334656,398370,414529,303085,342408,216496,281108,56724,107662,29493,31341,52804,61716,59325,84192,79322,120910,110309,129553,138743,157750,168684,220173,50072,94710,2509058,1160557,360718,168625,781836,214367,45664
2021-05-31T23:59:59+02:00,86089,86525,160720,161460,195897,214253,300353,328348,393284,410065,302221,341410,216150,280649,56648,107526,28402,30130,50148,59568,56285,81691,75714,117585,105963,125115,134830,153151,167592,218738,49925,94439,2469054,1138652,351577,166417,781218,204271,40052
2021-05-30T23:59:59+02:00,84859,85318,158273,159440,193329,211908,297595,325866,391691,408552,301888,341035,216012,280438,56614,107456,27698,29203,48571,57927,54604,79845,73452,115000,103429,122365,132852,150818,166916,217928,49851,94262,2453445,1129112,349134,165124,780616,193219,37381
2021-05-29T23:59:59+02:00,84168,84653,156657,157926,191043,209928,295889,324370,390898,407803,301710,340829,215937,280376,56608,107439,27319,28544,47591,56444,53277,77922,71467,112070,101093,119597,130279,147637,166339,217145,49829,94215,2439643,1115693,348999,165066,780528,182758,37366
2021-05-28T23:59:59+02:00,82906,83358,154183,155618,187408,206353,292775,321413,389196,406146,301384,340405,215804,280180,56590,107394,26695,27341,45906,54368,51549,75288,69351,108050,96803,113916,126115,142776,165511,216056,49793,94116,2416153,1093451,347963,164854,780298,168441,37001
2021-05-27T23:59:59+02:00,79003,79896,147665,150657,179457,200266,286452,316301,383269,400701,300361,339227,215408,279691,56534,107238,25142,25397,42611,51336,47794,71509,64670,101789,90614,106696,122575,138521,162951,212682,49647,93839,2372147,1065495,340410,162146,778520,148897,31347
2021-05-26T23:59:59+02:00,76459,77442,142658,146488,173373,195165,279862,310718,376844,394241,299196,337943,214984,279072,56451,107061,24269,24327,40746,49176,45467,68731,61537,97898,86041,101685,117841,132918,159451,207774,49477,93486,2335292,1034050,327549,160601,776748,137620,28664
2021-05-25T23:59:59+02:00,74086,75172,138490,142989,168239,190849,272636,304258,371927,389284,298158,336769,214632,278484,56382,106919,23597,23550,39323,47634,43661,66692,58989,94817,81789,97141,113225,127513,154348,201053,49338,93242,2298146,1003224,320111,157216,774258,128530,27053
2021-05-24T23:59:59+02:00,72633,73826,135768,140893,164592,188150,265735,298138,367685,385219,297472,335981,214379,278131,56324,106814,23196,23066,38281,46553,42331,65217,57284,92766,79583,94710,111984,126005,153829,200369,49251,93076,2274715,994145,309281,155954,772505,121981,25532
2021-05-23T23:59:59+02:00,72065,73239,134633,140009,163452,187157,264447,297050,366137,383825,296943,335388,214240,277951,56305,106782,22930,22849,37737,46000,41563,64518,56082,91755,78218,93396,110749,124559,153063,199390,49195,92951,2263322,986173,308724,153065,772461,120419,25409
2021-05-22T23:59:59+02:00,71275,72542,133123,138948,161004,185453,261494,294763,363913,381797,296469,334831,214094,277720,56281,106740,22556,22358,37139,45441,40925,64005,55446,90980,77503,92309,108844,122342,152703,198910,49176,92905,2245647,979588,308707,153064,772421,117038,23962
2021-05-21T23:59:59+02:00,69766,70884,130220,136369,157705,182141,256085,289854,358390,376519,295722,333938,213827,277358,56232,106649,22146,21921,36546,44692,40286,62947,54419,89506,75748,90012,105595,118303,151861,197835,49099,92763,2210321,966826,307083,152746,770855,110530,23687
2021-05-20T23:59:59+02:00,66302,67736,124462,131480,150464,175706,245782,280958,350132,368834,293571,331603,213169,276475,56126,106462,20669,20768,34371,42499,37927,60013,51440,85608,71851,85646,101801,113972,149633,195094,48953,92470,2153216,948010,300577,150848,764942,93154,20812
2021-05-19T23:59:59+02:00,63731,65213,119358,126665,142679,168755,235932,271988,339663,357957,291614,329419,212526,275564,56000,106224,20000,19827,33161,40949,36522,57924,49332,82737,68555,82045,98102,109700,146252,190643,48738,92057,2088180,924966,294386,148908,762012,83786,18990
2021-05-18T23:59:59+02:00,61309,62959,114496,122344,135988,162896,224470,261652,330377,348642,289358,326862,211757,274511,55872,106021,19394,19090,31965,39505,35188,56113,47437,80267,65472,78660,94389,105424,143313,186901,48564,91680,2029109,905097,285143,146078,758511,75263,17030
2021-05-17T23:59:59+02:00,60067,61801,112147,120284,133154,160136,217791,255482,323191,341919,287807,325129,211249,273769,55790,105854,18875,18534,30941,38497,34043,54837,45915,78451,63195,76207,89578,99597,142157,185355,48434,91418,2002667,893738,273013,138672,755178,68740,14990
2021-05-16T23:59:59+02:00,59175,61029,110712,118972,131404,158453,214685,252719,315956,335096,286985,324164,210974,273337,55744,105774,18527,18109,30206,37724,33190,53923,44810,77111,61902,74751,86147,95520,141555,184515,48366,91301,1987551,887797,262666,131969,751985,64741,13254
2021-05-15T23:59:59+02:00,58572,60337,109720,118006,130385,157294,212550,250635,312651,332124,286441,323554,210803,273089,55730,105719,18368,17925,29950,37418,32914,53485,44310,76439,61089,73822,85503,94668,141139,183949,48337,91265,1971551,882661,262654,131829,751125,63638,12557
2021-05-14T23:59:59+02:00,57123,58719,107396,115883,126718,153722,204000,243314,307075,326860,285644,322583,210552,272703,55689,105643,17799,17445,29173,36588,32164,52266,43187,74587,59499,71913,83730,92254,140623,183146,48308,91195,1934759,873213,260999,130978,746615,58263,11527
2021-05-13T23:59:59+02:00,54875,56461,103578,112697,121943,149565,193518,234308,297068,317461,283162,319698,209865,271716,55610,105470,16823,16938,28378,35905,31409,51358,42251,73518,57925,70224,79552,87421,138527,180370,48217,91007,1883760,860896,252529,124032,740448,54466,10532
2021-05-12T23:59:59+02:00,53807,55613,101654,111304,119892,147918,190986,232187,292128,311822,282450,318943,209650,271433,55579,105396,16622,16771,28069,35689,31029,51071,41811,73144,57355,69617,78244,85790,137873,179433,48142,90871,1860944,855391,250386,122306,739971,54201,9735
2021-05-11T23:59:59+02:00,51263,53923,97515,108123,114091,143108,177003,220454,281288,301545,279612,315604,208845,270213,55459,105145,16111,16070,27066,34262,29925,49282,40495,70815,55568,67385,75250,82254,136710,177845,48020,90559,1802829,843332,240774,119657,731566,46436,8294
2021-05-10T23:59:59+02:00,49811,52799,94895,106089,110879,140498,168143,213046,274043,294845,277742,313480,208339,269433,55356,104943,15712,15526,26313,33294,29155,48013,39473,68872,54295,65698,73229,79738,135715,176514,47918,90318,1767790,834608,234777,118625,724701,39310,7342
2021-05-09T23:59:59+02:00,48484,51867,92241,104382,108216,138747,162960,209457,268763,290025,276800,312396,208004,268963,55303,104813,15337,15253,25637,32638,28443,47197,38701,67905,53281,64744,72077,78349,135208,175797,47873,90210,1748802,830113,227735,117665,718791,34613,6361
2021-05-08T23:59:59+02:00,48130,51512,91369,103662,107173,137888,161437,208192,266392,288079,276367,311936,207898,268801,55291,104787,15220,15184,25515,32548,28295,47075,38507,67695,52872,64388,71068,77314,134308,174630,47834,90131,1737022,825566,227233,116928,718574,33839,6353
2021-05-07T23:59:59+02:00,47078,50682,89398,102329,104296,135592,156401,204084,260780,282954,275240,310577,207610,268387,55244,104686,14388,14614,24719,31830,27563,45998,37608,66402,51622,62815,68678,74482,132468,172245,47760,89993,1711662,816098,224071,114699,714464,27084,5406
2021-05-06T23:59:59+02:00,44115,48695,84514,98784,98250,130795,144883,194486,245735,269304,270927,305699,206536,266934,55097,104429,13609,14002,23806,30742,26576,44592,36206,64392,49845,60798,66129,71240,130702,169937,47667,89796,1646882,805240,214271,111630,703796,18773,4498
2021-05-05T23:59:59+02:00,41978,47306,80776,96172,93607,127042,136070,187095,231698,255630,265658,299462,205194,265231,54903,103987,13335,13657,23284,30032,25969,43643,35261,62956,48661,59343,63325,67905,128203,166745,47586,89591,1581509,793239,209247,108102,697884,14828,3429
2021-05-04T23:59:59+02:00,40663,46005,78013,93865,90052,123948,130019,181842,220997,245071,261116,294034,203968,263658,54731,103590,13143,13414,22891,29485,25506,42879,34523,61825,47477,57989,60493,64587,126173,164220,47470,89396,1532986,781573,204169,105500,691889,11715,2784
2021-05-03T23:59:59+02:00,39642,44789,75644,92008,87175,121587,125210,177889,214546,239071,258311,290691,203291,262714,54633,103335,12866,13098,22495,28918,25027,42156,33838,60840,46378,56789,57314,60633,122978,160121,47263,89030,1501550,765915,201071,103807,687020,8972,1149
2021-05-02T23:59:59+02:00,39227,44386,74426,91128,85704,120484,122584,175866,211676,236685,257525,289753,203047,262345,54573,103239,12785,13022,22307,28702,24799,41855,33500,60438,45890,56252,55545,58593,120613,157167,47189,88922,1491075,760989,198318,98305,683216,8093,291
2021-05-01T23:59:59+02:00,38852,43966,73638,90305,84618,119442,121090,174451,208649,233685,256943,289044,202870,262093,54564,103210,12767,13006,22258,28673,24743,41816,33432,60382,45809,56168,55292,58279,120479,157007,47180,88907,1476120,759693,198316,98268,682947,8048,288
2021-04-30T23:59:59+02:00,38207,43253,72420,89067,83132,117727,116632,170371,201833,226873,255297,287073,202478,261573,54514,103119,12403,12790,21930,28394,24466,41384,33115,59798,45324,55558,54323,57012,119673,156000,47137,88810,1443570,756094,197994,96295,682159,5731,96
2021-04-29T23:59:59+02:00,36485,42158,69450,87047,79556,115106,111088,165909,188535,214468,248691,279462,201523,260197,54407,102821,12067,12538,21456,27952,24054,40872,32517,59053,44498,54599,52362,54655,118099,154086,47053,88642,1389388,747435,190804,93647,676882,3443,77
2021-04-28T23:59:59+02:00,35089,41459,67568,85708,77041,113259,107527,162910,178252,204450,238852,267962,200430,258759,54248,102554,11864,12350,21155,27604,23705,40400,32087,58381,43715,53728,50052,51798,115859,151278,46953,88458,1337203,738067,187480,89143,671578,2222,53
2021-04-27T23:59:59+02:00,34198,40647,65974,84233,75070,111475,104657,160441,173440,199440,230702,258563,199523,257429,54148,102370,11729,12219,20872,27320,23482,40067,31702,57871,42992,52965,47817,48998,113553,148251,46859,88297,1303589,728359,185198,85168,663716,1513,52
2021-04-26T23:59:59+02:00,33681,40190,64868,83358,73568,110304,102167,158596,164478,190865,227253,254533,198961,256606,54075,102195,11623,12117,20663,27144,23248,39848,31391,57528,42322,52302,45858,46631,111948,146132,46780,88174,1275056,720519,183767,82103,657069,1135,50
2021-04-25T23:59:59+02:00,33377,39910,64073,82842,72490,109558,100364,157345,157892,184481,224428,251286,198440,255935,54021,102089,11560,12074,20584,27073,23158,39761,31276,57400,42148,52132,45384,46057,111358,145327,46757,88113,1262496,718854,177647,80349,648580,1008,49
2021-04-24T23:59:59+02:00,32956,39384,63122,81617,71306,108098,98749,155653,152596,178877,222203,248557,198057,255371,53990,102048,11546,12056,20539,27030,23108,39699,31188,57313,41994,51976,45132,45744,111141,145071,46740,88087,1237832,717792,177624,79657,647319,965,48
2021-04-23T23:59:59+02:00,32078,38645,61539,80083,69537,106034,95995,152942,147634,174134,218192,243608,197474,254525,53943,101948,11493,11992,20421,26945,22971,39542,30951,57102,41626,51627,44455,44921,110157,143858,46616,87871,1213170,714484,176456,77201,638873,914,47
2021-04-22T23:59:59+02:00,31347,37927,59963,78610,67028,103755,91324,149062,139590,166280,209744,233300,195785,252324,53773,101615,11344,11857,20175,26656,22614,39111,30421,56586,40845,50974,43210,43500,108306,141534,46445,87560,1171955,707122,169052,73277,630605,790,47
2021-04-21T23:59:59+02:00,30773,37335,58580,77455,65110,102127,88130,146251,131833,158670,197407,218747,194022,249933,53580,101248,11206,11756,19943,26416,22333,38786,30058,56139,40298,50448,42272,42379,106242,138867,46251,87224,1120904,700698,166182,69240,624297,731,47
2021-04-20T23:59:59+02:00,30265,36779,57395,76306,63421,100496,85431,143559,126299,152997,186396,205750,192018,247352,53388,100883,11095,11662,19719,26219,22047,38512,29636,55711,39748,49905,41383,41291,104099,136022,45993,86784,1078598,693216,162718,66007,617600,655,46
2021-04-19T23:59:59+02:00,29844,36364,56410,75480,62115,99294,83185,141510,122576,149350,180934,199148,190576,245470,53235,100604,10961,11556,19507,26002,21798,38238,29310,55308,39248,49380,40498,40270,101112,132152,45678,86202,1054281,683023,160898,63631,611097,619,45
2021-04-18T23:59:59+02:00,29485,36061,55616,74919,60962,98320,81177,140016,119079,146727,176147,193898,189728,244400,53148,100442,10877,11468,19315,25831,21625,38072,29097,55030,39001,49141,40118,39822,99930,130643,45536,85970,1040426,679210,159240,61711,600638,608,45
2021-04-17T23:59:59+02:00,29357,35965,55207,74708,60463,97963,80495,139386,118001,145681,172147,189274,189276,243812,53122,100387,10821,11391,19181,25642,21429,37847,28862,54737,38745,48895,39807,39466,99206,129764,45488,85904,1029599,675249,159217,61398,596607,591,45
2021-04-16T23:59:59+02:00,28918,35660,54195,74084,59187,97064,78775,137976,113574,141176,164826,180759,187894,241967,53035,100223,10587,11185,18783,25231,20862,37272,27687,53784,36668,47265,36550,36545,96309,126497,45167,85367,1003875,660623,158449,54622,587167,566,45
2021-04-15T23:59:59+02:00,28362,35127,52896,72879,57170,95279,75336,134957,107735,135420,157178,171931,183916,236877,52794,99702,10393,10989,18408,24791,20370,36636,26964,52953,35253,46009,34388,34445,93382,122904,44767,84676,971838,647787,156404,49080,569494,513,45
2021-04-14T23:59:59+02:00,27948,34729,51958,71931,55778,93858,72868,132698,103340,131202,148026,161458,176947,227894,52519,99150,9934,10676,17954,24285,19838,35996,25988,52029,33989,44891,32195,32119,90638,119466,44378,83977,934212,633110,153739,44878,554529,418,44
2021-04-13T23:59:59+02:00,27669,34469,51241,71368,54850,93027,71102,131191,98909,127010,136491,148449,171345,220502,52242,98660,9669,10472,17610,23867,19416,35465,25293,51223,32924,43878,30792,30717,88651,117252,44107,83533,901200,624120,149244,40506,538257,296,44
2021-04-12T23:59:59+02:00,27418,34237,50658,70846,53983,92286,69550,129816,95959,124285,129212,140186,168899,217433,52016,98237,9407,10254,17255,23574,19053,35013,24808,50694,32216,43238,29224,29126,87093,115385,43849,83106,884906,615793,147718,37268,522571,285,44
2021-04-11T23:59:59+02:00,27198,34054,50138,70429,53253,91817,68347,128960,93862,122525,122906,133283,166247,214187,51884,97990,9256,10104,16950,23293,18752,34710,24433,50309,31797,42874,28546,28420,86125,114186,43680,82842,877531,610562,143329,35492,506394,273,44
2021-04-10T23:59:59+02:00,27118,33985,49983,70305,53045,91662,68012,128678,93280,121992,120402,130244,165353,212983,51847,97900,8583,9423,16054,22533,17811,33851,23271,49253,30753,41932,27865,27689,84098,111622,43455,82460,870584,595319,142481,35114,503898,269,43
2021-04-09T23:59:59+02:00,26825,33695,49507,69822,52388,90966,66943,127482,91213,119734,111331,118927,162688,209488,51685,97615,7495,8418,14521,21173,16065,32287,21040,47240,28709,40014,26020,25824,80729,107521,43024,81778,851320,568042,135466,33611,493700,256,39
2021-04-08T23:59:59+02:00,26499,33420,48907,69314,51645,90253,65556,126353,88563,117187,100786,106618,157899,203533,51422,97133,6745,7753,13333,20132,14792,30928,19334,45483,26192,37654,23032,22790,76162,101867,42131,80341,832804,536811,126617,31679,475848,231,35
2021-04-07T23:59:59+02:00,26127,33155,48099,68869,50732,89636,64039,125277,84994,114262,91528,96072,151773,195769,51177,96650,6323,7381,12653,19440,13964,30103,18268,44376,24187,35656,20488,20257,72319,97145,41338,79021,812568,513556,121054,29216,454717,198,33
2021-04-06T23:59:59+02:00,25872,32966,47594,68489,50159,89102,62912,124452,82624,112172,83267,86607,146387,188952,50907,96115,6107,7202,12296,19090,13625,29658,17703,43795,23303,34871,19360,19167,69125,92982,40615,77909,793403,500369,117859,26304,437493,186,33
2021-04-05T23:59:59+02:00,25753,32823,47285,68137,49774,88696,62326,123734,81266,110844,78285,80900,142225,183755,50738,95860,5954,7042,12019,18838,13339,29344,17377,43419,22866,34424,18877,18659,66153,89289,40114,77103,784039,491166,116117,23521,422422,182,31
2021-04-04T23:59:59+02:00,25704,32755,47156,67859,49596,88376,62053,123218,80700,110187,76842,79141,141622,182917,50710,95793,5951,7033,12006,18830,13328,29328,17362,43397,22728,34334,18490,18309,64675,87394,39981,76900,781525,486407,116020,23519,417263,174,29
2021-04-03T23:59:59+02:00,25632,32668,47034,67746,49436,88200,61700,122873,80145,109584,75371,77377,140673,181580,50642,95670,5943,7024,11990,18814,13305,29305,17323,43352,22624,34251,18346,18162,64318,86819,39919,76789,775193,484646,115982,23519,415336,174,28
2021-04-02T23:59:59+02:00,25546,32574,46872,67583,49201,87937,61191,122398,79249,108718,73632,75221,138656,178938,50488,95384,5921,6985,11946,18773,13251,29224,17227,43170,22347,33788,17968,17806,61867,83787,39286,75895,766133,476239,114213,22884,413422,174,27
2021-04-01T23:59:59+02:00,25311,32310,46448,67076,48555,87174,60301,121442,77326,107027,69653,70862,135417,174783,50243,94931,5745,6800,11691,18535,13026,29001,16903,42850,21836,33333,17113,17012,56876,77458,37944,73885,754539,458389,108178,21519,406322,159,24
2021-03-31T23:59:59+02:00,24955,32047,46034,66558,48076,86530,59553,120441,76149,105791,67327,68155,131050,169138,49911,94332,5659,6743,11587,18411,12878,28854,16643,42550,21213,32808,15934,16090,51574,70800,36853,72309,744864,440232,101094,20578,400270,156,23
2021-03-30T23:59:59+02:00,24762,31779,45624,65929,47580,85724,58815,119349,75002,104424,65207,65823,127003,163726,49539,93577,5588,6648,11482,18290,12679,28672,16302,42215,20632,32242,15067,15267,48739,67238,35966,70793,734742,428510,96896,19246,392408,127,19
2021-03-29T23:59:59+02:00,24529,31491,45161,65382,47100,85018,58058,118228,73729,102984,62188,62280,120897,155895,48920,92422,5490,6575,11386,18184,12518,28505,16056,41876,20163,31774,14409,14716,45995,63995,35109,69316,714360,417396,93484,18623,386621,110,19
2021-03-28T23:59:59+02:00,24282,31144,44665,64696,46594,84281,57365,117218,72794,101874,60257,60076,116902,150711,48560,91797,5430,6505,11240,18039,12264,28199,15887,41655,19995,31546,14167,14480,44865,62492,34855,68912,707870,413149,86204,17352,379325,92,19
2021-03-27T23:59:59+01:00,24145,30952,44379,64331,46215,83741,56856,116527,72065,101127,59155,58989,115520,149114,48511,91736,5417,6493,11210,18018,12245,28169,15480,41164,19626,31155,13886,14283,44273,61617,34508,68303,702659,409127,85508,16700,375378,82,19
2021-03-26T23:59:59+01:00,23850,30283,43537,62658,45265,81667,55464,113342,70053,97796,57007,57000,113035,146092,48256,91318,5396,6455,11186,17968,12173,28075,15397,41052,19259,30516,13407,13668,40756,57161,32990,65753,691361,394720,82214,16484,363227,70,19
2021-03-25T23:59:59+01:00,23388,29455,42624,60864,44171,79071,53871,109721,67685,94255,54302,54283,109974,142331,47807,90511,5345,6394,11093,17860,12052,27937,15214,40820,18966,30204,12904,13147,36337,51276,30749,62294,680006,376695,78026,15892,346460,66,18
2021-03-24T23:59:59+01:00,22916,28910,41864,59595,43175,77540,52406,107755,65617,91991,51396,51250,106008,137468,47291,89613,5283,6321,10996,17717,11882,27734,14972,40511,18601,29803,12446,12682,33225,47260,28254,58348,667291,361242,73173,14794,334511,63,15
2021-03-23T23:59:59+01:00,22637,28527,41275,58692,42471,76435,51327,106197,63950,90152,49068,48791,103372,134473,46859,88904,5217,6245,10897,17584,11733,27553,14714,40192,18186,29400,11931,12199,30282,43374,25227,53383,659293,343914,69840,14206,324176,61,14
2021-03-22T23:59:59+01:00,22352,28044,40656,57813,41810,75393,50335,104762,62463,88537,47189,46874,101114,131831,46489,88256,5144,6190,10822,17456,11598,27386,14549,39955,17942,29082,11628,11833,27910,40266,21896,47874,653065,327877,67045,13658,313986,60,14
2021-03-21T23:59:59+01:00,22187,27713,40154,57059,41274,74536,49672,103599,61514,87354,46102,45807,99551,130044,46187,87758,5129,6181,10786,17406,11550,27298,14491,39863,17857,28979,11505,11709,27450,39763,21596,47389,650508,325715,65023,13246,305155,55,13
2021-03-20T23:59:59+01:00,22116,27531,39943,56542,41032,74006,49353,102932,61063,86776,45380,44988,97048,126881,45943,87329,5120,6174,10775,17395,11523,27281,14446,39823,17763,28895,11345,11547,26727,38896,20943,46417,644077,322022,64580,13057,300380,55,13
2021-03-19T23:59:59+01:00,21691,26803,38781,54469,39757,72017,47515,100785,58088,83992,40882,41073,92156,121340,45388,86441,5099,6161,10743,17334,11459,27175,14358,39643,17510,28590,11004,11279,24767,36467,19595,44276,626413,312783,57395,12695,287540,45,13
2021-03-18T23:59:59+01:00,21228,25976,37533,52313,38220,69104,45241,96118,54225,78520,36856,37242,87626,116032,44519,85063,5073,6123,10677,17232,11379,27020,14207,39448,17292,28402,10763,11092,23258,34539,18193,42134,609598,304768,51666,12086,264717,40,13
2021-03-17T23:59:59+01:00,20751,25560,36812,51384,37445,68148,44114,94673,52406,76724,34034,34265,83826,111357,43735,83836,5043,6093,10616,17136,11310,26881,14087,39260,17075,28212,10542,10871,21783,32809,16868,40091,593036,297318,47282,11382,258914,37,13
2021-03-16T23:59:59+01:00,20342,25061,36042,50309,36646,66928,42928,92979,50555,74771,31809,32162,79975,106551,43018,82744,4986,6035,10544,17006,11219,26724,13990,39019,16930,27985,10374,10690,20284,31003,15641,38100,580017,289608,42602,10948,250361,35,11
2021-03-15T23:59:59+01:00,20018,24615,35316,49335,35861,65688,41992,91487,49277,73209,30060,30266,76741,102499,42478,81798,4962,5991,10480,16881,11147,26521,13870,38725,16782,27719,10206,10532,19368,29804,14606,36508,568967,283842,39290,10300,242551,32,0
2021-03-14T23:59:59+01:00,19700,24080,34416,48121,34996,64364,40888,89592,48081,71585,28865,29019,74784,99971,42131,81244,4936,5968,10429,16799,11089,26371,13813,38498,16691,27577,10131,10446,19184,29501,14360,35981,561889,282658,37428,9166,232685,22,0
2021-03-13T23:59:59+01:00,18782,22942,32949,46252,33496,62358,38815,86580,46087,69339,27599,27711,72803,97384,41953,80970,4936,5968,10427,16794,11084,26364,13808,38492,16686,27569,10084,10405,18314,28425,13459,34732,545583,278431,37143,9165,223450,22,0
2021-03-12T23:59:59+01:00,17493,21327,30430,43588,30884,59123,35830,81519,42972,65173,24794,24568,68534,92077,41219,79874,4924,5932,10408,16734,11065,26309,13764,38375,16588,27415,9815,10204,17270,26967,12573,33450,517667,272687,35833,9155,206058,19,0
2021-03-11T23:59:59+01:00,16264,19578,28169,40958,28607,55854,33127,76999,39240,60456,21406,21070,62526,84667,39691,77574,4877,5888,10331,16617,10954,26068,13641,38058,16414,27138,9521,9985,16596,26064,11977,32273,485767,268732,34246,7723,186318,15,0
2021-03-10T23:59:59+01:00,15580,18723,26683,39342,27007,54016,31519,74567,36621,57377,18713,18550,56562,77343,38488,75719,4834,5829,10235,16447,10843,25808,13490,37637,16211,26807,9293,9802,15771,25178,11425,31378,459474,264026,32210,7018,175269,12,0
2021-03-09T23:59:59+01:00,15243,18154,25473,38311,25665,52801,30435,72865,35243,55619,17549,17463,52990,72756,37587,74211,4803,5791,10153,16271,10733,25550,13326,37316,16055,26591,9166,9697,15046,24259,11011,30709,445973,260348,29692,6185,166834,12,0
2021-03-08T23:59:59+01:00,14852,17454,24306,37228,24463,51634,29482,71335,34017,54066,16469,16613,48742,67492,36618,72601,4787,5737,10087,16070,10628,25293,13187,36956,15937,26358,9095,9608,14492,23602,10761,30337,430556,257205,27688,5795,159260,3,0
2021-03-07T23:59:59+01:00,14586,17092,23691,36383,23747,50739,28903,70456,33453,53393,16213,16373,47603,65949,36354,72169,4773,5722,10068,16029,10600,25205,13154,36784,15881,26266,9075,9574,14278,23320,10649,30171,425833,256159,25881,5457,155520,0,0
2021-03-06T23:59:59+01:00,14450,16725,23260,35670,23222,49911,27794,68829,32388,51744,15907,16136,46888,64930,36146,71846,4769,5702,10056,16008,10585,25171,13144,36742,15863,26235,9055,9537,14231,23279,10551,29967,421788,255786,25818,5176,148368,0,0
2021-03-05T23:59:59+01:00,13978,16005,22568,34509,22557,48635,27008,67152,31161,49399,15284,15383,42973,59988,34536,69109,4739,5641,9986,15910,10530,25023,13077,36546,15780,26034,8960,9481,14040,23059,10205,29382,406637,254118,24371,4342,139359,0,0
2021-03-04T23:59:59+01:00,13118,14819,21359,32803,21370,46558,25594,64381,29528,47304,14571,14667,38344,53886,32225,65514,4688,5537,9877,15614,10434,24659,12945,36023,15640,25683,8806,9347,13882,22845,10137,29252,388318,251185,22301,4250,125542,0,0
2021-03-03T23:59:59+01:00,12761,14233,20660,31599,20600,45178,24664,62624,28549,45798,14105,14194,35199,49758,29744,61616,4644,5461,9794,15435,10354,24406,12837,35588,15448,25374,8654,9228,13748,22616,10006,29002,372922,248572,21532,4089,116944,0,0
2021-03-02T23:59:59+01:00,12463,13723,20012,30642,19888,44146,23862,61217,27620,44595,13480,13585,31987,45563,26513,56354,4590,5378,9732,15270,10285,24127,12738,35158,15346,25093,8536,9132,13605,22422,9942,28875,354893,246205,20081,4088,110788,0,0
2021-03-01T23:59:59+01:00,12251,13381,19499,29822,19336,43297,23271,60129,26938,43521,13076,13149,29336,42170,22908,50376,4567,5317,9681,15108,10217,23827,12658,34745,15247,24822,8459,9077,13408,22125,9851,28729,337773,243814,19023,4088,105774,0,0
2021-02-28T23:59:59+01:00,12050,13137,19012,29173,18833,42528,22778,59283,26468,42773,12877,12941,28707,41456,22564,49858,4548,5302,9661,15076,10196,23775,12641,34678,15220,24787,8435,9052,13267,21921,9802,28611,335365,242982,18166,4054,101015,0,0
2021-02-27T23:59:59+01:00,11827,12489,18695,28368,18579,41749,22491,58260,26140,42049,12611,12658,27922,40509,21785,48609,4537,5289,9637,15057,10164,23714,12602,34604,15181,24721,8417,9036,13255,21906,9801,28607,331463,242638,17446,3954,95938,0,0
2021-02-26T23:59:59+01:00,10918,11555,17827,26909,17800,39456,21539,55328,24670,39455,12245,12370,26063,38176,20568,46683,4446,5203,9562,14903,10094,23444,12517,34229,15064,24467,8342,8965,13189,21826,9766,28551,322382,240750,17193,3881,82090,0,0
2021-02-25T23:59:59+01:00,9634,10545,16510,25291,16549,37138,20247,52312,23025,36921,11852,12082,24561,36234,19342,44792,4315,5035,9389,14585,9883,22798,12255,33368,14755,23898,8160,8821,12923,21474,9647,28326,314779,236654,16426,3041,65931,0,0
2021-02-24T23:59:59+01:00,9194,9919,15875,24250,15932,35864,19499,50756,22253,35871,11495,11767,23027,34391,17927,42556,4230,4936,9250,14300,9706,22327,12059,32736,14495,23409,8030,8691,12786,21300,9590,28134,306565,233907,15465,2133,58645,0,0
2021-02-23T23:59:59+01:00,8629,9325,15070,23093,15274,34610,18745,49340,21566,34921,11229,11468,21435,32489,16597,40366,4187,4850,9121,14074,9568,21907,11865,32161,14187,22963,7884,8550,12668,21089,9529,27918,298487,231106,14667,1475,51100,0,0
2021-02-22T23:59:59+01:00,8490,9065,14684,22473,14919,33883,18270,48297,21096,34262,11050,11228,20489,31228,15509,38699,4153,4725,8974,13770,9397,21378,11598,31416,13809,22421,7673,8370,12471,20838,9441,27632,292656,227824,14057,301,47025,0,0
2021-02-21T23:59:59+01:00,8383,8890,14347,22032,14507,33302,17845,47611,20685,33838,10950,11138,20321,31002,15282,38387,4105,4671,8895,13638,9320,21158,11525,31121,13695,22172,7612,8319,12408,20726,9380,27481,291524,225996,13688,288,43402,0,0
2021-02-20T23:59:59+01:00,8249,8833,14231,21947,14392,33177,17721,47440,20530,33675,10844,11050,19424,29904,14365,37115,4102,4665,8887,13629,9309,21137,11510,31094,13682,22166,7609,8311,12336,20650,9337,27429,287284,225624,13492,287,42214,0,0
2021-02-19T23:59:59+01:00,7911,8544,13884,21498,14015,32481,17238,46634,19783,32806,10313,10717,18211,28357,13405,35752,4010,4640,8821,13601,9266,21074,11478,30999,13617,22081,7567,8255,12091,20337,9173,27142,280920,223924,13117,286,37601,0,0
2021-02-18T23:59:59+01:00,7457,7941,13260,20382,13377,31074,16400,44684,18936,31400,10139,10536,17555,27522,12910,34973,3802,4452,8481,13054,8974,20306,11127,29945,13263,21352,7362,7940,11460,19306,8748,26117,277367,215461,12537,285,28729,0,0
2021-02-17T23:59:59+01:00,7258,7503,12809,19504,12869,29832,15694,42880,18323,30263,9935,10314,16690,26566,12262,33941,3523,4235,8137,12549,8686,19470,10743,28868,12893,20618,7137,7707,10852,18373,8379,25411,272690,207353,11806,283,22232,0,0
2021-02-16T23:59:59+01:00,6862,7124,12292,18652,12373,28703,15145,41506,17756,29350,9794,10211,15961,25648,11834,33258,3314,4081,7833,12081,8376,18719,10333,27754,12455,19819,6877,7402,10072,17106,7737,24007,269135,197892,11310,129,16107,0,0
2021-02-15T23:59:59+01:00,6738,6882,11999,18019,12101,27899,14783,40502,17430,28656,9676,10110,15340,24926,11551,32800,3214,3973,7635,11745,8158,18203,10025,26902,12110,19176,6601,7126,9335,15948,7288,22876,266045,190286,10707,84,12743,0,0
2021-02-14T23:59:59+01:00,6446,6741,11759,17741,11881,27454,14552,40056,17244,28416,9634,10061,15087,24555,11410,32445,3159,3926,7519,11580,8025,17998,9853,26553,11938,18902,6494,6994,9114,15544,7126,22382,265045,187077,9771,84,10747,0,0
2021-02-13T23:59:59+01:00,6374,6695,11718,17710,11850,27422,14528,40027,17226,28394,9621,10036,15058,24528,11403,32430,3154,3921,7512,11575,8015,17978,9835,26518,11908,18861,6471,6962,8948,15311,6788,21781,264811,185585,9770,7,10520,0,0
2021-02-12T23:59:59+01:00,5776,6332,11196,17339,11545,26874,14206,39359,16911,27798,9521,9962,14865,24303,11341,32338,3098,3874,7419,11422,7909,17728,9678,26129,11698,18420,6290,6740,8564,14704,6238,20516,263123,180475,9760,6,6863,0,0
2021-02-11T23:59:59+01:00,5245,5964,10642,16669,11130,26020,13717,38109,16443,27020,9229,9715,14580,23848,11087,31691,2900,3502,6783,10198,7235,15923,8797,23458,10661,16557,5675,6060,7477,12922,5527,18433,259939,162155,8123,3,3126,0,0
2021-02-10T23:59:59+01:00,4971,5753,10295,16215,10838,25477,13381,37187,16054,26361,9041,9587,14407,23634,11000,31498,2478,3104,5847,8721,6434,13795,7791,20515,9603,14791,5161,5488,6432,11165,4870,16568,257291,142804,7659,1,828,0,0
2021-02-09T23:59:59+01:00,4895,5628,10172,15942,10731,25066,13203,36544,15843,25935,8865,9458,14207,23421,10882,31295,2039,2642,5048,7454,5653,11943,6880,17950,8549,13042,4606,4844,5348,9488,4242,14698,254857,124463,6882,1,426,0,0
2021-02-08T23:59:59+01:00,4853,5558,10084,15718,10618,24700,13083,36051,15710,25637,8777,9396,13988,23104,10797,31143,1836,2366,4481,6451,4996,10290,6039,15376,7552,11417,4090,4315,4319,7800,3588,12821,252504,107770,6368,1,421,0,0
2021-02-07T23:59:59+01:00,4665,5478,9944,15584,10518,24522,12996,35784,15608,25469,8742,9352,13834,22894,10738,31032,1589,2050,4060,5791,4596,9377,5602,14209,7085,10554,3848,4067,4092,7396,3450,12271,251410,100067,5824,1,0,0,0
2021-02-06T23:59:59+01:00,4656,5465,9932,15569,10504,24482,12976,35734,15590,25418,8724,9335,13812,22861,10638,30838,1407,1802,3833,5514,4416,8921,5376,13605,6804,10033,3729,3962,3970,7238,3179,11828,251067,95646,5541,1,0,0,0
2021-02-05T23:59:59+01:00,4574,5380,9863,15430,10439,24212,12884,35359,15477,25165,8646,9267,13740,22781,10294,30252,1242,1516,3548,5086,4153,8327,5067,12810,6408,9353,3489,3739,3812,6998,2696,10977,249185,89248,4650,0,0,0,0
2021-02-04T23:59:59+01:00,4507,5228,9734,15104,10274,23630,12684,34554,15267,24682,8530,9158,13506,22469,10200,30080,918,1070,2692,3815,3243,6531,4072,10190,5109,7380,2862,3066,3216,5973,2349,9596,245252,72102,4427,0,0,0,0
2021-02-03T23:59:59+01:00,4429,5133,9620,14883,10169,23258,12548,34021,15114,24301,8424,9035,13347,22260,10131,29868,755,835,2029,2882,2504,5045,3114,7806,3888,5585,2071,2221,2364,4476,1718,7223,242354,54531,4259,0,0,0,0
2021-02-02T23:59:59+01:00,4357,5026,9518,14675,10066,22856,12395,33439,14913,23899,8317,8914,13224,22044,10053,29616,599,654,1532,2127,1918,3799,2346,5940,2884,4182,1458,1489,1611,2978,1195,4806,239125,39529,4257,0,0,0,0
2021-02-01T23:59:59+01:00,4312,4915,9427,14437,9959,22433,12255,32790,14733,23447,8203,8779,13126,21907,10009,29449,455,469,1050,1466,1265,2527,1506,3847,1788,2664,913,949,967,1824,683,2774,235994,25155,4257,0,0,0,0
2021-01-31T23:59:59+01:00,4290,4867,9373,14323,9887,22229,12187,32485,14641,23271,8149,8727,13073,21791,9970,29330,415,432,920,1271,1081,2139,1299,3268,1560,2360,826,860,862,1630,620,2490,234516,22038,4146,0,0,0,0
2021-01-30T23:59:59+01:00,4290,4864,9363,14310,9871,22204,12175,32466,14628,23261,8147,8722,13007,21715,9929,29282,397,400,855,1186,1027,2013,1230,3078,1489,2236,803,836,843,1590,607,2441,234202,21035,4101,0,0,0,0
2021-01-29T23:59:59+01:00,4220,4850,9313,14277,9839,22152,12145,32392,14581,23199,8125,8695,12796,21455,9776,29080,320,299,732,1009,882,1637,1077,2690,1283,1944,724,750,794,1534,592,2395,232988,18664,3976,0,0,0,0
2021-01-28T23:59:59+01:00,4084,4728,9108,13882,9622,21629,11900,31807,14273,22755,7995,8600,12321,20760,9477,28584,152,81,291,376,374,634,469,1171,593,865,390,419,469,891,338,1449,228216,8962,3377,0,0,0,0
2021-01-27T23:59:59+01:00,3824,4546,8804,13471,9323,20970,11522,30963,13899,22096,7788,8390,11724,19871,9119,27933,93,51,199,230,245,433,308,816,426,594,293,305,346,660,255,1061,221530,6315,2777,0,0,0,0
2021-01-26T23:59:59+01:00,3637,4419,8519,13111,9061,20387,11206,30180,13506,21541,7568,8167,11091,18878,8544,26884,88,47,185,220,227,393,294,759,393,544,281,279,316,587,233,945,214827,5791,1936,0,0,0,0
2021-01-25T23:59:59+01:00,3538,4285,8220,12614,8766,19657,10806,29168,13027,20852,7322,7975,10424,17965,8153,26109,79,37,164,196,197,334,251,633,343,452,242,238,264,504,188,767,208548,4889,396,0,0,0,0
2021-01-24T23:59:59+01:00,3489,4257,8135,12532,8694,19533,10694,28992,12902,20696,7288,7936,10355,17856,8111,26017,78,35,160,192,195,321,249,612,334,439,234,235,262,496,184,753,207251,4779,298,0,0,0,0
2021-01-23T23:59:59+01:00,3487,4255,8135,12531,8690,19524,10693,28980,12894,20691,7284,7935,10218,17673,7796,25450,78,35,160,192,194,320,247,612,333,439,234,235,262,496,184,753,206001,4774,297,0,0,0,0
2021-01-22T23:59:59+01:00,3416,4203,8011,12418,8609,19373,10585,28820,12822,20584,7254,7905,9990,17328,7310,24471,78,35,159,192,194,320,247,612,332,439,234,235,262,496,184,753,202864,4772,297,0,0,0,0
2021-01-21T23:59:59+01:00,3304,3958,7495,11492,8139,18202,10028,27160,12236,19491,6988,7602,9290,16244,6866,23542,71,32,143,176,178,287,222,537,294,402,211,208,229,409,157,633,191799,4189,297,0,0,0,0
2021-01-20T23:59:59+01:00,2882,3506,6607,10045,7387,16155,9044,24282,11164,17660,6424,6940,8131,14380,6173,21530,70,32,142,170,175,286,214,520,283,383,200,200,220,383,147,598,172068,4023,294,0,0,0,0
2021-01-19T23:59:59+01:00,2381,3032,5689,8661,6507,14169,8019,21424,9921,15643,5689,6049,6694,12008,5284,18773,46,22,95,124,118,176,151,353,182,271,122,112,141,262,99,441,149775,2715,213,0,0,0,0
2021-01-18T23:59:59+01:00,2063,2626,4898,7247,5545,11818,6792,17718,8531,13243,4845,5176,5263,9588,4343,15587,25,11,36,46,54,84,66,155,68,134,59,53,61,140,56,208,125236,1256,90,0,0,0,0
2021-01-17T23:59:59+01:00,1746,2249,4377,6471,5045,10629,6248,16110,7899,12095,4518,4835,4895,8895,4047,14645,11,3,6,14,15,32,19,44,25,49,25,23,15,36,12,42,114653,371,88,0,0,0,0
2021-01-16T23:59:59+01:00,1550,1991,4164,6178,4864,10154,5982,15423,7570,11443,4349,4642,4684,8603,3705,14067,0,0,0,0,2,3,0,0,1,2,0,1,0,0,0,2,109400,11,5,0,0,0,0
2021-01-15T23:59:59+01:00,1378,1708,3907,5775,4607,9570,5691,14557,7153,10680,4070,4376,4500,8281,3194,13063,0,0,0,0,0,0,0,0,0,0,0,0,0,0,0,1,102540,1,3,0,0,0,0
2021-01-14T23:59:59+01:00,1044,1280,3133,4563,3752,7665,4705,11739,5769,8566,3319,3542,3799,7015,2766,11388,0,0,0,0,0,0,0,0,0,0,0,0,0,0,0,0,84071,0,0,0,0,0,0
2021-01-13T23:59:59+01:00,884,1079,2635,3799,3154,6382,3926,9673,4655,6894,2444,2640,2883,5351,2120,8665,0,0,0,0,0,0,0,0,0,0,0,0,0,0,0,0,67206,0,0,0,0,0,0
2021-01-12T23:59:59+01:00,739,909,2203,3108,2588,5185,3156,7808,3648,5395,1735,1797,1978,3674,1504,5942,0,0,0,0,0,0,0,0,0,0,0,0,0,0,0,0,51387,0,0,0,0,0,0
2021-01-11T23:59:59+01:00,590,731,1831,2507,2076,4153,2422,5869,2688,3900,1094,1098,1180,2171,827,3358,0,0,0,0,0,0,0,0,0,0,0,0,0,0,0,0,36509,0,0,0,0,0,0
2021-01-10T23:59:59+01:00,517,628,1558,2063,1729,3400,1995,4851,2234,3283,977,980,1036,1906,737,2941,0,0,0,0,0,0,0,0,0,0,0,0,0,0,0,0,30846,0,0,0,0,0,0
2021-01-09T23:59:59+01:00,482,567,1429,1887,1583,3091,1832,4388,2059,2998,908,915,980,1853,722,2903,0,0,0,0,0,0,0,0,0,0,0,0,0,0,0,0,28606,0,0,0,0,0,0
2021-01-08T23:59:59+01:00,365,415,1173,1516,1311,2417,1505,3600,1707,2464,789,810,895,1725,684,2772,0,0,0,0,0,0,0,0,0,0,0,0,0,0,0,0,24155,0,0,0,0,0,0
2021-01-07T23:59:59+01:00,172,113,405,524,474,820,611,1411,756,1074,448,475,562,1060,415,1764,0,0,0,0,0,0,0,0,0,0,0,0,0,0,0,0,11084,0,0,0,0,0,0
2021-01-06T23:59:59+01:00,130,67,266,293,309,530,410,960,520,739,338,357,422,821,324,1332,0,0,0,0,0,0,0,0,0,0,0,0,0,0,0,0,7818,0,0,0,0,0,0
2021-01-05T23:59:59+01:00,100,51,190,239,242,444,326,843,445,637,326,341,406,786,318,1279,0,0,0,0,0,0,0,0,0,0,0,0,0,0,0,0,6973,0,0,0,0,0,0
2021-01-04T23:59:59+01:00,83,41,169,199,200,350,257,636,355,469,247,252,285,558,210,857,0,0,0,0,0,0,0,0,0,0,0,0,0,0,0,0,5168,0,0,0,0,0,0
2021-01-03T23:59:59+01:00,81,37,163,194,196,334,256,622,345,453,242,249,281,546,208,840,0,0,0,0,0,0,0,0,0,0,0,0,0,0,0,0,5047,0,0,0,0,0,0
2021-01-02T23:59:59+01:00,81,37,163,194,196,334,254,622,344,453,242,249,281,546,208,840,0,0,0,0,0,0,0,0,0,0,0,0,0,0,0,0,5044,0,0,0,0,0,0
2021-01-01T23:59:59+01:00,81,37,162,194,196,333,254,622,342,451,242,249,281,545,208,840,0,0,0,0,0,0,0,0,0,0,0,0,0,0,0,0,5037,0,0,0,0,0,0
2020-12-31T23:59:59+01:00,81,37,162,192,196,332,253,621,341,450,242,249,281,545,208,840,0,0,0,0,0,0,0,0,0,0,0,0,0,0,0,0,5030,0,0,0,0,0,0
2020-12-30T23:59:59+01:00,80,37,162,190,194,330,253,620,341,448,242,249,281,545,208,840,0,0,0,0,0,0,0,0,0,0,0,0,0,0,0,0,5020,0,0,0,0,0,0
2020-12-29T23:59:59+01:00,56,24,115,144,147,224,184,446,240,346,159,159,199,412,152,654,0,0,0,0,0,0,0,0,0,0,0,0,0,0,0,0,3661,0,0,0,0,0,0
2020-12-28T23:59:59+01:00,29,17,65,77,83,127,103,254,112,209,92,92,102,218,93,364,0,0,0,0,0,0,0,0,0,0,0,0,0,0,0,0,2037,0,0,0,0,0,0
2020-12-27T23:59:59+01:00,14,8,17,24,37,53,35,84,35,83,32,28,36,80,30,137,0,0,0,0,0,0,0,0,0,0,0,0,0,0,0,0,733,0,0,0,0,0,0
