Datum,<15_1_m,<15_1_w,15-24_1_m,15-24_1_w,25-34_1_m,25-34_1_w,35-44_1_m,35-44_1_w,45-54_1_m,45-54_1_w,55-64_1_m,55-64_1_w,65-74_1_m,65-74_1_w,75-84_1_m,75-84_1_w,>84_1_m,>84_1_w,<15_2_m,<15_2_w,15-24_2_m,15-24_2_w,25-34_2_m,25-34_2_w,35-44_2_m,35-44_2_w,45-54_2_m,45-54_2_w,55-64_2_m,55-64_2_w,65-74_2_m,65-74_2_w,75-84_2_m,75-84_2_w,>84_2_m,>84_2_w,bp_1,bp_2,mo_1,mo_2,az_1,az_2,ja,unb_1,unb_2
2021-11-13T23:59:59+01:00,56876,53828,335491,316531,440914,402837,444325,431247,499393,504036,539266,536565,359302,401102,249527,320402,73536,135251,44655,42203,291433,279277,395902,362410,407122,396182,465817,471101,513662,512456,349022,389175,243138,311509,70941,129740,4421111,4062030,536330,513083,809130,765982,335445,676,652
2021-11-12T23:59:59+01:00,56158,53127,333348,314744,439092,401291,442865,429923,498278,502943,538500,535939,359131,400880,249444,320271,73514,135224,44517,42042,290824,278775,395316,361932,406596,395766,465374,470725,513358,512217,348929,389068,243101,311453,70925,129720,4405985,4057394,535996,512920,809124,765967,335152,676,652
2021-11-11T23:59:59+01:00,55054,52013,330067,312129,436181,398626,440475,427785,496417,501207,537280,534850,358756,400416,249296,320028,73470,135138,44097,41619,289808,277921,394450,361033,405807,395012,464721,470042,512838,511752,348718,388842,242994,311303,70895,129658,4381838,4049214,535268,512586,809108,765949,334556,676,652
2021-11-10T23:59:59+01:00,54289,51371,327413,310017,433468,396278,438413,426014,494815,499713,536185,533801,358395,399982,249130,319765,73422,135041,43848,41350,289018,277190,393631,360258,405154,394373,464135,469461,512375,511311,348474,388586,242853,311135,70863,129594,4361224,4042137,534800,512359,809079,765919,333989,676,652
2021-11-09T23:59:59+01:00,53669,50740,325191,308233,431237,394459,436806,424553,493431,498461,535232,532936,358080,399648,248988,319561,73390,134953,43572,41100,288352,276634,392996,359646,404655,393846,463699,468942,511942,510886,348273,388344,242744,310975,70827,129514,4344309,4036422,534297,511948,809052,765885,333487,676,651
2021-11-08T23:59:59+01:00,52980,50080,322161,305890,428335,392099,434609,422762,491721,496975,534117,531918,357675,399263,248840,319346,73362,134871,43375,40917,287681,276014,392303,359023,404181,393331,463253,468464,511586,510502,348078,388118,242668,310844,70799,129453,4323121,4031122,533742,511697,809020,765868,332698,676,651
2021-11-07T23:59:59+01:00,52592,49709,320610,304726,426687,390694,433264,421715,490720,496160,533502,531357,357483,399031,248748,319252,73343,134823,43222,40758,287204,275604,391799,358525,403773,392953,462947,468111,511333,510261,347972,387987,242592,310759,70787,129417,4311415,4027250,533349,511486,809003,765839,332224,676,651
2021-11-06T23:59:59+01:00,52286,49418,319771,303926,425728,389930,432550,421145,490113,495675,533171,531069,357424,398961,248712,319219,73337,134814,43170,40717,287020,275439,391581,358359,403639,392829,462841,468001,511258,510196,347943,387957,242579,310743,70783,129411,4304536,4025916,533233,511452,808999,765837,332056,676,651
2021-11-05T23:59:59+01:00,51682,48805,318083,302500,424081,388396,431114,419937,488998,494681,532509,530535,357313,398804,248674,319148,73330,134795,42944,40497,286477,275019,391149,357943,403266,392488,462523,467692,511052,510009,347872,387873,242544,310694,70776,129395,4291725,4022392,532714,511263,808990,765826,331527,676,651
2021-11-04T23:59:59+01:00,50971,48124,315855,300536,421627,386344,429191,418325,487380,493330,531585,529833,357100,398556,248587,319009,73301,134733,42544,40055,285525,274148,390269,357031,402505,391740,461894,467069,510529,509553,347697,387680,242442,310525,70733,129329,4274646,4015092,532146,510988,808976,765796,330186,676,651
2021-11-03T23:59:59+01:00,50599,47745,314489,299411,419936,385075,427933,417350,486386,492501,530942,529324,356945,398385,248518,318905,73277,134684,42245,39768,284743,273483,389524,356316,401937,391205,461399,466629,510153,509223,347535,387470,242336,310371,70700,129242,4263468,4008798,531878,510838,808972,765784,329653,675,651
2021-11-02T23:59:59+01:00,50281,47427,313169,298455,418276,383880,426670,416484,485331,491785,530329,528833,356797,398198,248443,318804,73258,134618,41872,39426,283909,272792,388755,355613,401326,390652,460905,466149,509780,508838,347353,387267,242247,310227,70670,129155,4253062,4002317,531569,510648,808968,765768,328996,675,651
2021-11-01T23:59:59+01:00,49885,47055,311686,297348,416636,382776,425355,415607,484313,491067,529794,528457,356672,398070,248392,318739,73244,134583,41621,39146,283239,272186,388081,355068,400770,390201,460451,465779,509468,508577,347238,387147,242190,310114,70649,129093,4242931,3997597,531337,510429,808936,765754,328031,674,651
2021-10-31T23:59:59+01:00,49828,47021,311501,297238,416428,382663,425154,415482,484194,490988,529737,528413,356658,398062,248390,318734,73244,134581,41564,39103,283122,272126,387977,354989,400684,390145,460402,465746,509436,508554,347228,387138,242187,310109,70645,129088,4241802,3997035,531275,510389,808933,765750,327862,674,651
2021-10-30T23:59:59+02:00,49774,46981,311303,297111,416110,382504,424934,415327,483984,490827,529616,528355,356637,398037,248385,318724,73241,134575,41528,39093,283020,272055,387867,354918,400594,390080,460344,465684,509394,508535,347221,387130,242184,310103,70641,129084,4240120,3996490,531228,510330,808932,765747,327701,674,651
2021-10-29T23:59:59+02:00,49555,46753,310272,296402,414799,381631,423815,414628,483087,490202,529108,528067,356563,397964,248343,318677,73229,134552,41398,38989,282530,271690,387384,354529,400174,389788,459995,465403,509190,508384,347163,387077,242164,310065,70634,129070,4232517,3993679,530930,510172,808928,765742,326827,674,651
2021-10-28T23:59:59+02:00,49109,46324,308488,295086,412750,380229,422201,413481,481790,489229,528378,527537,356408,397795,248278,318593,73218,134509,41089,38700,281578,270847,386431,353721,399408,389135,459383,464879,508726,508067,347015,386890,242095,309968,70612,129015,4220334,3987566,530505,509869,808913,765714,325201,674,651
2021-10-27T23:59:59+02:00,48784,46005,307606,294312,411673,379369,421344,412780,481073,488700,527967,527232,356310,397627,248217,318496,73200,134470,40799,38409,280834,270167,385791,353113,398920,388650,458960,464449,508426,507781,346856,386712,242013,309844,70585,128953,4212984,3982076,530206,509677,808909,765684,324614,674,651
2021-10-26T23:59:59+02:00,48379,45592,306534,293355,410525,378437,420452,412104,480375,488100,527550,526912,356187,397493,248145,318397,73173,134420,40439,38042,279960,269237,385032,352387,398362,388090,458520,463992,508064,507477,346709,386551,241912,309688,70560,128884,4204843,3975570,529994,509515,808897,765668,323941,674,651
2021-10-25T23:59:59+02:00,48224,45456,306025,292909,409957,378019,419975,411768,479967,487822,527362,526752,356144,397436,248132,318372,73166,134413,40373,37981,279733,269050,384787,352213,398189,387957,458373,463874,507962,507401,346688,386518,241901,309669,70557,128873,4201203,3974341,529932,509471,808895,765662,323413,674,651
2021-10-24T23:59:59+02:00,48013,45275,305476,292434,409272,377510,419467,411354,479550,487508,527142,526564,356081,397354,248100,318346,73158,134400,40183,37820,279272,268583,384327,351817,397840,387636,458105,463618,507793,507222,346598,386422,241863,309604,70545,128854,4197062,3971087,529775,509338,808892,765648,322817,674,651
2021-10-23T23:59:59+02:00,47979,45242,305317,292302,409063,377366,419312,411215,479438,487420,527068,526517,356062,397330,248096,318340,73158,134397,40143,37778,279181,268477,384209,351745,397761,387560,458034,463555,507757,507190,346579,386408,241862,309598,70544,128853,4195892,3970436,529714,509273,808890,765645,322668,674,651
2021-10-22T23:59:59+02:00,47725,45009,304543,291738,408182,376680,418577,410668,478868,486945,526711,526268,356005,397261,248077,318306,73152,134385,39892,37536,278623,267955,383713,351309,397345,387198,457731,463283,507533,507017,346511,386343,241840,309556,70538,128843,4190285,3966799,529443,509105,808888,765627,322023,674,651
2021-10-21T23:59:59+02:00,47252,44555,303435,290864,406977,375720,417597,409874,478040,486302,526173,525892,355881,397123,248010,318203,73131,134330,39313,36974,277558,266903,382810,350437,396620,386428,457097,462715,507113,506654,346353,386141,241747,309397,70512,128792,4181790,3958952,529168,508730,808883,765614,321055,674,651
2021-10-20T23:59:59+02:00,47028,44300,302832,290321,406300,375108,417048,409428,477609,485930,525883,525656,355787,397000,247938,318110,73106,134271,38896,36598,276808,266146,382190,349772,396099,385824,456669,462265,506758,506332,346176,385940,241648,309256,70474,128715,4176596,3952500,529023,508556,808875,765602,320695,673,651
2021-10-19T23:59:59+02:00,46745,44023,302286,289847,405797,374647,416680,409092,477328,485657,525652,525451,355670,396873,247874,318015,73073,134217,38445,36144,275921,265316,381482,349062,395623,385285,456262,461805,506422,506009,345990,385710,241544,309107,70437,128632,4172336,3945658,528901,508384,808868,765584,320355,673,650
2021-10-18T23:59:59+02:00,46551,43833,301757,289383,405305,374215,416329,408755,477060,485419,525431,525250,355578,396770,247822,317921,73052,134175,38158,35885,275278,264628,380933,348417,395203,384794,455923,461416,506134,505732,345834,385560,241459,308979,70404,128583,4168526,3940345,528755,508200,808863,765564,319993,673,650
2021-10-17T23:59:59+02:00,46440,43716,301435,289126,405042,373958,416110,408589,476909,485262,525329,525124,355515,396716,247801,317873,73038,134140,37910,35629,274766,264123,380565,348040,394922,384459,455680,461186,505972,505564,345744,385450,241422,308910,70381,128531,4166339,3936680,528678,508045,808853,765528,319782,673,650
2021-10-16T23:59:59+02:00,46411,43684,301359,289064,404968,373901,416067,408545,476865,485225,525304,525108,355509,396708,247797,317867,73036,134138,37870,35585,274660,264014,380485,347970,394865,384386,455639,461142,505944,505540,345736,385441,241419,308905,70380,128526,4165857,3936065,528664,507986,808853,765526,319711,673,650
2021-10-15T23:59:59+02:00,46260,43524,300926,288720,404598,373581,415774,408286,476622,485001,525147,524974,355457,396668,247780,317835,73027,134123,37639,35338,274099,263432,380078,347579,394525,384044,455362,460861,505747,505370,345674,385367,241379,308858,70375,128505,4163034,3932319,528542,507773,808849,765516,319404,673,650
2021-10-14T23:59:59+02:00,45931,43191,300135,288019,403948,372917,415259,407825,476195,484588,524829,524692,355341,396538,247721,317740,72996,134061,37085,34773,272853,262165,379271,346616,393839,383211,454715,460218,505323,504953,345441,385142,241268,308698,70344,128455,4157529,3923612,528281,507270,808833,765461,318806,673,649
2021-10-13T23:59:59+02:00,45618,42912,299562,287468,403466,372407,414863,407426,475860,484256,524565,524442,355217,396394,247653,317641,72969,134001,36754,34490,272084,261361,378668,345868,393317,382576,454292,459755,504956,504587,345264,384942,241170,308507,70308,128376,4152938,3917261,528097,506997,808826,765414,318382,673,649
2021-10-12T23:59:59+02:00,45291,42633,298905,286922,402941,371868,414457,407036,475549,483948,524312,524205,355110,396256,247604,317551,72942,133951,36460,34201,271250,260502,377975,345148,392776,382011,453872,459327,504593,504241,345041,384722,241063,308355,70268,128267,4148237,3910664,527920,506771,808817,765390,318029,672,646
2021-10-11T23:59:59+02:00,45046,42408,298321,286438,402451,371406,414048,406677,475243,483643,524073,524008,355000,396137,247532,317455,72906,133885,36174,33946,270496,259769,377304,344471,392289,381456,453489,458880,504259,503938,344848,384526,240967,308206,70225,128180,4144080,3904783,527742,506488,808806,765364,317570,672,646
2021-10-10T23:59:59+02:00,44888,42278,297962,286158,402110,371096,413815,406424,475065,483450,523929,523877,354950,396081,247508,317417,72888,133856,36007,33819,270018,259349,376847,344004,391958,381113,453200,458594,504036,503761,344752,384425,240911,308137,70208,128147,4141673,3901167,527598,506365,808796,765330,317205,672,646
2021-10-09T23:59:59+02:00,44858,42252,297862,286081,402024,371038,413753,406371,475017,483402,523903,523860,354942,396067,247506,317413,72887,133855,35957,33765,269901,259244,376747,343906,391875,381038,453142,458540,504001,503731,344742,384411,240905,308129,70207,128145,4141163,3900463,527563,506292,808793,765319,317092,672,646
2021-10-08T23:59:59+02:00,44616,42044,297357,285674,401572,370663,413453,406073,474737,483172,523691,523692,354879,396006,247469,317361,72869,133841,35749,33488,269338,258683,376322,343476,391497,380659,452866,458217,503823,503573,344677,384328,240871,308084,70196,128133,4137772,3896642,527437,506128,808789,765300,316689,672,646
2021-10-07T23:59:59+02:00,44235,41620,296380,284803,400787,369892,412807,405456,474223,482680,523286,523374,354749,395831,247376,317250,72837,133775,35097,32828,267957,257290,375330,342291,390688,379660,452156,457469,503276,503072,344421,384047,240732,307904,70137,128042,4130880,3886970,527203,504935,808781,765258,316013,672,645
2021-10-06T23:59:59+02:00,43975,41359,295675,284216,400268,369386,412409,405028,473866,482366,523012,523123,354616,395679,247301,317131,72812,133698,34769,32515,267216,256480,374789,341628,390213,379117,451736,457021,502927,502715,344248,383837,240621,307759,70107,127963,4126035,3880872,527072,504822,808775,765226,315519,672,645
2021-10-05T23:59:59+02:00,43658,41062,294966,283535,399637,368764,411893,404539,473482,481963,522727,522820,354470,395522,247218,316975,72779,133587,34468,32201,266401,255639,374104,340891,389674,378506,451234,456554,502577,502359,344058,383619,240510,307586,70059,127889,4120587,3874438,526935,504677,808768,765204,314786,672,645
2021-10-04T23:59:59+02:00,43380,40822,294133,282831,398917,368165,411391,404067,473068,481568,522425,522547,354337,395348,247144,316852,72749,133495,34164,31884,265498,254704,373387,340113,389081,377909,450760,456018,502189,501992,343866,383389,240354,307420,70019,127802,4115330,3867749,526783,504565,808759,765164,313845,671,645
2021-10-03T23:59:59+02:00,43219,40672,293727,282414,398499,367799,411075,403813,472852,481332,522247,522382,354255,395252,247097,316769,72742,133456,33983,31750,265007,254280,372932,339702,388727,377516,450490,455709,501941,501760,343741,383244,240292,307326,70001,127771,4112458,3864177,526682,504452,808732,765110,313207,671,645
2021-10-02T23:59:59+02:00,43183,40635,293603,282287,398380,367709,410993,403732,472790,481275,522213,522351,354241,395229,247096,316766,72740,133454,33936,31712,264868,254148,372832,339612,388649,377438,450433,455656,501910,501721,343729,383222,240290,307319,69999,127771,4111762,3863480,526604,504394,808730,765087,313058,671,645
2021-10-01T23:59:59+02:00,42972,40379,292986,281730,397814,367209,410540,403347,472455,481007,521947,522168,354157,395151,247067,316717,72728,133436,33637,31421,264206,253500,372339,339178,388264,377061,450107,455339,501684,501526,343653,383156,240265,307275,69990,127754,4107844,3859598,526459,504237,808721,765032,312262,671,645
2021-09-30T23:59:59+02:00,42568,39978,291852,280632,396799,366233,409735,402554,471788,480332,521436,521752,353989,394943,246971,316588,72703,133367,33099,30876,263008,252332,371470,338251,387558,376235,449502,454688,501211,501127,343484,382932,240185,307117,69961,127701,4100074,3852528,526116,503232,808700,764948,310800,670,645
2021-09-29T23:59:59+02:00,42226,39674,291080,279883,396057,365519,409181,401969,471287,479840,521070,521438,353807,394740,246895,316454,72673,133301,32797,30567,262257,251570,370831,337596,387098,375656,449079,454231,500859,500782,343311,382752,240092,306954,69939,127643,4094136,3847043,525955,503081,808692,764880,309776,670,644
2021-09-28T23:59:59+02:00,41891,39360,290206,279050,395256,364802,408573,401402,470761,479332,520688,521077,353597,394521,246799,316299,72633,133199,32486,30297,261392,250782,370122,336953,386587,375124,448635,453775,500505,500432,343131,382548,239995,306809,69912,127587,4087831,3841513,525828,502933,808684,764826,308563,670,644
2021-09-27T23:59:59+02:00,41475,38977,289322,278207,394458,364083,408014,400813,470282,478806,520285,520745,353437,394324,246713,316179,72602,133108,32165,29938,260373,249857,369258,336147,385924,374445,448093,453233,500098,500070,342948,382315,239904,306675,69887,127523,4082148,3835320,525661,502781,808677,764717,306796,670,644
2021-09-26T23:59:59+02:00,41099,38671,288749,277673,393955,363634,407670,400462,469983,478516,520074,520556,353327,394224,246670,316109,72583,133067,32007,29804,259864,249396,368812,335749,385582,374072,447801,452940,499892,499882,342857,382224,239846,306602,69871,127487,4078440,3832353,525518,502630,808652,764601,305863,670,644
2021-09-25T23:59:59+02:00,41045,38611,288580,277505,393800,363512,407552,400372,469889,478431,520013,520513,353315,394204,246661,316100,72581,133064,31964,29749,259698,249242,368666,335623,385461,373972,447729,452839,499830,499848,342837,382201,239836,306589,69871,127485,4077681,3831635,525444,502570,808649,764570,305424,670,644
2021-09-24T23:59:59+02:00,40846,38397,287943,276849,393148,362942,407024,399887,469439,478024,519713,520270,353210,394119,246620,316048,72575,133039,31704,29490,259034,248555,368052,335080,385011,373530,447310,452481,499506,499601,342721,382095,239793,306535,69859,127461,4073905,3827911,525295,502467,808639,764500,303699,670,643
2021-09-23T23:59:59+02:00,40209,37729,286229,275182,391664,361580,405835,398674,468388,477056,518960,519586,352911,393843,246488,315832,72531,132923,31311,29074,257734,247467,366895,334089,384072,372705,446500,451746,498909,499090,342488,381853,239681,306386,69833,127385,4063998,3821836,524886,502195,808627,764400,299543,670,643
2021-09-22T23:59:59+02:00,39873,37411,285228,274194,390806,360727,405081,397900,467719,476451,518418,519143,352680,393574,246378,315632,72481,132835,31023,28810,256952,246715,366145,333399,383442,372108,445986,451224,498443,498740,342285,381644,239576,306248,69799,127322,4057108,3816721,524667,502025,808604,764284,297583,670,643
2021-09-21T23:59:59+02:00,39456,36928,284145,273109,389839,359816,404318,397141,467091,475860,517966,518711,352456,393309,246276,315453,72427,132722,30705,28532,256093,245857,365381,332682,382802,371503,445488,450738,498026,498341,342090,381437,239470,306084,69765,127236,4049486,3811086,524506,501826,808593,764205,295863,670,643
2021-09-20T23:59:59+02:00,39102,36650,283001,272029,388782,358875,403489,396331,466386,475243,517469,518256,352210,393082,246166,315271,72383,132625,30320,28161,254968,244871,364388,331836,382007,370732,444763,450157,497562,497897,341862,381221,239362,305895,69729,127158,4042421,3804575,524358,501651,808578,764000,293411,670,642
2021-09-19T23:59:59+02:00,38941,36515,282405,271615,388205,358384,403079,395934,466043,474929,517201,518022,352122,392957,246126,315192,72372,132587,30203,28041,254454,244434,363883,331409,381581,370394,444394,449812,497278,497673,341753,381092,239305,305809,69719,127127,4039071,3801735,524214,501468,808554,763701,292204,670,642
2021-09-18T23:59:59+02:00,38886,36444,282243,271455,388006,358222,402895,395790,465932,474815,517133,517963,352106,392944,246118,315183,72370,132583,30073,27910,254139,244088,363630,331156,381343,370203,444231,449678,497184,497584,341723,381066,239286,305790,69716,127119,4038119,3799854,524098,501387,808551,763688,291732,670,642
2021-09-17T23:59:59+02:00,38554,36078,281338,270623,387213,357462,402167,395133,465319,474290,516751,517600,351956,392798,246055,315113,72346,132551,29805,27643,253394,243404,362941,330559,380750,369700,443764,449265,496846,497296,341603,380931,239236,305711,69703,127097,4032770,3796069,523763,500984,808542,763657,289677,669,642
2021-09-16T23:59:59+02:00,37984,35481,279753,269053,385855,356004,400959,393812,464301,473311,515977,516902,351638,392469,245924,314925,72300,132459,29368,27221,252245,242387,361975,329620,379921,368836,443095,448570,496331,496848,341376,380709,239137,305583,69672,127037,4021858,3789437,523012,500582,808499,763510,287140,669,640
2021-09-15T23:59:59+02:00,37605,35170,278621,267955,384953,355024,400098,392950,463626,472622,515442,516386,351414,392179,245751,314747,72262,132340,29067,26932,251386,241573,361187,328823,379232,368162,442526,448052,495825,496408,341167,380473,239001,305436,69649,126960,4014295,3783774,522721,500347,808486,763436,285037,669,640
2021-09-14T23:59:59+02:00,37292,34863,277648,266991,384010,354161,399364,392182,463016,471969,514911,515932,351171,391937,245621,314577,72219,132271,28792,26693,250602,240780,360451,328153,378623,367563,441980,447540,495405,496023,340971,380258,238890,305289,69625,126905,4007457,3778642,522391,500124,808456,763287,283223,668,639
2021-09-13T23:59:59+02:00,36904,34467,276406,265721,383056,353115,398586,391300,462319,471248,514386,515428,350948,391684,245499,314422,72180,132198,28332,26270,249473,239726,359626,327366,378021,366908,441420,447014,494946,495643,340777,380031,238790,305142,69596,126851,3999233,3771698,521666,499839,808423,763190,281933,668,639
2021-09-12T23:59:59+02:00,36760,34338,275825,265279,382580,352667,398197,390873,461993,470946,514173,515212,350841,391572,245453,314347,72169,132163,28174,26151,248942,239313,359120,326922,377651,366553,441116,446723,494697,495420,340652,379900,238731,305054,69581,126807,3996031,3768668,521498,499646,808387,763063,280859,668,637
2021-09-11T23:59:59+02:00,36681,34289,275634,265068,382354,352478,398036,390718,461859,470822,514101,515151,350811,391541,245444,314331,72167,132160,28027,26052,248660,239129,358897,326764,377501,366413,440967,446605,494628,495365,340628,379872,238723,305041,69581,126803,3994995,3767584,521409,499513,808378,763042,280246,668,635
2021-09-10T23:59:59+02:00,36351,33951,274555,264074,381394,351577,397154,389908,461060,470137,513542,514704,350603,391341,245356,314219,72149,132130,27818,25852,247750,238422,358068,326028,376714,365783,440276,446081,494136,494984,340467,379716,238642,304937,69559,126773,3989644,3764114,521266,499296,808367,763020,276304,668,634
2021-09-09T23:59:59+02:00,35913,33501,273244,262914,380343,350396,396207,388871,460257,469260,512961,514191,350364,391058,245230,314065,72114,132070,27436,25461,246675,237459,357154,325157,375895,364971,439583,445472,493548,494542,340251,379486,238521,304795,69528,126721,3981429,3757999,520962,498898,808322,762869,273618,666,630
2021-09-08T23:59:59+02:00,35512,33100,272283,261924,379537,349545,395510,388086,459625,468656,512522,513726,350161,390815,245125,313890,72085,132012,27142,25172,245748,236600,356340,324418,375210,364247,438976,444908,493100,494089,340052,379241,238406,304634,69494,126633,3974949,3752304,520738,498578,808268,762734,271523,665,628
2021-09-07T23:59:59+02:00,35137,32763,271260,260994,378703,348762,394864,387411,459093,468133,512079,513331,349969,390605,245024,313726,72052,131941,26866,24961,244870,235815,355534,323732,374559,363689,438469,444401,492655,493700,339843,379023,238319,304496,69467,126578,3968841,3747300,520495,498237,808254,762553,269616,665,627
2021-09-06T23:59:59+02:00,34738,32354,270139,259890,377756,347814,394175,386632,458493,467495,511637,512896,349748,390359,244935,313604,72022,131871,26630,24750,244097,235055,354788,323075,373944,363097,438006,443894,492242,493315,339631,378818,238239,304362,69438,126523,3961606,3742472,520358,497995,808206,762424,267741,665,627
2021-09-05T23:59:59+02:00,34582,32206,269729,259477,377443,347468,393878,386313,458257,467256,511460,512716,349677,390266,244893,313542,72006,131844,26494,24595,243667,234660,354389,322689,373589,362785,437744,443644,492045,493108,339533,378700,238197,304298,69421,126491,3958996,3739836,520255,497720,808178,762286,266935,665,627
2021-09-04T23:59:59+02:00,34523,32168,269560,259345,377321,347340,393750,386207,458180,467171,511409,512671,349665,390248,244886,313530,72006,131843,26456,24542,243500,234516,354227,322524,373442,362669,437652,443542,491978,493059,339512,378680,238189,304286,69421,126490,3958282,3739050,520201,497582,808173,762263,266517,665,627
2021-09-03T23:59:59+02:00,34205,31852,268660,258539,376578,346675,393157,385613,457602,466687,510948,512334,349494,390069,244820,313424,71983,131809,26132,24201,242478,233656,353430,321807,372771,362016,437000,442954,491489,492645,339315,378481,238103,304180,69401,126463,3953892,3734753,519497,496043,808145,762190,264262,665,627
2021-09-02T23:59:59+02:00,33839,31511,267603,257654,375710,345833,392417,384859,456913,466053,510414,511903,349228,389817,244697,313246,71958,131730,25833,23937,241450,232854,352535,321025,372030,361304,436283,442326,490922,492187,339068,378216,237994,304029,69375,126385,3947907,3729558,519210,495558,808109,761863,261500,665,626
2021-09-01T23:59:59+02:00,33512,31145,266750,256812,374948,345162,391884,384308,456442,465571,510028,511556,349050,389626,244607,313129,71934,131670,25445,23535,240358,231792,351665,320169,371340,360608,435667,441719,490394,491702,338836,377949,237863,303876,69348,126330,3942448,3722740,519024,495012,808074,761648,259923,665,622
2021-08-31T23:59:59+02:00,33114,30802,265880,255897,374204,344440,391306,383722,455928,465083,509571,511189,348858,389433,244511,312981,71902,131627,25160,23239,239404,230895,350853,319420,370674,359969,435107,441209,489871,491300,338634,377734,237775,303727,69314,126275,3936877,3717415,518834,494625,808049,761226,258018,663,622
2021-08-30T23:59:59+02:00,32567,30314,264573,254713,373200,343518,390489,382904,455172,464370,509008,510689,348628,389212,244418,312827,71866,131558,24840,22922,238242,229906,349847,318521,369882,359224,434405,440624,489313,490783,338379,377489,237650,303548,69273,126198,3929366,3711353,518717,494182,808004,760972,255262,662,620
2021-08-29T23:59:59+02:00,32377,30123,264006,254201,372716,343101,390106,382564,454877,464081,508778,510467,348531,389103,244368,312763,71856,131534,24614,22707,237524,229266,349234,317976,369385,358753,433976,440247,489002,490522,338238,377334,237590,303474,69255,126173,3926264,3707461,518597,493782,807976,760712,254034,662,620
2021-08-28T23:59:59+02:00,32287,30027,263778,254022,372538,342947,389950,382441,454752,463962,508702,510414,348506,389080,244357,312751,71855,131531,24549,22603,237206,229007,348983,317779,369165,358587,433793,440083,488873,490430,338196,377292,237570,303448,69253,126169,3925220,3705882,518556,493665,807970,760686,253470,662,620
2021-08-27T23:59:59+02:00,32056,29776,263133,253458,372022,342426,389479,381987,454295,463564,508329,510128,348377,388946,244299,312665,71836,131511,24403,22452,236602,228508,348368,317275,368692,358153,433340,439728,488570,490181,338066,377174,237515,303384,69242,126162,3921410,3702659,518487,493451,807911,760627,251792,662,619
2021-08-26T23:59:59+02:00,31673,29389,262127,252476,371167,341608,388720,381243,453606,462887,507776,509647,348144,388686,244178,312548,71808,131450,24054,22088,235120,227141,347133,316084,367573,357159,432462,438919,487896,489605,337779,376853,237351,303215,69212,126117,3915206,3694283,518242,492804,807872,760268,249112,662,617
2021-08-25T23:59:59+02:00,31308,29055,261201,251613,370413,340828,388058,380544,452969,462295,507219,509189,347906,388429,244053,312384,71773,131383,23448,21513,233067,225275,345647,314676,366383,355960,431460,437957,487093,488875,337397,376462,237197,302980,69168,126029,3909462,3682276,518110,492396,807843,760117,246499,660,615
2021-08-24T23:59:59+02:00,30989,28787,260468,250830,369805,340194,387518,379968,452485,461780,506807,508816,347697,388203,243936,312220,71747,131311,23131,21197,231853,224207,344678,313751,365595,355210,430786,437305,486533,488329,337117,376147,237064,302820,69143,125965,3904507,3675074,517822,491946,807822,759811,244700,660,611
2021-08-23T23:59:59+02:00,30467,28258,259077,249512,368771,339278,386683,379173,451704,461096,506154,508246,347413,387920,243796,312030,71720,131250,22821,20898,230368,222887,343361,312678,364644,354356,429923,436543,485826,487760,336811,375813,236928,302629,69117,125906,3897036,3667640,517673,491465,807787,759525,241332,660,610
2021-08-22T23:59:59+02:00,30321,28143,258668,249139,368415,338944,386410,378907,451466,460851,505964,508095,347316,387825,243755,311973,71703,131224,22639,20716,229646,222206,342668,312016,364105,353847,429482,436136,485503,487491,336646,375630,236864,302524,69099,125870,3894796,3663232,517524,490998,807748,759224,240327,659,606
2021-08-21T23:59:59+02:00,30070,27938,258171,248677,368097,338624,386152,378649,451261,460673,505815,507956,347261,387769,243733,311935,71700,131215,22363,20462,228903,221552,342182,311617,363699,353435,429117,435829,485273,487294,336561,375562,236837,302481,69093,125858,3892243,3660245,517380,489792,807740,759168,239604,659,606
2021-08-20T23:59:59+02:00,29878,27739,257510,248013,367355,337992,385471,378120,450665,460176,505339,507633,347115,387609,243678,311838,71683,131180,21958,20122,227094,219930,340766,310416,362579,352476,428159,435030,484552,486742,336317,375313,236735,302361,69068,125828,3888750,3651967,517056,488631,807727,758801,236732,657,606
2021-08-19T23:59:59+02:00,29546,27424,256521,247159,366348,337201,384682,377427,449953,459537,504774,507147,346874,387345,243570,311690,71649,131107,21463,19629,224325,217491,338449,308573,360871,350997,426754,433756,483391,485787,335898,374887,236541,302114,69034,125759,3883208,3637569,516689,486863,807685,758327,233636,657,605
2021-08-18T23:59:59+02:00,29259,27163,255724,246452,365643,336580,384099,376855,449354,459037,504299,506731,346602,387105,243452,311542,71617,131041,21085,19256,221846,214964,336387,306810,359217,349342,425224,432423,482244,484748,335381,374335,236309,301818,68983,125665,3878081,3624276,516509,482922,807655,757942,231571,656,605
2021-08-17T23:59:59+02:00,28941,26887,254941,245731,365020,335894,383535,376296,448861,458548,503865,506310,346399,386894,243335,311411,71590,130988,20613,18821,219093,212208,334307,304977,357524,347874,423784,431144,481116,483755,334886,373792,236072,301525,68929,125589,3873015,3609175,516208,480138,807629,757511,229854,655,601
2021-08-16T23:59:59+02:00,28649,26624,254245,245077,364448,335337,383072,375833,448422,458107,503445,505946,346214,386687,243236,311247,71559,130948,20059,18337,215917,209129,332015,302854,355996,346419,422576,430000,480166,482911,334498,373345,235886,301254,68890,125499,3868592,3591721,516052,479430,807603,757161,228107,655,599
2021-08-15T23:59:59+02:00,28452,26461,253749,244630,364015,334946,382710,375494,448122,457847,503202,505749,346100,386568,243187,311167,71548,130927,19274,17608,211900,205066,330112,301232,354729,345191,421545,429060,479379,482248,334163,373010,235761,301077,68866,125449,3865724,3574047,515908,478515,807564,756834,226936,655,597
2021-08-14T23:59:59+02:00,28383,26402,253501,244431,363779,334769,382534,375343,447965,457717,503084,505641,346050,386534,243169,311144,71545,130922,18948,17310,210825,203960,329288,300468,354006,344511,421048,428599,478990,481926,334024,372881,235723,301020,68857,125432,3864542,3567340,515835,478144,807558,756756,226236,655,597
2021-08-13T23:59:59+02:00,28126,26159,252792,243842,363277,334340,382094,374907,447528,457352,502745,505381,345922,386383,243104,311067,71533,130893,18344,16753,208934,202169,327858,299147,352736,343318,419994,427657,478240,481282,333779,372590,235610,300877,68839,125378,3860703,3555367,515762,477540,807548,756563,224691,651,597
2021-08-12T23:59:59+02:00,27928,25933,252067,243204,362655,333747,381559,374418,446991,456904,502321,505025,345739,386182,243002,310960,71520,130845,17760,16255,206331,199892,324971,296599,350716,341510,418483,426400,477012,480211,333326,372055,235365,300600,68799,125295,3856730,3537893,515570,476359,807510,755533,222446,649,595
2021-08-11T23:59:59+02:00,27693,25686,251337,242513,362028,333163,381032,373935,446525,456473,501910,504595,345512,385939,242885,310825,71492,130790,16940,15567,203278,196900,321781,293651,348540,339440,416979,424988,475728,478919,332783,371412,235116,300192,68748,125166,3851862,3515984,515350,475288,807470,754590,220908,646,594
2021-08-10T23:59:59+02:00,27447,25427,250501,241776,361310,332609,380488,373383,446025,455993,501455,504193,345315,385742,242799,310686,71469,130746,16143,14782,199070,192757,317101,289416,345543,336653,414852,423038,474124,477455,332093,370738,234817,299782,68691,125047,3846765,3485769,515064,474173,807432,753437,219359,644,594
2021-08-09T23:59:59+02:00,27249,25226,249871,241199,360725,332120,380040,373000,445613,455644,501109,503906,345154,385594,242733,310574,71449,130710,15149,13838,194519,188153,311378,284657,342775,334152,412933,421260,472501,475989,331447,370045,234541,299410,68632,124912,3843024,3455320,514884,471395,807400,752343,217863,642,590
2021-08-08T23:59:59+02:00,27076,25067,249388,240785,360325,331763,379688,372706,445306,455382,500864,503714,345046,385484,242670,310495,71432,130677,14927,13643,193166,186780,309749,283316,341452,332985,412053,420501,471926,475468,331184,369772,234412,299241,68606,124861,3840415,3446157,514726,470025,807347,751855,216630,641,589
2021-08-07T23:59:59+02:00,26927,24891,248857,240335,359925,331423,379351,372423,445012,455145,500637,503538,344974,385389,242636,310445,71424,130666,13755,12598,189483,183185,307699,281459,339726,331457,410716,419232,470998,474672,330829,369398,234281,299052,68572,124824,3837547,3426486,514619,468689,807335,751641,215746,641,586
2021-08-06T23:59:59+02:00,26701,24656,247988,239663,359139,330811,378674,371844,444355,454620,500100,503147,344740,385185,242537,310329,71413,130644,12847,11771,185733,179622,304217,278637,337599,329613,409110,417886,469700,473706,330448,369010,234121,298897,68548,124777,3834955,3407110,513250,466956,807323,750537,212265,641,583
2021-08-05T23:59:59+02:00,26377,24332,246810,238722,358235,329935,377840,371110,443607,453931,499430,502602,344456,384882,242423,310155,71372,130581,11841,10837,181244,175666,298814,274209,333465,326036,406290,415391,467437,471918,329779,368304,233858,298523,68487,124666,3828553,3379079,512984,462236,807253,746818,209248,641,582
2021-08-04T23:59:59+02:00,26003,23989,245667,237730,357232,329019,377059,370396,442976,453331,498851,502069,344183,384613,242300,309982,71345,130510,11027,10125,177757,172354,295034,271068,329046,322119,404031,413291,465723,470361,329083,367605,233582,298170,68427,124564,3822027,3351842,512639,460465,807218,745066,206597,637,581
2021-08-03T23:59:59+02:00,25539,23567,244298,236542,356316,328184,376344,369700,442320,452671,498249,501533,343892,384314,242171,309805,71301,130442,10465,9624,174260,168898,290912,267409,323922,317495,401273,410727,463374,468255,328240,366735,233230,297696,68359,124425,3814072,3319633,512474,458581,807171,742987,204694,637,580
2021-08-02T23:59:59+02:00,25221,23260,243243,235579,355462,327422,375638,369100,441744,452119,497723,501084,343628,384037,242053,309649,71275,130383,9909,9083,170611,165294,286198,263431,318036,312532,398509,408162,461134,466255,327467,365896,232934,297297,68297,124307,3807692,3286076,512224,456596,807112,740453,202813,636,578
2021-08-01T23:59:59+02:00,25062,23070,242610,234970,354861,326906,375194,368703,441308,451796,497377,500805,343486,383870,241977,309533,71261,130357,9642,8874,169055,163834,283702,261424,313391,308811,396644,406580,459653,465003,327031,365411,232762,297079,68268,124248,3803987,3268111,511918,454447,807018,737998,201441,633,573
2021-07-31T23:59:59+02:00,24952,22965,242266,234649,354578,326679,374951,368532,441117,451642,497269,500703,343453,383830,241957,309520,71260,130351,8407,7777,165273,159979,280872,258869,311296,306806,395242,405296,458505,464012,326711,365033,232628,296905,68242,124202,3802360,3245128,511728,453507,807012,737203,200792,632,573
2021-07-30T23:59:59+02:00,24661,22705,241461,233926,353996,326147,374457,368060,440652,451238,496905,500411,343315,383689,241912,309440,71247,130335,7469,6907,161515,156206,277467,255746,308260,303981,393005,403177,456653,462423,326199,364500,232418,296613,68209,124144,3798242,3219980,511357,452300,806992,734001,199182,631,571
2021-07-29T23:59:59+02:00,24314,22364,239924,232650,352824,325067,373487,367145,439794,450440,496089,499787,342982,383375,241774,309255,71209,130268,6484,6033,156648,151707,272062,251545,302333,299185,388631,399675,453595,460008,325363,363650,232105,296202,68149,124044,3790632,3185932,510675,447419,806906,728883,195744,630,571
2021-07-28T23:59:59+02:00,24012,22076,238770,231609,351939,324223,372734,366448,439153,449770,495516,499293,342727,383075,241638,309069,71174,130196,5993,5589,152872,148045,267546,247867,297876,295215,385357,396809,451497,458150,324701,362887,231836,295813,68085,123918,3783855,3155072,510135,445490,806826,726233,193814,629,568
2021-07-27T23:59:59+02:00,23739,21849,237759,230633,351090,323479,372027,365854,438564,449151,494989,498834,342482,382770,241504,308874,71138,130097,5423,5062,147832,142905,261603,242718,292560,290433,381330,393098,448306,455328,323709,361781,231469,295307,67993,123760,3777534,3113361,509578,443155,806768,722482,192162,628,566
2021-07-26T23:59:59+02:00,23506,21609,236780,229646,350297,322772,371417,365295,438007,448660,494534,498461,342249,382529,241377,308715,71114,130039,5000,4702,143472,138497,256032,237919,287375,285943,376851,389124,444777,452296,322753,360813,231139,294825,67918,123622,3771824,3073814,508946,440894,806685,718120,190758,625,566
2021-07-25T23:59:59+02:00,23147,21308,235439,228486,349350,321999,370733,364629,437426,448117,494067,498053,342050,382314,241287,308585,71093,129975,4745,4469,141619,136731,253331,235688,284858,283834,374707,387339,442679,450492,322235,360293,230933,294595,67893,123545,3764717,3058697,508566,438704,806617,713750,189356,624,566
2021-07-24T23:59:59+02:00,22898,21111,234509,227622,348625,321345,370158,364107,436896,447677,493705,497775,341934,382215,241243,308524,71090,129964,4423,4184,138718,133924,250592,233360,282287,281610,372442,385478,441437,449504,321885,359955,230788,294417,67874,123511,3760683,3040308,507799,435681,806602,713407,187508,624,566
2021-07-23T23:59:59+02:00,22480,20724,233002,226274,347289,320396,369104,363236,436011,446889,493006,497243,341697,381942,241154,308412,71069,129928,4000,3792,133218,129071,245204,229038,277796,277810,368740,382265,438780,447295,321182,359229,230533,294105,67820,123430,3753175,3004653,507327,433902,806547,711265,183989,624,566
2021-07-22T23:59:59+02:00,21974,20248,230891,224290,345529,318847,367597,361941,434691,445739,492022,496340,341262,381490,240977,308163,71025,129847,3578,3448,128861,125002,239190,224513,271394,272729,361828,376754,433311,442768,319995,357964,230092,293578,67726,123277,3740690,2962460,505737,427905,806413,704935,181200,623,564
2021-07-21T23:59:59+02:00,21465,19724,229000,222463,343823,317310,365976,360364,433113,444351,490794,495171,340709,380965,240729,307878,70971,129752,3375,3251,125089,121418,233718,220266,265851,268192,353683,369806,428690,439021,318874,356814,229629,293012,67645,123097,3729646,2926856,501977,416994,806186,700145,177907,623,562
2021-07-20T23:59:59+02:00,21162,19444,227529,220978,342583,316133,365012,359483,432248,443559,490070,494525,340368,380590,240581,307657,70942,129662,3114,2961,120741,117166,227356,215076,260011,263003,346551,363687,423979,434697,317775,355556,229214,292423,67547,122915,3720294,2882968,501569,409751,806055,695747,175761,621,561
2021-07-19T23:59:59+02:00,20848,19148,225790,219280,341266,314875,363969,358504,431432,442780,489398,493905,340072,380225,240429,307424,70897,129565,2918,2752,117976,114557,222954,211479,255380,259042,342826,360506,421352,432508,317048,354827,228913,292029,67472,122791,3709682,2857834,501145,404358,805960,691414,174169,621,561
2021-07-18T23:59:59+02:00,20693,19015,224488,218002,339642,313437,362893,357573,430609,442054,488858,493361,339839,379939,240301,307247,70875,129503,2827,2659,116468,113163,220283,209285,253018,256933,340574,358649,419314,430813,316556,354337,228753,291810,67451,122723,3700188,2845491,500607,400073,805884,687705,172791,620,558
2021-07-17T23:59:59+02:00,20294,18592,223334,216942,339060,312896,362300,357059,430088,441603,488442,493073,339735,379822,240259,307191,70872,129492,2563,2402,114395,111058,217819,206976,250544,254730,338140,356504,417863,429547,316220,353945,228618,291642,67428,122683,3694606,2827931,500404,397345,805860,686916,171325,617,558
2021-07-16T23:59:59+02:00,19750,18078,220794,214797,337321,311591,360790,355766,428620,440396,487344,492213,339329,379451,240088,307032,70847,129456,2295,2161,111278,108249,213040,203038,245999,251087,333831,352797,414515,426821,315297,353013,228267,291224,67374,122602,3684394,2800182,499643,394978,805701,683097,165053,616,557
2021-07-15T23:59:59+02:00,19108,17450,218004,212370,335410,309878,359198,354327,427276,439205,486394,491358,338923,379025,239885,306776,70805,129351,2118,2020,107362,105014,204646,196773,238479,245467,327213,347543,407428,420358,313549,351195,227718,290552,67302,122403,3669301,2753452,499041,386512,805583,675658,161920,613,557
2021-07-14T23:59:59+02:00,18262,16724,215556,210043,333702,308342,357791,352979,426047,438004,485365,490397,338467,378563,239644,306464,70751,129264,1966,1875,103738,101663,198146,191583,232747,240783,322906,344055,403242,416724,312233,349880,227308,289991,67218,122249,3654344,2719707,498455,380956,805459,668838,159201,612,553
2021-07-13T23:59:59+02:00,17608,16066,213367,208016,332095,306959,356451,351745,424869,436909,484399,489535,338025,378089,239441,306217,70716,129171,1854,1767,99968,98114,191641,186157,225589,234707,316214,337978,394828,408846,310432,347952,226702,289197,67105,122048,3640464,2676778,497896,368254,805299,659343,157108,611,549
2021-07-12T23:59:59+02:00,16588,15131,210075,204827,330026,305223,354867,350271,423623,435700,483413,488630,337608,377616,239263,305988,70676,129093,1775,1696,96860,95386,186342,181841,218597,229016,309362,331930,389716,404562,308694,346078,226108,288464,67005,121877,3621936,2638369,497339,361098,805119,650910,155305,609,547
2021-07-11T23:59:59+02:00,16079,14654,208712,203548,329272,304501,354200,349640,423054,435192,482964,488283,337415,377411,239202,305882,70654,129053,1741,1670,95434,94093,183545,179525,215587,226713,306666,329769,386880,402169,306217,343448,225728,287993,66951,121779,3615649,2623317,496697,359099,804986,640395,153468,602,543
2021-07-10T23:59:59+02:00,15604,14194,206860,201756,327800,303229,353061,348661,422321,434593,482486,487885,337245,377246,239136,305796,70644,129033,1700,1623,94124,92816,180998,177402,212544,224226,304134,327602,385713,401131,305570,342778,225548,287805,66935,121752,3607036,2606473,496052,358867,804751,638638,150786,601,543
2021-07-09T23:59:59+02:00,15279,13913,204949,199911,326188,301769,351989,347696,421415,433874,481913,487407,337038,377022,239040,305675,70629,128999,1026,967,91329,90090,177458,174169,208193,220066,299105,322994,382263,398145,304474,341547,225242,287437,66897,121687,3597852,2577422,495182,356799,804556,631031,148185,599,543
2021-07-08T23:59:59+02:00,14810,13485,201453,196918,322868,299090,349607,345702,419700,432410,480478,486335,336597,376580,238861,305427,70584,128921,908,856,87022,86316,170203,168489,200046,213658,291719,316864,375302,391921,301743,338616,224461,286495,66780,121427,3582451,2531126,491129,348118,804036,620651,143253,598,542
2021-07-07T23:59:59+02:00,14309,13031,197704,193043,319688,296220,347288,343647,418140,430933,479271,485230,336118,376015,238669,305154,70545,128815,774,760,83333,82862,162885,162760,190981,206466,283716,310290,368250,385094,298425,334993,223550,285391,66638,121180,3561100,2483055,489758,334659,803649,610634,140309,595,539
2021-07-06T23:59:59+02:00,13849,12657,194267,189662,316423,293476,344808,341349,416421,429366,478000,484095,335616,375455,238472,304864,70492,128730,652,642,79760,79274,156193,157238,183559,200253,274762,302326,361747,378990,295222,331739,222664,284299,66530,120951,3541196,2430438,486681,327668,803232,601109,137878,592,539
2021-07-05T23:59:59+02:00,13451,12320,189864,185410,312359,290131,342291,339008,414741,427815,476854,483020,335143,374938,238292,304618,70459,128644,576,547,76688,76437,151062,153136,178786,196123,267843,296048,355629,373448,291941,328290,221775,283177,66420,120780,3518299,2391296,485515,323172,802736,590740,133779,589,536
2021-07-04T23:59:59+02:00,13272,12161,186019,181532,309715,288097,340972,337930,413856,427035,476270,482525,334919,374684,238205,304492,70433,128590,544,518,74501,74562,147949,150557,176446,194075,265388,293984,352508,371233,288629,324890,221194,282511,66364,120660,3506020,2377459,484218,320871,802171,579191,129264,589,535
2021-07-03T23:59:59+02:00,12076,11103,179585,175526,305438,284634,338631,335754,412037,425225,475054,481467,334518,374238,238032,304246,70409,128547,513,499,72719,72981,145514,148672,174001,191987,262317,291254,350223,369375,286872,322904,220926,282148,66332,120611,3479611,2361687,482807,320670,801988,574699,123061,589,535
2021-07-02T23:59:59+02:00,10976,10011,175868,172057,303011,282429,336879,334047,410785,424035,474278,480776,334259,373923,237918,304064,70381,128499,474,448,70020,70290,141581,145379,169555,187936,256256,285798,344991,364663,283613,319171,220285,281375,66283,120526,3461480,2328414,481325,317877,801806,562102,120526,587,520
2021-07-01T23:59:59+02:00,9878,9082,172186,168602,298964,279126,334379,331771,408987,422453,473182,479814,333839,373459,237717,303795,70335,128419,402,375,65120,65564,135244,140029,162261,181420,245986,276927,334182,354858,278824,313892,218429,279117,66104,120213,3438874,2271977,479227,305501,801460,544356,117361,587,515
2021-06-30T23:59:59+02:00,9388,8689,168909,165513,293336,274493,330699,328429,407214,420913,472160,478843,333416,372973,237525,303494,70301,128330,320,314,61983,62710,129594,135345,155606,175415,235920,267765,320762,341567,273605,308336,216535,276791,65936,119890,3413727,2216853,477053,292675,801168,525498,113598,586,513
2021-06-29T23:59:59+02:00,8850,8166,165098,161728,288788,270217,327129,325124,405101,418826,470610,477428,332827,372334,237271,303139,70246,128221,262,243,59185,59706,124637,130921,149573,169879,224053,257048,312195,333189,267138,301141,214560,274328,65733,119544,3386140,2157495,475052,288002,800842,508081,109974,584,510
2021-06-28T23:59:59+02:00,8445,7785,161765,158262,283744,265892,323818,322275,402956,416897,469122,476114,332308,371722,237038,302830,70202,128128,202,193,56906,57349,120725,127400,145216,165791,214822,248619,306395,327774,262190,295841,212797,272092,65585,119278,3362165,2121708,471081,279368,800183,491542,106763,584,508
2021-06-27T23:59:59+02:00,8297,7662,160251,156732,281635,264081,322013,320735,401254,415538,468227,475397,332018,371430,236935,302667,70183,128079,176,173,55702,56235,118594,125688,142643,163655,210703,245223,303021,324910,258377,291829,210337,269178,65474,119083,3352123,2106196,469006,275865,799138,475388,103754,583,506
2021-06-26T23:59:59+02:00,7143,6563,156980,153392,279530,262196,319597,318493,400063,414382,467529,474699,331749,371150,236828,302509,70159,128049,165,161,55154,55643,117247,124530,141215,162414,208458,243214,300487,322493,256837,290168,210003,268768,65447,119013,3332977,2089350,466180,275773,799132,472891,103619,562,487
2021-06-25T23:59:59+02:00,5921,5446,152669,149104,276129,259238,317542,316531,398750,413133,466527,473873,331460,370815,236701,302353,70132,128000,136,140,53863,54017,114759,121825,137122,157841,199686,234758,294789,316615,255111,288046,209410,267965,65376,118897,3307992,2046794,464749,274074,799081,466302,103392,562,484
2021-06-24T23:59:59+02:00,5056,4658,148214,144970,271289,255284,313262,312746,396549,411254,465151,472736,331033,370353,236533,302115,70098,127913,117,110,51208,51418,109618,117093,129768,151184,187618,224291,283365,306373,249724,282197,207572,265617,65173,118496,3276741,1984633,462739,262265,798914,452532,101696,561,481
2021-06-23T23:59:59+02:00,4834,4452,145045,141849,267583,252119,308018,307939,394055,408906,463746,471417,330505,369733,236302,301803,70050,127806,85,80,49263,49328,105815,113178,124090,145498,177711,215616,271380,294364,245107,277376,206236,263917,65012,118136,3249145,1928216,459212,252392,798753,441832,99921,559,479
2021-06-22T23:59:59+02:00,4583,4222,141965,138720,263864,248733,301885,302503,391420,406344,462201,469931,329955,369124,236082,301450,70003,127699,55,59,47571,47579,102199,109864,119280,140914,165103,204462,260459,284051,241035,272899,204314,261505,64760,117664,3217054,1869760,457276,244655,798561,430873,98644,558,470
2021-06-21T23:59:59+02:00,4324,3976,138699,135771,259147,244823,296636,297634,388369,403469,460728,468576,329437,368560,235861,301138,69963,127587,47,51,46336,46346,99808,107639,116538,138204,158875,198681,253568,277409,235678,267054,200372,256976,64575,117287,3185271,1838711,455228,239137,798354,411064,96682,555,469
2021-06-20T23:59:59+02:00,4180,3857,137187,134259,254884,241322,294051,295391,386977,402151,459936,467826,329211,368271,235749,301005,69943,127525,40,48,45201,45417,97540,105838,114255,136213,155839,196140,249249,273326,232671,263523,199382,255721,64494,117161,3167745,1818280,453462,235582,798194,403190,95152,553,462
2021-06-19T23:59:59+02:00,3764,3506,135033,132159,252132,238994,292266,293735,385131,400583,459096,467098,328989,368018,235646,300867,69923,127493,39,46,44654,44769,96265,104569,112777,134742,154328,194699,246021,270295,231945,262672,199211,255457,64472,117108,3151392,1802269,450634,233998,798185,402902,95040,553,461
2021-06-18T23:59:59+02:00,2812,2593,131746,129018,248607,235939,288252,290321,382728,398455,457757,465939,328613,367618,235491,300632,69896,127444,39,45,43868,43853,94687,102785,110475,132071,150777,190660,239153,262999,230215,260664,198723,254817,64397,116974,3125564,1772916,446195,233467,798159,396187,94757,553,460
2021-06-17T23:59:59+02:00,2577,2370,128034,125726,242573,231488,283020,285933,377929,394463,455430,464100,328016,366895,235246,300277,69831,127331,38,45,41625,42024,90632,99303,105561,127315,142903,182975,227745,251593,225004,254721,197071,252656,64138,116554,3090705,1717154,443202,229317,797896,385263,90287,501,452
2021-06-16T23:59:59+02:00,2306,2134,124794,122316,237668,227136,278315,281670,372757,389963,452831,461956,327275,366098,234956,299862,69765,127216,38,42,39788,40421,87089,96270,101200,123479,134656,175622,215631,239668,218762,247602,195144,250328,63886,116066,3057119,1657271,437653,223709,797404,377140,87680,498,450
2021-06-15T23:59:59+02:00,1917,1802,119876,117445,231682,221987,272958,276681,367685,385328,449981,459534,326405,365118,234605,299350,69683,127032,37,40,38170,38807,83757,93219,97225,119419,127592,169239,203265,227625,212722,240803,193180,247893,63576,115493,3012358,1599898,435722,217851,796841,369450,84967,497,447
2021-06-14T23:59:59+02:00,1654,1527,115819,113280,226447,217078,267594,271705,362395,380568,446860,456939,325616,364258,234296,298961,69621,126911,33,39,37192,37917,81479,91115,94511,116894,123474,165485,196656,221116,209606,237293,192045,246419,63357,115099,2970163,1570253,433366,215571,796581,361784,82222,496,441
2021-06-13T23:59:59+02:00,1581,1442,114325,111900,223994,214970,265050,269444,360140,378606,445688,455913,325340,363953,234160,298789,69589,126837,30,39,36322,37179,79616,89438,92495,115070,120647,162870,192773,217400,206511,233846,191010,245048,63125,114686,2955155,1556212,430925,208288,796279,353540,80158,496,440
2021-06-12T23:59:59+02:00,1432,1304,111673,109150,222097,213239,263664,268162,358700,377206,444794,455146,325052,363643,234068,298686,69571,126809,30,39,35952,36773,78626,88343,91238,113767,119065,161302,189205,214093,205477,232717,189613,243391,63115,114654,2938964,1543025,429945,208275,796257,346161,80022,495,439
2021-06-11T23:59:59+02:00,1285,1168,109120,106634,219199,210616,259995,264970,355561,374471,443079,453675,324615,363191,233931,298478,69544,126754,30,38,35276,35655,76616,84960,89002,110228,114950,156151,182491,206631,203379,230343,189007,242620,63052,114555,2914528,1515462,427142,207577,796074,332699,79323,494,438
2021-06-10T23:59:59+02:00,1123,1011,104367,102218,213121,205847,252933,259140,349463,369172,438585,449899,323754,362220,233611,298032,69460,126601,28,37,33694,34163,72607,80775,84075,104715,108269,147916,170117,192970,197288,223441,187277,240474,62798,114150,2870857,1468195,420029,205828,795240,305653,75184,489,433
2021-06-09T23:59:59+02:00,974,882,100443,98504,207145,201117,246116,253424,342794,363218,434900,446875,323073,361475,233338,297649,69396,126469,27,36,32155,32902,69364,78121,80374,101545,103536,143625,158952,182183,186644,211417,185409,238228,62525,113655,2831803,1414036,411493,201842,794727,294358,70519,471,429
2021-06-08T23:59:59+02:00,792,701,95905,93952,200501,195547,239154,247404,334528,355932,429791,442200,322236,360471,232963,297162,69317,126333,26,34,31080,32043,66770,75817,77087,98811,98943,139702,151324,174668,177914,201683,183599,235974,62294,113287,2779769,1374726,405715,196918,794140,283474,65991,471,420
2021-06-07T23:59:59+02:00,633,560,92680,90847,194425,190838,232592,242155,326696,349756,426742,439752,321689,359833,232746,296835,69263,126237,25,32,30207,31194,64298,73857,74129,96648,95172,136762,143225,166857,173856,197044,182165,234162,62070,112902,2740713,1347541,399538,193611,793572,272334,61162,471,420
2021-06-06T23:59:59+02:00,595,525,91099,89529,191126,188276,229231,239377,322410,346350,425305,438671,321415,359535,232638,296677,69240,126190,25,32,29604,30636,62519,72171,72042,94627,91972,133689,137519,161046,171317,194404,181053,232761,61842,112522,2725262,1335646,392136,183896,793084,261878,58402,470,413
2021-06-05T23:59:59+02:00,513,445,89151,87511,186245,184055,226763,237243,320593,344728,424309,437758,321131,359217,232489,296510,69226,126158,25,31,29144,29875,61314,70212,70638,92473,90287,131408,132746,155695,168303,190729,180567,232102,61808,112456,2701740,1311965,392003,183430,792981,256439,58009,468,411
2021-06-04T23:59:59+02:00,413,360,86794,84978,182572,180433,222747,233292,316997,341085,421947,435562,320674,358682,232294,296281,69187,126096,25,29,28674,29198,60186,68552,69345,90378,88494,128779,129363,152032,164059,185947,179574,230835,61760,112368,2672465,1293056,388176,182655,792862,246353,57562,467,409
2021-06-03T23:59:59+02:00,321,283,83503,81898,176829,175755,215466,227179,309270,334376,414185,428693,319638,357499,231923,295828,69131,125963,23,28,27783,28181,58282,66346,66942,87618,84840,124650,122580,145346,157706,178320,177997,228800,61646,112131,2623444,1263768,377922,177304,792441,233586,54583,465,400
2021-06-02T23:59:59+02:00,271,224,81416,79727,172722,172016,211809,224011,305675,331011,412133,426857,319227,357042,231769,295621,69103,125912,22,26,27311,27697,57146,65215,65330,86333,82765,122695,117590,140449,149810,169331,177274,227843,61561,111961,2594596,1231451,376533,175330,792416,229961,53641,462,390
2021-06-01T23:59:59+02:00,172,156,77146,75897,164435,165435,202434,216272,296562,323119,403919,419015,317716,355428,231228,294881,68991,125685,22,23,25758,26280,52824,62252,60480,83032,77324,118181,110149,133215,138684,155885,175159,225099,61353,111535,2535842,1181156,364872,171214,791657,218167,46736,456,378
2021-05-31T23:59:59+02:00,150,139,74400,73407,158773,161106,195116,210288,289173,316727,398175,414042,316719,354313,230841,294360,68901,125514,22,22,24845,25217,50196,60023,57301,80492,73704,114889,105639,128757,134513,150954,173784,223371,61184,111202,2495366,1158649,355469,168845,791019,207748,40883,455,374
2021-05-30T23:59:59+02:00,139,131,73346,72337,156287,159066,192484,207930,286381,314211,396287,412296,316356,353903,230680,294120,68863,125433,22,22,24239,24429,48601,58280,55556,78630,71460,112313,102978,125882,132354,148419,172991,222434,61090,110991,2479522,1148828,352943,167533,790389,196358,37983,454,364
2021-05-29T23:59:59+02:00,136,129,72737,71744,154772,157664,190183,205900,284542,312624,395450,411526,316133,353657,230599,294041,68852,125414,21,22,23914,23902,47679,56781,54209,76749,69533,109466,100653,123078,129539,144988,172336,221526,61063,110939,2465625,1135175,352782,167466,790326,185812,37957,452,361
2021-05-28T23:59:59+02:00,132,126,71651,70629,152369,155406,186514,202356,281266,309492,393587,409757,315723,353152,230452,293827,68833,125357,21,21,23379,22898,46068,54651,52373,74181,67481,105511,96317,117186,125143,139920,171357,220214,61016,110825,2441785,1112459,351729,167251,790117,171288,37576,450,354
2021-05-27T23:59:59+02:00,121,117,68330,67611,145874,150457,178322,196095,274860,304322,387275,404070,314454,351704,229992,293296,68761,125174,19,20,22052,21214,42812,51597,48492,70363,62914,99492,89951,109665,121203,135285,168542,216504,60842,110510,2397146,1083945,344095,164509,788306,151182,31848,448,346
2021-05-26T23:59:59+02:00,117,114,66174,65425,140921,146363,172216,191028,268104,298650,380533,397378,312930,350087,229497,292596,68657,124961,19,19,21306,20294,40981,49456,46136,67623,59872,95696,85359,104533,116212,129549,164728,211151,60632,110081,2359808,1051908,330879,162926,786481,139695,29124,446,341
2021-05-25T23:59:59+02:00,116,107,64143,63427,136714,142873,167164,186729,261032,292355,375102,391982,311640,348669,229083,291945,68574,124783,19,19,20728,19628,39580,47934,44299,65603,57395,92689,81271,100145,111252,123834,159161,203871,60462,109773,2322183,1020228,323365,159501,783934,130454,27488,443,335
2021-05-24T23:59:59+02:00,114,105,62899,62214,133951,140762,163882,184313,254082,286357,370154,387298,310810,347750,228797,291559,68503,124652,19,19,20383,19216,38557,46856,42953,64115,55708,90677,79033,97622,109818,122172,158551,203079,60349,109570,2298424,1010828,312239,158193,782127,123756,25934,442,328
2021-05-23T23:59:59+02:00,109,104,62402,61697,132850,139863,162684,183276,252838,285332,368563,385868,310188,347091,228624,291331,68483,124616,19,16,20149,19028,38004,46296,42196,63413,54539,89678,77535,96253,108636,120766,157570,201855,60278,109428,2286901,1002609,311651,155109,782083,122156,25803,441,323
2021-05-22T23:59:59+02:00,106,102,61706,61072,131349,138778,160308,181651,249866,283035,366082,383637,309658,346495,228446,291063,68457,124565,18,16,19830,18603,37388,45690,41558,62883,53886,88948,76763,95103,107085,118956,156796,200884,60251,109374,2268879,995892,311634,155104,782044,118719,24331,441,323
2021-05-21T23:59:59+02:00,102,99,60366,59628,128435,136178,157007,178323,244625,278265,359982,377949,308721,345400,228151,290665,68396,124457,18,15,19465,18235,36773,44918,40902,61828,52929,87550,75033,92804,103840,115003,155656,199432,60158,109198,2232752,982838,309988,154776,780465,112118,24043,435,318
2021-05-20T23:59:59+02:00,93,97,57313,56835,122693,131298,150067,172002,234305,269501,350945,369662,306177,342654,227382,289652,68264,124237,17,15,18168,17298,34596,42670,38442,58924,50102,83768,71101,88293,99706,110344,153182,196407,59976,108843,2174689,963459,303315,152816,774505,94441,21145,430,315
2021-05-19T23:59:59+02:00,91,95,55101,54642,117681,126616,142896,165380,223756,260139,340393,358748,303527,339790,226632,288600,68113,123960,17,15,17586,16510,33371,41084,37034,56859,48083,80986,67859,84712,95816,105869,149543,191659,59714,108351,2108705,939997,297058,150834,771525,84922,19327,426,300
2021-05-18T23:59:59+02:00,87,91,53000,52676,112890,122352,136507,159809,212179,249763,330506,348943,300856,336820,225751,287401,67963,123705,17,15,17066,15904,32153,39616,35674,55065,46264,78572,64970,81480,91800,101329,146341,187584,59503,107917,2048787,919699,287675,147968,767931,76261,17347,422,299
2021-05-17T23:59:59+02:00,84,87,51965,51679,110548,120289,133690,157153,205646,243743,322929,341844,299062,334849,225162,286578,67855,123493,17,15,16607,15454,31103,38572,34495,53766,44781,76770,62702,79077,86956,95456,144876,185697,59355,107604,2021941,907962,275357,140494,764502,69561,15288,418,293
2021-05-16T23:59:59+02:00,83,84,51175,51024,109099,118966,131943,155485,202672,241056,315494,334884,298040,333718,224852,286093,67802,123395,17,15,16323,15081,30351,37789,33621,52846,43720,75453,61367,77604,83540,91374,144085,184619,59268,107462,2006576,901852,264924,133727,761254,65421,13535,414,286
2021-05-15T23:59:59+02:00,82,84,50636,50390,108095,117974,130927,154368,200735,239118,311923,331665,297417,333033,224656,285822,67782,123331,17,15,16182,14917,30095,37479,33335,52414,43232,74803,60515,76616,82943,90557,143568,183951,59232,107414,1990348,896600,264903,133580,760384,64286,12824,411,281
2021-05-14T23:59:59+02:00,81,83,49375,48961,105836,115876,127332,150914,192518,232045,305607,325776,296435,331895,224370,285374,67734,123237,17,15,15682,14486,29304,36655,32559,51220,42155,73013,58943,74664,81029,88064,142956,182957,59191,107329,1953039,886910,263200,132702,755837,58853,11776,408,279
2021-05-13T23:59:59+02:00,78,81,47455,47006,101984,112637,122608,146799,182486,223452,294992,315951,293470,328474,223560,284236,67634,123029,15,14,14821,14039,28448,35953,31799,50318,41206,71917,57433,73093,77246,83708,140184,179349,59081,107112,1901400,874336,254556,125644,749606,55002,10759,402,273
2021-05-12T23:59:59+02:00,76,79,46541,46293,100065,111201,120537,145131,179928,221340,290259,310619,292307,327203,223320,283918,67596,122944,15,13,14655,13887,28126,35734,31392,50029,40758,71541,56891,72522,75894,82075,139404,178212,58995,106952,1878276,868564,252390,123847,749114,54730,9960,398,271
2021-05-11T23:59:59+02:00,72,73,44293,44815,96023,108115,114718,140399,166553,210066,278603,299850,288905,323287,222367,282519,67446,122645,15,12,14222,13320,27111,34304,30255,48221,39451,69266,55181,70253,72798,78487,138042,176376,58836,106592,1819377,856243,242659,121155,740597,46866,8478,394,270
2021-05-10T23:59:59+02:00,71,69,43039,43836,93419,106105,111457,137765,158166,203037,270722,292739,286729,320832,221796,281659,67322,122404,15,11,13877,12876,26347,33319,29461,46960,38453,67410,53951,68524,70710,75930,136897,174861,58717,106302,1783779,847354,236613,120100,733620,39667,7506,391,261
2021-05-09T23:59:59+02:00,70,69,41914,43063,90735,104345,108790,135993,153150,199614,265196,287791,285484,319440,221419,281130,67256,122258,15,11,13560,12656,25650,32648,28733,46156,37658,66447,53023,67578,69477,74525,136299,174022,58662,106171,1764416,842766,229511,119121,727617,34886,6521,385,258
2021-05-08T23:59:59+02:00,69,69,41622,42760,89888,103611,107688,135133,151697,198396,262632,285725,284982,318900,221300,280953,67240,122226,15,11,13459,12593,25518,32556,28587,46025,37468,66253,52682,67257,68511,73601,135228,172653,58615,106078,1752343,838135,228999,118372,727392,34107,6505,378,250
2021-05-07T23:59:59+02:00,67,68,40698,42042,87950,102269,104853,132911,147076,194588,256375,280212,283640,317299,220954,280500,67188,122104,15,11,12711,12112,24690,31819,27819,44964,36603,64989,51499,65743,66260,70912,132997,169824,58526,105901,1726522,828430,225789,116096,723269,27319,5557,373,247
2021-05-06T23:59:59+02:00,63,67,38056,40316,83197,98808,98851,128155,136884,186072,239931,265797,278523,311503,219665,278813,67014,121791,15,11,12025,11593,23752,30714,26818,43613,35244,62988,49760,63764,63767,67778,130885,167059,58412,105684,1660942,817312,215883,112982,712356,18946,4649,359,244
2021-05-05T23:59:59+02:00,61,64,36166,39116,79535,96220,94248,124505,129058,179539,225174,251750,272337,304367,218090,276821,66768,121269,15,10,11790,11317,23204,29987,26212,42691,34318,61587,48605,62347,61153,64660,127939,163354,58314,105433,1594711,804981,210800,109410,706313,14977,3580,358,238
2021-05-04T23:59:59+02:00,61,62,35059,38005,76806,93894,90737,121459,123482,174804,214538,241467,266850,297918,216647,274979,66559,120802,15,10,11626,11112,22794,29446,25748,41918,33594,60493,47493,61071,58428,61470,125572,160417,58165,105197,1545620,793059,205673,106769,700224,11830,2926,352,234
2021-05-03T23:59:59+02:00,60,61,34187,36953,74513,92069,87860,119102,119042,171158,207877,235462,263569,294053,215850,273890,66437,120507,15,10,11378,10839,22399,28865,25267,41216,32903,59527,46465,59927,55629,58123,121792,155521,57908,104758,1513841,777165,202559,105054,695284,9071,1274,348,225
2021-05-02T23:59:59+02:00,60,61,33832,36637,73334,91160,86384,118004,116612,169288,204777,232942,262606,292965,215565,273483,66370,120399,15,9,11306,10766,22208,28648,25034,40931,32556,59120,46009,59450,54439,56660,118719,151838,57824,104626,1503213,772123,199762,99486,691405,8169,407,341,216
2021-05-01T23:59:59+02:00,59,61,33513,36257,72571,90365,85310,116961,115138,167921,201689,229911,261914,292138,215354,273203,66359,120360,15,9,11292,10750,22155,28617,24969,40893,32494,59063,45927,59372,54197,56366,118562,151641,57815,104609,1488094,770808,199753,99446,691138,8121,400,340,214
2021-04-30T23:59:59+02:00,56,59,32970,35656,71363,89142,83843,115230,111352,164348,194287,222796,259924,289769,214905,272595,66299,120252,15,9,10969,10554,21791,28339,24691,40466,32166,58500,45463,58738,53300,55201,117610,150455,57760,104490,1455179,767120,199426,97452,690337,5780,198,337,210
2021-04-29T23:59:59+02:00,54,58,31469,34703,68431,87113,80207,112620,106237,160229,181463,211246,251986,280662,213708,270963,66165,119909,15,9,10660,10339,21313,27890,24261,39968,31576,57760,44660,57807,51465,53003,115760,148215,57659,104294,1400237,758272,192139,94780,684960,3459,175,327,207
2021-04-28T23:59:59+02:00,53,57,30234,34091,66560,85799,77725,110796,102810,157370,171767,202056,241129,268061,212427,269278,65969,119583,15,9,10473,10178,21009,27531,23893,39496,31148,57099,43931,56978,49326,50374,113176,144974,57534,104082,1347548,748667,188773,90219,679587,2237,143,321,195
2021-04-27T23:59:59+02:00,50,56,29475,33404,64977,84326,75709,108984,100044,154971,167029,197322,232618,258249,211281,267663,65849,119360,15,9,10348,10066,20728,27238,23656,39165,30786,56596,43240,56289,47315,47831,110534,141535,57415,103882,1313457,738838,186464,86205,671589,1516,141,313,182
2021-04-26T23:59:59+02:00,49,56,29044,33020,63877,83439,74205,107815,97751,153256,158413,189317,228425,253401,210575,266666,65756,119160,15,9,10253,9976,20510,27046,23417,38951,30487,56253,42621,55713,45507,45684,108637,139054,57319,103728,1284497,730866,185021,83101,664859,1134,135,302,177
2021-04-25T23:59:59+02:00,49,55,28792,32780,63098,82909,73138,107076,96019,152023,153023,184445,224091,248516,209985,265885,65690,119037,15,9,10197,9941,20430,26964,23329,38868,30378,56125,42459,55553,45096,45187,107956,138147,57291,103657,1271698,729190,178882,81334,656183,1002,132,299,177
2021-04-24T23:59:59+02:00,49,54,28448,32352,62156,81683,71952,105626,94465,150358,148113,179290,221304,245180,209516,265211,65656,118987,15,9,10183,9921,20389,26921,23275,38801,30297,56039,42308,55417,44852,44877,107705,137850,57270,103629,1246801,728091,178851,80634,654895,959,131,295,175
2021-04-23T23:59:59+02:00,47,54,27698,31728,60589,80166,70152,103606,91874,147712,143318,174890,216747,239625,208861,264223,65593,118872,15,9,10130,9858,20279,26834,23139,38650,30063,55829,41945,55086,44236,44117,106641,136562,57114,103354,1221874,724729,177665,78155,646357,907,128,292,172
2021-04-22T23:59:59+02:00,45,53,27080,31128,59052,78728,67685,101388,87743,144219,135271,167397,207720,228629,206822,261595,65394,118476,14,9,10005,9761,20027,26536,22783,38212,29548,55315,41193,54450,43079,42801,104645,134110,56885,102956,1180334,717233,170209,74246,638018,786,128,286,166
2021-04-21T23:59:59+02:00,45,49,26584,30607,57720,77622,65801,99752,84697,141578,128088,160578,194638,213292,204674,258710,65168,118050,14,9,9873,9674,19793,26285,22494,37886,29190,54861,40639,53913,42228,41782,102449,131315,56630,102540,1128821,710659,167320,70147,631643,711,128,282,159
2021-04-20T23:59:59+02:00,44,48,26156,30136,56550,76474,64123,98166,82143,139006,122997,155502,183164,199833,202246,255575,64931,117619,13,9,9768,9582,19573,26096,22199,37614,28777,54441,40097,53381,41409,40847,100224,128320,56291,102005,1086151,703073,163831,66895,624859,630,126,280,151
2021-04-19T23:59:59+02:00,44,47,25789,29777,55575,75656,62835,96988,80007,137082,119467,152109,177400,192993,200537,253344,64746,117289,13,9,9660,9488,19342,25874,21951,37339,28460,54047,39582,52849,40613,39940,97114,124326,55886,101290,1061572,692669,161996,64474,618250,592,125,272,151
2021-04-18T23:59:59+02:00,43,42,25480,29514,54805,75108,61710,96040,78147,135652,116100,149711,172284,187432,199522,252115,64634,117097,13,9,9586,9413,19151,25697,21773,37172,28245,53769,39323,52599,40284,39557,95902,122774,55703,100989,1047555,688792,160328,62544,607680,577,125,268,148
2021-04-17T23:59:59+02:00,42,41,25370,29420,54434,74908,61191,95686,77494,135051,115249,148969,168029,182549,198989,251389,64600,117034,13,9,9541,9354,19012,25508,21585,36943,28017,53493,39058,52331,39981,39232,95135,121847,55638,100905,1036663,684762,160299,62228,603610,566,125,267,148
2021-04-16T23:59:59+02:00,42,41,24995,29170,53441,74297,59902,94807,75864,133720,111096,144826,160384,173786,197331,249187,64492,116826,13,9,9336,9179,18619,25074,20997,36367,26905,52587,37029,50726,36653,36272,91936,118319,55236,100252,1010741,669630,159506,55298,594086,536,124,265,146
2021-04-15T23:59:59+02:00,39,37,24518,28721,52185,73127,57937,93083,72583,130876,105628,139548,152523,164810,192677,243318,64196,116210,13,9,9161,9015,18247,24649,20504,35703,26227,51788,35639,49494,34539,34222,88813,114575,54727,99395,978534,656487,157450,49706,576154,486,123,261,141
2021-04-14T23:59:59+02:00,37,34,24178,28395,51247,72191,56593,91694,70197,128714,101628,135777,143327,154426,184937,233438,63855,115544,13,9,8752,8742,17769,24141,19967,35053,25315,50911,34352,48373,32489,32064,85832,110918,54233,98533,940649,641547,154782,45483,560909,396,122,250,140
2021-04-13T23:59:59+02:00,37,34,23936,28176,50548,71656,55641,90861,68560,127299,97901,132334,131493,141300,178541,225113,63517,114955,13,9,8515,8567,17419,23728,19537,34508,24647,50117,33277,47352,31105,30698,83668,108514,53872,97988,907363,632129,150263,41092,544403,274,122,246,138
2021-04-12T23:59:59+02:00,37,33,23727,27986,49992,71143,54772,90124,67087,126007,95268,130013,124381,133268,175314,221165,63246,114464,13,9,8278,8377,17051,23428,19165,34070,24174,49582,32612,46724,29572,29155,82004,106576,53546,97467,890936,623665,148719,37838,528504,261,120,239,135
2021-04-11T23:59:59+02:00,36,33,23553,27822,49462,70722,54035,89669,65939,125199,93406,128532,118894,127243,171400,216562,63076,114167,13,9,8142,8243,16753,23149,18846,33754,23816,49200,32167,46339,28934,28487,80986,105328,53337,97148,883441,618364,144314,36009,512137,247,114,231,131
2021-04-10T23:59:59+02:00,36,33,23491,27765,49295,70584,53831,89508,65607,124927,92880,128093,116810,124711,169960,214711,63034,114068,13,9,7554,7637,15861,22362,17886,32913,22695,48166,31054,45342,28271,27776,78889,102719,53070,96712,876432,603023,143457,35630,509603,243,107,229,131
2021-04-09T23:59:59+02:00,35,33,23243,27515,48790,70092,53185,88815,64608,123800,91052,126187,107976,113763,166581,210303,62834,113710,12,9,6593,6735,14328,21037,16166,31355,20552,46196,28839,43331,26489,25949,75378,98532,52526,95872,856979,575525,136401,34113,499297,231,95,223,129
2021-04-08T23:59:59+02:00,35,33,22946,27268,48210,69599,52428,88117,63296,122713,88628,124018,97657,101756,161035,203456,62504,113141,12,9,5949,6146,13133,20017,14906,30017,18912,44481,26347,40999,23466,22976,70710,92730,51370,94105,838266,543881,127507,32176,481229,204,85,221,125
2021-04-07T23:59:59+02:00,33,32,22634,27039,47400,69136,51491,87498,61900,121724,85476,121570,88452,91457,154024,194667,62210,112584,12,9,5569,5822,12471,19339,14088,29188,17873,43432,24438,39105,20925,20450,66743,87948,50372,92486,817811,520375,121903,29697,459781,179,78,211,120
2021-04-06T23:59:59+02:00,32,32,22422,26880,46869,68752,50900,86971,60866,120946,83366,119826,80687,82645,147649,186703,61865,111958,12,9,5372,5663,12117,18977,13733,28756,17337,42867,23578,38291,19795,19419,63578,83839,49448,91095,798514,506970,118690,26737,442339,167,72,203,119
2021-04-05T23:59:59+02:00,32,31,22322,26755,46556,68403,50508,86571,60314,120252,82183,118674,76206,77549,142666,180617,61664,111643,12,9,5232,5524,11856,18725,13438,28440,17016,42491,23131,37830,19333,18949,60685,80276,48750,90028,789067,497611,116937,23944,427125,162,66,194,119
2021-04-04T23:59:59+02:00,32,31,22273,26694,46433,68129,50336,86256,60033,119750,81672,118042,74762,75837,141964,179645,61627,111561,12,9,5226,5516,11837,18710,13426,28423,16997,42474,23032,37758,18927,18628,59246,78424,48543,89716,786518,492808,116827,23940,421925,155,60,190,117
2021-04-03T23:59:59+02:00,32,31,22211,26613,46309,68020,50172,86080,59718,119438,81105,117464,73416,74201,140849,178109,61544,111413,12,9,5215,5507,11824,18691,13404,28403,16964,42427,22926,37683,18791,18477,58893,77858,48454,89569,780157,491014,116785,23940,419976,153,59,189,117
2021-04-02T23:59:59+02:00,32,31,22133,26528,46146,67852,49949,85830,59247,118984,80223,116651,71859,72316,138570,175127,61350,111053,12,9,5194,5470,11776,18647,13349,28321,16875,42278,22652,37208,18435,18114,56554,74971,47641,88468,771029,482528,115004,23298,418044,153,55,187,114
2021-04-01T23:59:59+02:00,29,30,21938,26324,45730,67332,49304,85087,58373,118045,78339,114982,68595,68886,134481,169949,61034,110482,12,9,5047,5326,11500,18382,13124,28083,16553,41970,22146,36765,17606,17362,51691,68920,45951,85994,759376,464389,108912,21924,410852,140,50,183,110
2021-03-31T23:59:59+02:00,29,30,21609,26105,45328,66804,48803,84437,57641,117105,77180,113742,66546,66565,129723,163830,60629,109758,11,9,4969,5273,11400,18259,12960,27930,16314,41701,21552,36248,16473,16458,46458,62490,44564,84000,749602,445969,101740,20985,404728,137,43,181,107
2021-03-30T23:59:59+02:00,29,29,21432,25882,44925,66184,48295,83637,56929,116053,76041,112363,64701,64546,125341,158078,60163,108860,11,9,4902,5188,11295,18132,12766,27740,15983,41378,20978,35702,15639,15656,43693,59075,43451,82201,739410,434099,97513,19618,396783,110,37,173,104
2021-03-29T23:59:59+02:00,28,29,21234,25643,44462,65632,47814,82946,56195,114971,74804,110927,62207,61796,118609,149462,59395,107469,11,9,4804,5116,11188,18015,12612,27575,15737,41054,20515,35233,14988,15114,41089,56079,42343,80371,718875,422857,94095,18934,390872,93,35,172,102
2021-03-28T23:59:59+02:00,28,29,21028,25351,43962,64939,47297,82201,55515,113965,73855,109817,60949,60359,113903,143494,58951,106712,11,9,4747,5056,11042,17864,12352,27275,15545,40808,20347,34999,14749,14868,40014,54668,41991,79830,712330,418533,86786,17608,383457,72,35,168,95
2021-03-27T23:59:59+01:00,28,29,20907,25192,43668,64575,46933,81672,55010,113277,73179,109080,59795,59275,112415,141785,58884,106630,11,9,4733,5044,11015,17844,12334,27245,15183,40377,19947,34561,14457,14658,39529,53981,41519,79013,707054,414477,86082,16956,379414,67,35,166,93
2021-03-26T23:59:59+01:00,28,28,20656,24680,42862,62871,45960,79648,53674,110256,71163,105463,57784,57387,109667,138555,58556,106112,9,9,4713,5011,10991,17792,12263,27152,15104,40267,19605,33967,13987,14005,36447,50129,39460,75754,695655,399917,82765,16737,367143,53,32,165,93
2021-03-25T23:59:59+01:00,28,25,20224,24007,41986,61104,44865,77096,52163,106724,68773,101700,55187,54750,106353,134588,57985,105119,9,9,4667,4955,10900,17689,12141,27007,14919,40049,19327,33660,13508,13511,32599,45074,36457,71202,684220,381535,78566,16143,350106,48,29,162,90
2021-03-24T23:59:59+01:00,28,25,19820,23557,41200,59829,43843,75554,50777,104797,66669,99368,52404,51833,102102,129495,57346,104042,9,9,4612,4888,10806,17547,11973,26804,14689,39761,18960,33240,13049,13064,30026,41859,33339,66363,671408,365961,73686,15045,337813,42,25,159,87
2021-03-23T23:59:59+01:00,28,25,19573,23255,40640,58907,43116,74457,49737,103283,64999,97505,50105,49492,99352,126284,56788,103204,9,9,4552,4816,10706,17420,11826,26619,14443,39447,18544,32850,12549,12557,27587,38745,29637,60430,663252,348301,70344,14456,327374,39,23,157,87
2021-03-22T23:59:59+01:00,28,25,19349,22837,39994,58022,42448,73416,48791,101898,63525,95872,48276,47603,96957,123547,56318,102438,6,8,4495,4770,10618,17302,11694,26441,14284,39208,18302,32548,12232,12183,25744,36380,25638,53953,656933,331922,67540,13900,317087,34,23,156,85
2021-03-21T23:59:59+01:00,28,25,19210,22578,39499,57265,41892,72567,48136,100741,62580,94637,47228,46577,95316,121694,55948,101860,6,8,4479,4761,10581,17254,11645,26354,14224,39121,18221,32447,12112,12047,25314,35932,25284,53393,654336,329719,65510,13487,308149,34,20,155,80
2021-03-20T23:59:59+01:00,27,25,19150,22434,39287,56771,41652,72007,47822,100106,62139,94036,46572,45812,92720,118466,55660,101375,6,8,4470,4752,10571,17241,11617,26336,14181,39086,18140,32372,11958,11887,24673,35160,24519,52310,647869,326011,65060,13299,303342,34,20,154,80
2021-03-19T23:59:59+01:00,26,24,18794,21868,38153,54646,40368,70011,46086,98019,59257,91279,42134,41940,87501,112709,54959,100299,6,8,4449,4737,10538,17191,11552,26224,14089,38912,17904,32072,11606,11606,22993,33095,22835,49742,630116,316652,57852,12935,290315,30,19,150,79
2021-03-18T23:59:59+01:00,26,23,18400,21218,36973,52492,38831,67223,43931,93546,55411,85483,38101,38136,82770,107232,53870,98644,6,8,4429,4708,10472,17088,11473,26068,13944,38725,17690,31870,11372,11423,21747,31575,21120,47143,613174,308567,52117,12323,267221,28,18,148,77
2021-03-17T23:59:59+01:00,26,22,17973,20865,36244,51572,38062,66265,42850,92188,53621,83661,35423,35345,78756,102409,52930,97173,5,8,4406,4680,10410,16993,11399,25934,13831,38537,17494,31677,11135,11197,20493,30157,19530,44737,596498,301043,47716,11612,261366,25,18,145,75
2021-03-16T23:59:59+01:00,25,22,17613,20445,35492,50501,37246,65067,41752,90514,51780,81676,33213,33326,74720,97444,52048,95861,5,6,4356,4628,10337,16863,11309,25781,13731,38299,17361,31435,10957,11014,19212,28632,18049,42409,583206,293243,43027,11177,252704,25,15,143,73
2021-03-15T23:59:59+01:00,25,22,17333,20080,34778,49518,36453,63874,40845,89034,50519,80073,31489,31492,71428,93349,51352,94729,5,6,4334,4593,10270,16740,11243,25580,13614,38011,17212,31162,10791,10855,18481,27666,16784,40546,572068,287413,39698,10528,244827,25,4,138,70
2021-03-14T23:59:59+01:00,25,21,17062,19653,33923,48309,35551,62557,39783,87207,49262,78343,30321,30251,69431,90787,50910,94052,5,6,4310,4574,10225,16662,11187,25438,13554,37789,17121,31000,10719,10769,18302,27386,16522,39984,564946,286216,37818,9397,234886,16,1,134,70
2021-03-13T23:59:59+01:00,25,21,16243,18590,32423,46266,33975,60419,37744,84127,47124,75783,28969,28894,67412,88163,50642,93663,5,6,4310,4573,10223,16656,11183,25429,13545,37781,17113,30991,10685,10738,17553,26499,15475,38529,548594,281958,37534,9396,224536,15,1,134,69
2021-03-12T23:59:59+01:00,24,20,15142,17213,29978,43613,31308,57276,34877,79274,43909,71316,26128,25705,63106,82865,49659,92262,5,5,4297,4540,10204,16594,11165,25376,13501,37662,17023,30861,10408,10510,16661,25250,14404,37001,520540,276144,36224,9384,207082,12,1,131,68
2021-03-11T23:59:59+01:00,23,20,14099,15750,27718,40917,28984,54092,32283,74883,40149,66424,22720,22229,57089,75551,47732,89434,5,5,4255,4499,10124,16475,11052,25149,13383,37352,16858,30555,10104,10297,16028,24405,13736,35723,488462,272133,34635,7942,187153,9,1,124,62
2021-03-10T23:59:59+01:00,23,20,13505,15049,26306,39301,27329,52267,30719,72561,37628,63299,19967,19671,51175,68414,46180,87096,5,5,4218,4455,10025,16308,10931,24898,13235,36932,16659,30182,9862,10111,15286,23632,13077,34697,462018,267392,32590,7198,176053,6,1,122,60
2021-03-09T23:59:59+01:00,22,19,13221,14583,25180,38259,25912,51082,29653,70907,36247,61465,18782,18548,47666,63966,45058,85307,5,5,4193,4429,9940,16141,10827,24638,13081,36615,16481,29945,9736,10007,14621,22793,12578,33922,448410,263673,30048,6360,167557,6,1,122,55
2021-03-08T23:59:59+01:00,21,19,12890,13972,24099,37144,24642,49945,28717,69425,35007,59844,17710,17665,43549,58987,43830,83321,5,5,4178,4393,9878,15943,10724,24374,12947,36257,16351,29680,9652,9923,14125,22187,12263,33479,432957,260476,28039,5967,159927,2,1,119,54
2021-03-07T23:59:59+01:00,21,19,12656,13677,23504,36291,23943,49069,28116,68555,34396,59083,17445,17411,42482,57535,43465,82761,5,5,4166,4380,9855,15901,10697,24300,12916,36087,16294,29566,9630,9894,13926,21932,12128,33274,428186,259412,26224,5624,156156,0,1,113,54
2021-03-06T23:59:59+01:00,20,19,12542,13385,23100,35555,23407,48277,27066,67022,33294,57317,17057,17081,41836,56644,43165,82293,5,5,4163,4366,9843,15874,10679,24266,12906,36046,16276,29535,9612,9854,13880,21894,12025,33063,424110,259034,26160,5340,148946,0,1,111,52
2021-03-05T23:59:59+01:00,20,19,12128,12782,22416,34351,22721,47047,26311,65389,32060,54898,16408,16245,38377,52345,41016,78854,5,5,4136,4319,9773,15773,10629,24118,12838,35851,16189,29330,9517,9784,13695,21683,11653,32450,408929,257339,24707,4492,139880,0,1,111,50
2021-03-04T23:59:59+01:00,18,19,11368,11769,21228,32624,21506,44997,24954,62736,30365,52543,15678,15526,34372,47180,37937,74171,5,5,4086,4228,9659,15480,10526,23760,12705,35316,16044,28928,9338,9629,13537,21473,11568,32304,390483,254276,22629,4398,126005,0,1,110,47
2021-03-03T23:59:59+01:00,16,19,11057,11272,20540,31406,20731,43633,24042,60984,29321,50903,15198,15021,31756,43858,34848,69401,5,5,4044,4163,9579,15309,10446,23507,12599,34894,15863,28580,9153,9502,13411,21253,11423,32032,375024,251622,21833,4231,117273,0,1,106,42
2021-03-02T23:59:59+01:00,16,19,10796,10844,19894,30432,20018,42615,23255,59594,28348,49626,14570,14370,29085,40495,30954,63185,5,5,3996,4091,9516,15142,10376,23242,12494,34462,15761,28271,9026,9399,13271,21063,11346,31887,356826,249210,20324,4227,111086,0,0,104,42
2021-03-01T23:59:59+01:00,14,18,10624,10584,19381,29626,19456,41732,22664,58523,27632,48501,14147,13915,27012,37911,26685,56287,5,5,3980,4041,9461,14987,10312,22943,12412,34087,15652,27948,8942,9337,13088,20794,11230,31704,339572,246783,19208,4227,106049,0,0,102,42
2021-02-28T23:59:59+01:00,13,18,10453,10382,18911,28975,18920,40992,22182,57667,27140,47705,13938,13672,26407,37254,26280,55684,5,5,3964,4027,9435,14954,10293,22891,12395,34017,15625,27901,8915,9313,12957,20615,11166,31555,337106,245927,18347,4190,101254,0,0,102,40
2021-02-27T23:59:59+01:00,13,17,10274,9867,18583,28111,18662,40204,21899,56686,26815,46918,13666,13373,25738,36453,25358,54267,5,5,3950,4015,9413,14933,10261,22844,12356,33935,15578,27827,8894,9297,12937,20592,11144,31535,333203,245564,17625,4041,96186,0,0,102,40
2021-02-26T23:59:59+01:00,12,16,9477,9084,17685,26673,17881,37999,20967,53837,25353,44098,13199,12973,24146,34463,23829,51961,5,5,3869,3946,9335,14773,10187,22588,12276,33569,15461,27534,8815,9217,12871,20525,11104,31465,324069,243662,17370,3967,82318,0,0,101,39
2021-02-25T23:59:59+01:00,12,16,8320,8232,16365,25066,16617,35749,19731,50956,23645,41317,12721,12572,22868,32873,22331,49679,5,5,3745,3800,9169,14456,9966,21983,12019,32712,15134,26879,8619,9066,12609,20200,10964,31196,316447,239505,16597,3106,66124,0,0,96,38
2021-02-24T23:59:59+01:00,11,15,7955,7709,15712,24034,15992,34514,19016,49445,22854,40118,12327,12236,21561,31378,20656,47051,4,5,3671,3732,9026,14164,9788,21527,11815,32083,14871,26344,8477,8928,12466,20027,10899,30984,308218,236722,15630,2172,58831,0,0,96,37
2021-02-23T23:59:59+01:00,11,15,7471,7230,14899,22858,15306,33299,18293,48037,22136,39047,12014,11911,20221,29806,19046,44499,4,5,3630,3656,8906,13960,9647,21129,11627,31503,14569,25841,8307,8783,12338,19816,10827,30747,300102,233872,14830,1506,51257,0,0,95,36
2021-02-22T23:59:59+01:00,10,13,7364,7025,14517,22242,14954,32574,17826,47028,21641,38314,11812,11661,19472,28795,17728,42545,4,5,3600,3554,8768,13669,9485,20627,11372,30757,14200,25242,8059,8588,12138,19561,10721,30437,294224,230550,14223,318,47160,0,0,92,36
2021-02-21T23:59:59+01:00,10,13,7274,6899,14192,21795,14535,31991,17410,46377,21203,37819,11706,11559,19310,28581,17480,42211,4,5,3560,3514,8684,13545,9405,20410,11300,30465,14077,24970,7999,8527,12080,19450,10650,30273,293075,228696,13853,301,43521,0,0,90,36
2021-02-20T23:59:59+01:00,10,13,7157,6849,14065,21715,14417,31855,17291,46225,21043,37635,11606,11475,18527,27663,16421,40741,4,5,3558,3507,8674,13537,9395,20389,11286,30440,14062,24959,7994,8518,12016,19386,10596,30204,288809,228310,13656,300,42325,0,0,89,35
2021-02-19T23:59:59+01:00,8,12,6855,6597,13712,21277,14045,31186,16817,45429,20337,36763,11001,11073,17480,26335,15265,39132,4,5,3478,3482,8599,13509,9352,20330,11248,30347,14003,24865,7952,8458,11796,19114,10404,29874,282425,226603,13279,298,37699,0,0,87,34
2021-02-18T23:59:59+01:00,8,12,6458,6124,13085,20133,13404,29814,16001,43560,19461,35183,10770,10856,16888,25582,14689,38248,4,5,3291,3345,8265,12970,9056,19578,10897,29304,13632,24036,7747,8149,11209,18162,9907,28720,278841,218060,12702,298,28811,0,0,84,33
2021-02-17T23:59:59+01:00,8,11,6292,5781,12640,19255,12912,28626,15301,41839,18814,33859,10539,10602,16132,24768,13913,37064,3,5,3041,3184,7924,12453,8756,18788,10530,28257,13246,23186,7513,7911,10654,17309,9470,27904,274179,209917,11970,294,22283,0,0,80,33
2021-02-16T23:59:59+01:00,8,11,5966,5479,12103,18422,12411,27556,14756,40464,18220,32826,10382,10498,15465,23939,13405,36281,3,5,2859,3064,7620,11998,8450,18064,10133,27165,12785,22286,7241,7615,9940,16135,8740,26353,270655,200397,11473,138,16143,0,0,75,30
2021-02-15T23:59:59+01:00,8,11,5859,5297,11806,17777,12144,26773,14407,39470,17871,32056,10253,10386,14907,23286,13046,35744,3,5,2770,2984,7427,11676,8233,17557,9831,26319,12433,21604,6971,7329,9243,15077,8228,25072,267556,192749,10870,92,12760,0,0,69,29
2021-02-14T23:59:59+01:00,8,11,5591,5182,11558,17506,11921,26340,14175,39023,17680,31779,10207,10334,14672,22946,12882,35351,3,5,2719,2946,7313,11509,8105,17349,9654,25986,12254,21301,6874,7204,9019,14694,8041,24536,266553,189502,9934,90,10764,0,0,67,27
2021-02-13T23:59:59+01:00,8,11,5531,5144,11507,17469,11890,26308,14146,38990,17660,31760,10193,10306,14645,22913,12868,35333,3,5,2715,2943,7308,11501,8093,17327,9637,25951,12226,21257,6842,7169,8863,14481,7688,23904,266306,187988,9930,8,10532,0,0,66,23
2021-02-12T23:59:59+01:00,8,10,5014,4827,10938,17106,11573,25758,13827,38350,17329,31121,10082,10199,14463,22700,12787,35225,3,5,2664,2910,7212,11343,7992,17095,9489,25559,12012,20810,6659,6934,8499,13919,7095,22558,264618,182836,9918,6,6866,0,0,65,22
2021-02-11T23:59:59+01:00,8,10,4553,4527,10352,16424,11160,24949,13349,37088,16841,30264,9767,9936,14183,22253,12506,34538,3,5,2495,2635,6614,10148,7302,15358,8627,22941,10955,18725,6005,6219,7450,12303,6277,20239,261386,164379,8274,3,3132,0,0,63,15
2021-02-10T23:59:59+01:00,8,10,4304,4360,10018,15976,10851,24411,13036,36205,16427,29514,9548,9798,14001,22047,12414,34330,3,5,2132,2342,5677,8681,6492,13311,7642,20031,9825,16682,5462,5631,6460,10640,5503,18185,258731,144783,7772,2,839,0,0,58,3
2021-02-09T23:59:59+01:00,8,9,4241,4262,9894,15708,10742,24008,12862,35587,16213,29042,9369,9657,13805,21834,12271,34107,3,5,1736,1989,4894,7412,5717,11511,6723,17513,8740,14684,4886,5002,5410,9076,4768,16065,256280,126204,6990,1,434,0,0,56,2
2021-02-08T23:59:59+01:00,8,9,4207,4208,9800,15498,10633,23646,12742,35129,16068,28682,9274,9590,13602,21549,12164,33910,3,5,1571,1792,4333,6417,5052,9932,5907,14985,7724,12825,4332,4471,4436,7482,4005,13976,253901,109312,6475,1,428,0,0,52,2
2021-02-07T23:59:59+01:00,8,9,4042,4141,9643,15363,10531,23481,12661,34867,15955,28489,9233,9544,13458,21368,12089,33766,3,5,1357,1546,3914,5743,4633,9052,5478,13821,7236,11862,4078,4211,4204,7086,3844,13376,252806,101511,5930,1,0,0,0,47,1
2021-02-06T23:59:59+01:00,8,9,4032,4132,9632,15347,10518,23446,12639,34817,15936,28432,9214,9531,13440,21333,11983,33570,3,5,1204,1351,3681,5439,4448,8627,5259,13237,6956,11305,3943,4076,4077,6937,3566,12920,252461,97093,5646,1,0,0,0,47,0
2021-02-05T23:59:59+01:00,8,8,3959,4063,9560,15204,10452,23196,12554,34450,15822,28149,9130,9458,13368,21261,11634,32975,3,4,1063,1120,3399,4993,4189,8043,4944,12458,6572,10577,3688,3830,3917,6705,3056,12029,250583,90646,4754,0,0,0,0,47,0
2021-02-04T23:59:59+01:00,8,8,3901,3938,9439,14888,10274,22648,12366,33654,15608,27585,9008,9347,13143,20966,11520,32768,3,2,800,787,2573,3739,3254,6297,3991,9912,5249,8360,3012,3116,3300,5720,2667,10534,246626,73358,4529,0,0,0,0,46,0
2021-02-03T23:59:59+01:00,8,8,3831,3865,9336,14667,10171,22311,12233,33145,15460,27169,8897,9232,13003,20790,11444,32601,3,2,664,618,1941,2821,2516,4862,3015,7611,4018,6303,2197,2242,2406,4231,1933,7886,243902,55300,4356,0,0,0,0,45,0
2021-02-02T23:59:59+01:00,8,8,3764,3769,9237,14471,10071,21932,12092,32581,15257,26719,8769,9116,12880,20582,11362,32336,2,2,528,488,1473,2087,1924,3655,2269,5790,3000,4716,1558,1543,1645,2788,1347,5244,240689,40080,4353,0,0,0,0,42,0
2021-02-01T23:59:59+01:00,7,8,3724,3677,9158,14240,9964,21547,11955,31946,15072,26216,8649,8968,12771,20437,11313,32158,1,0,393,354,1028,1439,1269,2439,1480,3792,1867,2989,990,983,974,1702,772,3031,237545,25515,4353,0,0,0,0,40,0
2021-01-31T23:59:59+01:00,7,8,3704,3641,9104,14131,9893,21341,11887,31649,14969,26020,8593,8909,12719,20324,11268,32029,1,0,362,333,904,1249,1079,2064,1278,3238,1633,2619,892,892,872,1518,701,2724,236047,22369,4236,0,0,0,0,39,0
2021-01-30T23:59:59+01:00,7,8,3703,3638,9094,14118,9879,21318,11874,31629,14957,26006,8589,8904,12650,20255,11202,31951,1,0,346,309,843,1165,1022,1940,1214,3048,1558,2483,864,866,853,1478,686,2671,235726,21356,4143,0,0,0,0,39,0
2021-01-29T23:59:59+01:00,7,8,3642,3621,9034,14089,9850,21266,11842,31553,14908,25939,8565,8881,12464,20032,11021,31707,1,0,279,226,722,991,877,1578,1059,2659,1346,2158,774,775,805,1424,668,2618,234502,18967,4014,0,0,0,0,38,0
2021-01-28T23:59:59+01:00,7,7,3524,3534,8830,13701,9630,20754,11610,30971,14581,25442,8428,8778,12031,19417,10666,31129,1,0,132,59,303,367,383,618,467,1156,613,970,407,428,472,822,383,1587,229719,9171,3410,0,0,0,0,36,0
2021-01-27T23:59:59+01:00,7,7,3291,3397,8537,13282,9330,20131,11227,30137,14195,24707,8211,8564,11481,18611,10243,30365,1,0,81,35,210,228,249,421,310,806,436,669,309,312,350,613,288,1165,223007,6485,2799,0,0,0,0,36,0
2021-01-26T23:59:59+01:00,6,7,3127,3299,8254,12941,9067,19562,10923,29383,13799,24074,7971,8340,10904,17696,9596,29215,1,0,75,31,195,218,233,387,294,753,405,608,294,286,322,549,261,1035,216294,5949,1956,0,0,0,0,32,0
2021-01-25T23:59:59+01:00,5,7,3039,3204,7970,12458,8777,18858,10537,28379,13319,23310,7689,8139,10288,16878,9140,28314,1,0,67,23,171,196,199,328,254,632,354,503,256,241,268,471,212,848,209983,5026,414,0,0,0,0,30,0
2021-01-24T23:59:59+01:00,5,7,2995,3183,7885,12378,8703,18731,10428,28219,13189,23127,7646,8102,10221,16765,9092,28219,1,0,66,22,167,192,196,314,251,610,345,489,247,237,266,464,208,833,208671,4910,310,0,0,0,0,29,0
2021-01-23T23:59:59+01:00,5,7,2994,3182,7883,12374,8698,18720,10426,28205,13183,23122,7638,8099,10096,16599,8763,27632,1,0,65,21,167,191,196,312,249,609,343,489,247,237,266,464,208,831,207409,4898,306,0,0,0,0,26,0
2021-01-22T23:59:59+01:00,5,7,2931,3136,7759,12260,8614,18577,10316,28032,13101,23007,7607,8063,9897,16296,8245,26607,1,0,65,20,166,190,196,312,249,609,342,489,247,237,266,464,208,831,204249,4894,304,0,0,0,0,22,0
2021-01-21T23:59:59+01:00,5,7,2845,2966,7260,11346,8130,17429,9779,26406,12495,21797,7323,7738,9264,15362,7731,25564,1,0,59,18,149,176,178,280,223,534,305,447,223,210,233,380,175,693,193234,4286,304,0,0,0,0,17,0
2021-01-20T23:59:59+01:00,5,7,2485,2622,6377,9935,7382,15471,8829,23579,11386,19724,6721,7087,8166,13594,6919,23343,1,0,57,18,147,171,175,278,214,520,292,425,211,203,227,355,161,655,173413,4112,300,0,0,0,0,15,0
2021-01-19T23:59:59+01:00,5,7,2046,2267,5475,8546,6518,13578,7809,20794,10116,17489,5971,6209,6791,11418,5899,20319,0,0,41,12,98,126,119,171,150,357,192,296,134,115,141,238,113,489,151109,2793,218,0,0,0,0,14,0
2021-01-18T23:59:59+01:00,4,7,1774,1978,4719,7163,5566,11344,6610,17203,8691,14776,5085,5331,5409,9167,4830,16846,0,0,22,7,39,47,54,79,66,163,76,147,60,54,66,131,61,221,126473,1294,94,0,0,0,0,14,0
2021-01-17T23:59:59+01:00,3,7,1499,1691,4206,6370,5058,10213,6074,15637,8050,13514,4748,4985,5034,8492,4503,15845,0,0,8,2,9,15,16,29,20,50,29,57,24,23,20,31,13,47,115897,393,89,0,0,0,0,13,0
2021-01-16T23:59:59+01:00,3,6,1333,1488,3989,6048,4878,9774,5814,14974,7720,12820,4556,4756,4819,8216,4150,15242,0,0,0,0,0,1,1,2,1,1,1,2,0,1,1,0,0,1,110630,12,9,0,0,0,0,13,0
2021-01-15T23:59:59+01:00,3,6,1183,1261,3733,5626,4623,9206,5524,14135,7314,12020,4265,4459,4629,7907,3613,14197,0,0,0,0,0,0,0,0,0,0,0,0,0,0,0,0,0,0,103749,0,4,0,0,0,0,13,0
2021-01-14T23:59:59+01:00,3,4,910,948,2986,4438,3756,7390,4580,11390,5919,9673,3464,3587,3887,6676,3130,12392,0,0,0,0,0,0,0,0,0,0,0,0,0,0,0,0,0,0,85169,0,0,0,0,0,0,13,0
2021-01-13T23:59:59+01:00,3,3,775,793,2513,3702,3171,6164,3808,9441,4826,7790,2594,2672,2929,5088,2396,9474,0,0,0,0,0,0,0,0,0,0,0,0,0,0,0,0,0,0,68171,0,0,0,0,0,0,12,0
2021-01-12T23:59:59+01:00,2,3,642,661,2104,3036,2613,5010,3048,7597,3805,6119,1863,1851,2003,3449,1697,6472,0,0,0,0,0,0,0,0,0,0,0,0,0,0,0,0,0,0,52010,0,0,0,0,0,0,0,0
2021-01-11T23:59:59+01:00,1,1,497,525,1753,2459,2093,4005,2362,5775,2829,4441,1201,1144,1202,2036,938,3690,0,0,0,0,0,0,0,0,0,0,0,0,0,0,0,0,0,0,36977,0,0,0,0,0,0,0,0
2021-01-10T23:59:59+01:00,1,1,439,456,1491,2032,1750,3278,1952,4790,2350,3722,1060,1018,1058,1788,837,3237,0,0,0,0,0,0,0,0,0,0,0,0,0,0,0,0,0,0,31276,0,0,0,0,0,0,0,0
2021-01-09T23:59:59+01:00,1,1,408,411,1366,1855,1604,2987,1799,4342,2165,3392,988,949,1003,1735,819,3194,0,0,0,0,0,0,0,0,0,0,0,0,0,0,0,0,0,0,29033,0,0,0,0,0,0,0,0
2021-01-08T23:59:59+01:00,1,1,311,282,1116,1510,1324,2316,1478,3561,1794,2774,852,841,915,1611,771,3037,0,0,0,0,0,0,0,0,0,0,0,0,0,0,0,0,0,0,24506,0,0,0,0,0,0,0,0
2021-01-07T23:59:59+01:00,1,0,146,77,406,512,487,798,597,1374,783,1210,466,486,564,972,468,1917,0,0,0,0,0,0,0,0,0,0,0,0,0,0,0,0,0,0,11267,0,0,0,0,0,0,0,0
2021-01-06T23:59:59+01:00,1,0,112,45,277,291,314,522,402,933,535,832,360,364,427,754,361,1450,0,0,0,0,0,0,0,0,0,0,0,0,0,0,0,0,0,0,7983,0,0,0,0,0,0,0,0
2021-01-05T23:59:59+01:00,1,0,87,33,197,236,247,434,324,823,451,710,344,348,410,722,354,1396,0,0,0,0,0,0,0,0,0,0,0,0,0,0,0,0,0,0,7120,0,0,0,0,0,0,0,0
2021-01-04T23:59:59+01:00,1,0,69,27,177,198,205,340,260,639,357,520,269,255,291,525,237,940,0,0,0,0,0,0,0,0,0,0,0,0,0,0,0,0,0,0,5312,0,0,0,0,0,0,0,0
2021-01-03T23:59:59+01:00,1,0,67,23,170,192,200,324,258,622,348,503,261,253,287,512,235,923,0,0,0,0,0,0,0,0,0,0,0,0,0,0,0,0,0,0,5181,0,0,0,0,0,0,0,0
2021-01-02T23:59:59+01:00,1,0,67,22,170,192,200,323,254,622,345,503,261,253,287,512,235,922,0,0,0,0,0,0,0,0,0,0,0,0,0,0,0,0,0,0,5171,0,0,0,0,0,0,0,0
2021-01-01T23:59:59+01:00,1,0,66,21,169,192,200,321,253,622,342,501,261,253,287,510,235,922,0,0,0,0,0,0,0,0,0,0,0,0,0,0,0,0,0,0,5158,0,0,0,0,0,0,0,0
2020-12-31T23:59:59+01:00,1,0,66,21,168,190,200,320,251,621,341,500,261,253,287,510,235,922,0,0,0,0,0,0,0,0,0,0,0,0,0,0,0,0,0,0,5149,0,0,0,0,0,0,0,0
2020-12-30T23:59:59+01:00,1,0,65,21,167,189,198,317,250,619,340,498,261,253,287,510,234,922,0,0,0,0,0,0,0,0,0,0,0,0,0,0,0,0,0,0,5134,0,0,0,0,0,0,0,0
2020-12-29T23:59:59+01:00,1,0,46,13,119,142,148,213,182,445,239,383,179,165,199,381,173,720,0,0,0,0,0,0,0,0,0,0,0,0,0,0,0,0,0,0,3749,0,0,0,0,0,0,0,0
2020-12-28T23:59:59+01:00,1,0,25,9,66,79,82,123,101,253,118,234,98,93,104,200,102,388,0,0,0,0,0,0,0,0,0,0,0,0,0,0,0,0,0,0,2077,0,0,0,0,0,0,0,0
2020-12-27T23:59:59+01:00,0,0,12,3,18,27,37,47,36,89,37,96,33,29,41,73,31,145,0,0,0,0,0,0,0,0,0,0,0,0,0,0,0,0,0,0,754,0,0,0,0,0,0,0,0
