Datum,<24_1_m,<24_1_w,25-34_1_m,25-34_1_w,35-44_1_m,35-44_1_w,45-54_1_m,45-54_1_w,55-64_1_m,55-64_1_w,65-74_1_m,65-74_1_w,75-84_1_m,75-84_1_w,>84_1_m,>84_1_w,<24_2_m,<24_2_w,25-34_2_m,25-34_2_w,35-44_2_m,35-44_2_w,45-54_2_m,45-54_2_w,55-64_2_m,55-64_2_w,65-74_2_m,65-74_2_w,75-84_2_m,75-84_2_w,>84_2_m,>84_2_w,bp_1,bp_2,mo_1,mo_2,az_1,az_2,ja
2021-07-08T23:59:59+02:00,213092,207214,318159,295139,345620,342414,415993,429302,477155,483527,334726,374629,238016,304653,70413,128701,86172,85395,166951,165464,196551,210481,287304,312695,370559,387393,298400,334865,222320,283968,66242,120398,3552631,2500546,487058,342043,799704,612922,139872
2021-07-07T23:59:59+02:00,209313,203354,315314,292582,343552,340584,414604,428005,476096,482558,334299,374133,237861,304424,70378,128617,82560,82040,160041,160029,187909,203601,279957,306636,363813,380844,295184,331362,221456,282916,66114,120177,3533758,2454096,485779,330105,799357,603371,137292
2021-07-06T23:59:59+02:00,205524,199708,312149,289939,341151,338355,412938,426492,474859,481469,333816,373595,237675,304140,70325,128532,78993,78455,153550,154679,180660,197492,271234,298833,357458,374865,292054,328174,220581,281839,66007,119952,3514388,2402470,482811,323412,798967,594155,135013
2021-07-05T23:59:59+02:00,200823,195224,308212,286675,338699,336083,411301,424982,473745,480418,333349,373089,237506,303898,70292,128451,75934,75603,148558,150661,176014,193429,264442,292646,351455,369385,288843,324770,219709,280741,65899,119783,3492015,2363862,481680,319157,798510,584023,131054
2021-07-04T23:59:59+02:00,196920,191306,305640,284697,337428,335029,410446,424221,473173,479949,333141,372840,237418,303776,70268,128401,73746,73732,145506,148141,173725,191420,262046,290617,348396,367205,285597,321465,219138,280091,65846,119667,3480168,2350296,480407,316884,797968,572760,126622
2021-07-03T23:59:59+02:00,189368,184329,301434,281283,335131,332889,408654,422438,471985,478901,332745,372400,237246,303530,70245,128358,71967,72160,143116,146292,171324,189374,259018,287931,346134,365366,283854,319495,218872,279734,65815,119619,3454150,2334789,479014,316708,797790,568304,120494
2021-07-02T23:59:59+02:00,184616,179835,299074,279124,333422,331222,407419,421268,471222,478225,332491,372091,237131,303351,70217,128311,69287,69483,139285,143065,166963,185399,253031,282569,340997,360721,280643,315831,218241,278973,65768,119536,3436330,2302120,477571,313978,797618,555906,118012
2021-07-01T23:59:59+02:00,179929,175536,295120,275896,330988,329004,405674,419721,470158,477292,332085,371645,236933,303087,70175,128234,64385,64738,133087,137811,159787,178997,242932,273849,330328,351079,275909,310603,216406,276749,65591,119226,3414200,2246440,475522,301886,797288,538396,114979
2021-06-30T23:59:59+02:00,176240,172144,289705,271405,327384,325717,403927,418214,469158,476340,331673,371170,236746,302794,70143,128151,61223,61876,127535,133199,153232,173074,233012,264794,317199,338038,270753,305124,214532,274443,65425,118908,3389761,2191943,473391,289454,796992,519915,111279
2021-06-29T23:59:59+02:00,171972,167937,285260,267213,323895,322465,401861,416169,467649,474946,331091,370545,236499,302445,70089,128045,58415,58866,122697,128859,147324,167603,221260,254190,308716,329747,264390,298026,212578,272004,65224,118565,3362705,2133310,471430,284846,796672,502747,107785
2021-06-28T23:59:59+02:00,168289,164158,280352,262987,320636,319648,399747,414263,466180,473656,330578,369943,236268,302138,70046,127951,56114,56502,118839,125407,143016,163556,212108,245832,302978,324388,259475,292765,210821,269785,65079,118305,3339225,2097919,467479,276337,796025,486315,104622
2021-06-27T23:59:59+02:00,166669,162540,278287,261206,318854,318132,398078,412915,465312,472965,330291,369657,236166,301982,70028,127903,54916,55396,116750,123729,140492,161463,208058,242503,299667,321559,255705,288814,208377,266893,64969,118119,3329403,2082727,465440,272910,794990,470332,101663
2021-06-26T23:59:59+02:00,162315,158161,276212,259339,316470,315924,396904,411779,464620,472269,330027,369371,236062,301825,70003,127873,54373,54810,115446,122608,139097,160252,205850,240529,297179,319188,254185,287173,208045,266485,64943,118050,3310509,2066215,462643,272834,794981,467854,101531
2021-06-25T23:59:59+02:00,156847,152807,272860,256427,314434,313976,395613,410544,463630,471453,329743,369040,235938,301673,69976,127825,53079,53181,112997,119941,135066,155743,197164,232148,291536,313374,252473,285073,207458,265684,64872,117934,3285811,2024130,461238,271173,794935,461326,101312
2021-06-24T23:59:59+02:00,151659,147966,268125,252558,310212,310245,393474,408708,462280,470349,329328,368582,235774,301442,69943,127740,50448,50599,107945,115286,127839,149181,185259,221786,280196,303224,247150,279289,205638,263360,64669,117535,3255144,1962678,459276,259535,794768,447701,99707
2021-06-23T23:59:59+02:00,148333,144724,264495,249470,305032,305504,391003,406402,460898,469047,328805,367969,235547,301134,69897,127638,48513,48509,104187,111423,122226,143582,175453,213199,268330,291348,242587,274538,204314,261674,64509,117176,3228057,1906997,455801,249756,794614,437093,97936
2021-06-22T23:59:59+02:00,145046,141414,260839,246133,298957,300125,388399,403881,459374,467587,328267,367373,235331,300785,69850,127533,46809,46763,100627,108155,117484,139048,162934,202124,257515,281130,238552,270087,202407,259279,64260,116709,3196370,1849064,453916,242099,794433,426250,96682
2021-06-21T23:59:59+02:00,141544,138258,256190,242288,293760,295299,385399,401042,457915,466243,327751,366820,235107,300479,69810,127424,45595,45550,98267,105964,114767,136372,156758,196397,250683,274536,233257,264304,198511,254790,64076,116339,3164971,1818363,451902,236613,794217,406656,94745
2021-06-20T23:59:59+02:00,139925,136677,252126,238960,291251,293127,384035,399750,457142,465519,327535,366552,234999,300349,69790,127365,44507,44658,96090,104227,112563,134446,153793,193924,246446,270529,230364,260897,197564,253584,63995,116220,3148158,1798541,450170,233126,794042,399114,93237
2021-06-19T23:59:59+02:00,137387,134264,249416,236678,289501,291517,382217,398204,456306,464789,327316,366305,234896,300214,69770,127333,43972,44023,94834,102987,111107,133004,152313,192506,243251,267542,229659,260060,197396,253325,63973,116167,3132048,1782776,447382,231559,794036,398844,93150
2021-06-18T23:59:59+02:00,133193,130240,245938,233664,285539,288162,379861,396105,454969,463631,326945,365910,234743,299980,69744,127284,43199,43127,93284,101229,108838,130363,148800,188509,236462,260361,227953,258072,196915,252693,63898,116034,3106496,1753815,443024,231047,794007,392202,92883
2021-06-17T23:59:59+02:00,129301,126785,240069,229317,280457,283836,375152,392160,452704,461826,326371,365206,234508,299627,69679,127173,40999,41327,89298,97807,104048,125671,141041,180911,225189,249079,222792,252191,195272,250549,63639,115614,3072248,1698668,440076,226971,793758,381405,88591
2021-06-16T23:59:59+02:00,125847,123198,235213,225014,275803,279614,370035,387708,450146,459712,325648,364418,234222,299219,69614,127060,39195,39762,85800,94823,99749,121902,132871,173647,213183,237269,216621,245159,193369,248245,63387,115125,3039109,1639419,434598,221420,793252,373462,86012
2021-06-15T23:59:59+02:00,120587,118048,229280,219930,270503,274673,365005,383111,447329,457317,324791,363456,233877,298707,69533,126878,37588,38172,82502,91826,95816,117902,125888,167322,200924,225342,210641,238420,191430,245834,63077,114562,2994804,1582606,432693,215659,792701,365861,83324
2021-06-14T23:59:59+02:00,116312,113658,224101,215061,265180,269736,359760,378389,444224,454747,324009,362608,233566,298320,69471,126758,36644,37293,80270,89772,93147,115421,121828,163631,194395,218897,207563,234946,190309,244380,62864,114176,2952985,1553328,430368,213445,792437,358360,80605
2021-06-13T23:59:59+02:00,114755,112210,221680,212976,262665,267499,357523,376452,443058,453716,323735,362303,233431,298152,69440,126685,35792,36573,78438,88126,91164,113633,119024,161051,190599,215236,204512,231547,189280,243020,62634,113766,2938122,1539531,427947,206260,792126,350225,78579
2021-06-12T23:59:59+02:00,111971,109343,219798,211261,261295,266229,356101,375057,442171,452949,323449,361998,233339,298050,69422,126658,35425,36170,77460,87045,89929,112361,117480,159507,187087,211961,203482,230425,187887,241371,62624,113737,2922047,1526555,426975,206253,792102,342881,78460
2021-06-11T23:59:59+02:00,109310,106728,216929,208666,257670,263078,352994,372347,440465,451477,323013,361550,233207,297844,69394,126603,34758,35066,75487,83714,87727,108856,113419,154405,180457,204580,201402,228070,187288,240608,62563,113639,2897862,1499332,424204,205581,791915,329537,77785
2021-06-10T23:59:59+02:00,104442,102204,210929,203961,250680,257309,346974,367091,436019,447735,322159,360585,232889,297396,69310,126453,33183,33592,71533,79585,82851,103405,106807,146276,168238,191052,195385,221230,185575,238486,62312,113238,2854630,1452660,417215,203869,791067,302703,73710
2021-06-09T23:59:59+02:00,100438,98415,205135,199279,243973,251659,340379,361187,432373,444739,321495,359849,232624,297021,69246,126323,31664,32353,68332,76954,79188,100269,102139,142042,157215,180399,184837,209329,183721,236250,62041,112748,2815997,1399098,408960,199929,790558,291547,69101
2021-06-08T23:59:59+02:00,95772,93751,198579,193767,237047,245695,332184,353960,427313,440107,320667,358857,232255,296540,69165,126187,30599,31509,65761,74682,75941,97568,97594,138169,149692,172981,176197,199688,181925,234022,61809,112382,2764461,1360200,403237,195039,789983,280832,64640
2021-06-07T23:59:59+02:00,92433,90535,192578,189094,230532,240496,324388,347821,424288,437685,320133,358230,232042,296215,69111,126092,29743,30671,63317,72750,73006,95427,93859,135258,141680,165251,172189,195108,180523,232232,61593,112004,2725733,1333294,397150,191785,789413,269874,59846
2021-06-06T23:59:59+02:00,90840,89193,189314,186576,227213,237757,320148,344441,422874,436614,319864,357943,231931,296055,69087,126046,29150,30123,61565,71089,70949,93449,90714,132224,136049,159519,169680,192505,179425,230842,61365,111625,2710473,1321555,389822,182206,788917,259547,57149
2021-06-05T23:59:59+02:00,88826,87087,184471,182371,224752,235610,318337,342805,421874,435685,319574,357618,231781,295888,69073,126014,28705,29396,60397,69184,69573,91353,89057,130012,131336,154239,166698,188868,178945,230189,61331,111560,2687161,1298098,389706,181739,788570,254394,56794
2021-06-04T23:59:59+02:00,86407,84513,180854,178804,220789,231690,314783,339212,419523,433510,319118,357089,231590,295659,69035,125951,28249,28733,59302,67554,68319,89305,87313,127431,128016,150617,162481,184129,177962,228930,61283,111474,2658174,1279501,385928,180975,788448,244362,56441
2021-06-03T23:59:59+02:00,83060,81394,175165,174200,213586,225656,307154,332569,411819,426681,318097,355927,231222,295216,68980,125820,27367,27733,57432,65406,65967,86602,83726,123377,121330,143992,156184,176586,176404,226919,61170,111237,2609649,1250571,375737,175728,788021,231710,53598
2021-06-02T23:59:59+02:00,80964,79190,171163,170547,210002,222573,303628,329277,409802,424862,317692,355482,231070,295013,68952,125771,26918,27263,56328,64324,64429,85366,81710,121475,116403,139144,148341,167666,175691,225969,61085,111067,2581268,1218632,374363,173771,787989,228124,52824
2021-06-01T23:59:59+02:00,76641,75332,162969,164044,200737,214913,294595,321461,401650,417089,316192,353883,230534,294285,68841,125546,25380,25856,52058,61406,59655,82123,76347,117031,109039,131994,137297,154339,173600,223252,60878,110642,2523035,1168879,362816,169700,787228,216402,46082
2021-05-31T23:59:59+02:00,73895,72852,157351,159765,193480,208996,287250,315134,395935,412135,315203,352782,230152,293769,68751,125375,24479,24818,49483,59231,56543,79650,72803,113810,104605,127609,133181,149483,172240,221546,60709,110313,2482780,1146652,353480,167461,786609,206151,40404
2021-05-30T23:59:59+02:00,72843,71791,154905,157762,190897,206665,284515,312641,394062,410408,314847,352376,229993,293534,68714,125295,23891,24055,47928,57537,54843,77834,70631,111305,101984,124781,131042,146979,171455,220622,60617,110105,2467036,1136995,350981,166157,786001,194943,37677
2021-05-29T23:59:59+02:00,72241,71205,153404,156370,188616,204648,282686,311064,393226,409632,314626,352133,229914,293456,68703,125277,23571,23536,47021,56050,53513,75964,68724,108479,99688,122003,128258,143577,170806,219718,60590,110053,2453228,1123506,350836,166096,785925,184454,37657
2021-05-28T23:59:59+02:00,71161,70093,151037,154128,184996,201144,279443,307947,391387,407876,314216,351636,229768,293244,68684,125220,23050,22539,45427,53937,51703,73424,66702,104561,95400,116145,123923,138564,169837,218414,60544,109940,2429638,1101104,349796,165883,785702,169996,37286
2021-05-27T23:59:59+02:00,67856,67090,144588,149218,176855,194921,273093,302816,385106,402221,312961,350201,229310,292714,68615,125038,21741,20865,42203,50905,47846,69643,62185,98596,89091,108687,120040,133987,167056,214736,60372,109628,2385319,1072874,342232,163166,783917,150125,31571
2021-05-26T23:59:59+02:00,65717,64921,139655,145152,170789,189881,266362,297171,378382,395544,311444,348600,228825,292021,68514,124828,21009,19961,40396,48782,45510,66925,59179,94823,84542,103618,115099,128298,163284,209421,60165,109204,2348183,1041165,329082,161611,782118,138739,28854
2021-05-25T23:59:59+02:00,63695,62945,135483,141690,165758,185611,259322,290914,372977,390178,310174,347206,228421,291378,68433,124651,20443,19304,39004,47281,43695,64917,56727,91858,80508,99277,110217,122654,157785,202228,59999,108904,2310824,1009934,321609,158211,779606,129584,27225
2021-05-24T23:59:59+02:00,62459,61745,132748,139613,162500,183211,252412,284948,368061,385513,309351,346290,228135,290998,68362,124524,20103,18907,37995,46223,42364,63450,55077,89869,78300,96796,108820,121020,157187,201452,59891,108708,2287176,1000738,310590,156931,777838,122956,25690
2021-05-23T23:59:59+02:00,61960,61232,131658,138734,161308,182182,251176,283932,366477,384087,308740,345633,227963,290775,68342,124488,19878,18726,37455,45678,41625,62769,53933,88890,76836,95454,107662,119638,156214,200241,59825,108571,2275734,992713,310020,153887,777789,121381,25567
2021-05-22T23:59:59+02:00,61266,60612,130188,137673,158956,180572,248224,281653,364009,381883,308217,345040,227786,290509,68317,124438,19562,18305,36849,45082,40990,62247,53288,88173,76077,94321,106119,117848,155450,199274,59798,108517,2257902,986074,310002,153885,777747,117981,24112
2021-05-21T23:59:59+02:00,59940,59181,127304,135098,155704,177264,243021,276910,357939,376213,307287,343954,227490,290112,68257,124331,19203,17942,36241,44320,40347,61208,52344,86791,74375,92053,102902,113922,154320,197831,59706,108342,2222027,973168,308375,153564,776188,111436,23831
2021-05-20T23:59:59+02:00,56893,56396,121595,130253,148809,170978,232756,268197,348947,367961,304759,341220,226725,289110,68125,124113,17914,17011,34086,42088,37914,58329,49543,83047,70473,87590,98820,109343,151880,194836,59529,107988,2164279,954058,301759,151639,770256,93891,20952
2021-05-19T23:59:59+02:00,54696,54209,116604,125596,141672,164398,222259,258871,338453,357111,302129,338361,225982,288074,67976,123837,17338,16233,32872,40513,36516,56279,47545,80290,67252,84034,94966,104904,148269,190136,59269,107496,2098648,930809,295531,149682,767321,84438,19128
2021-05-18T23:59:59+02:00,52615,52254,111834,121357,135345,158847,210726,248532,328622,347355,299467,335400,225110,286880,67824,123583,16823,15638,31680,39067,35180,54501,45757,77912,64385,80826,90988,100399,145096,186096,59059,107061,2038997,910736,286225,146843,763765,75875,17157
2021-05-17T23:59:59+02:00,51587,51266,109518,119319,132571,156207,204237,242555,321084,340303,297693,333440,224526,286062,67717,123375,16392,15202,30653,38033,34031,53227,44291,76133,62154,78447,86180,94570,143641,184218,58909,106746,2012341,899176,274020,139409,760388,69280,15103
2021-05-16T23:59:59+02:00,50808,50610,108092,118006,130836,154553,201286,239885,313669,333375,296677,332314,224219,285580,67665,123278,16113,14834,29909,37262,33166,52313,43239,74833,60836,76989,82783,90527,142858,183148,58823,106607,1997082,893171,263629,132685,757176,65167,13356
2021-05-15T23:59:59+02:00,50275,49979,107096,117025,129828,153448,199366,237966,310125,330185,296059,331627,224023,285310,67645,123214,15975,14674,29656,36959,32879,51885,42757,74189,60001,76013,82190,89715,142345,182484,58787,106560,1980977,887961,263613,132540,756312,64051,12656
2021-05-14T23:59:59+02:00,49034,48569,104863,114948,126256,150017,191210,230943,303851,324337,295088,330495,223736,284864,67598,123120,15477,14252,28878,36149,32119,50706,41687,72419,58449,74075,80299,87242,141740,181501,58747,106473,1943957,878415,261941,131665,751790,58647,11623
2021-05-13T23:59:59+02:00,47127,46631,101056,111746,121575,145927,181234,222400,293280,314568,292126,327080,222925,283726,67498,122914,14620,13811,28030,35457,31360,49816,40755,71345,56958,72524,76551,82923,138998,177916,58637,106259,1892569,865981,253395,124672,745608,54825,10616
2021-05-12T23:59:59+02:00,46220,45930,99148,110326,119531,144280,178699,220299,288550,309256,290963,325813,222683,283404,67460,122829,14457,13660,27717,35241,30965,49532,40318,70974,56431,71961,75229,81317,138227,176797,58551,106099,1869580,860330,251240,122903,745124,54557,9819
2021-05-11T23:59:59+02:00,43990,44461,95155,107267,113758,139569,165392,209069,276959,298542,287581,321919,221730,282005,67310,122532,14035,13098,26718,33825,29849,47754,39036,68716,54739,69712,72173,77759,136886,174982,58394,105743,1810966,848193,241591,120239,736686,46756,8364
2021-05-10T23:59:59+02:00,42748,43499,92580,105279,110527,136955,157036,202080,269128,291461,285415,319480,221156,281147,67185,122293,13696,12656,25966,32844,29065,46507,38055,66868,53528,67985,70104,75227,135748,173480,58275,105457,1775563,839392,235577,119200,729787,39597,7405
2021-05-09T23:59:59+02:00,41635,42732,89923,103548,107885,135201,152048,198683,263650,286567,284183,318100,220780,280619,67120,122147,13387,12442,25280,32182,28340,45706,37271,65911,52593,67037,68883,73830,135156,172653,58221,105326,1756388,834852,228518,118215,723855,34861,6420
2021-05-08T23:59:59+02:00,41344,42437,89082,102823,106813,134366,150626,197484,261126,284530,283684,317559,220660,280440,67104,122115,13286,12381,25152,32093,28195,45579,37084,65720,52260,66725,67936,72918,134099,171298,58174,105233,1744493,830291,228013,117476,723636,34086,6410
2021-05-07T23:59:59+02:00,40420,41723,87169,101493,104011,132168,146034,193702,254911,279042,282357,315965,220314,279981,67052,121992,12543,11898,24335,31370,27439,44528,36224,64467,51088,65223,65701,70248,131896,168503,58085,105055,1718872,820719,224824,115242,719533,27311,5461
2021-05-06T23:59:59+02:00,37787,40007,82457,98050,98060,127442,135912,185230,238544,264684,277253,310199,219027,278300,66878,121675,11859,11383,23405,30269,26449,43184,34874,62473,49363,63266,63228,67149,129814,165772,57972,104837,1653524,809746,214970,112164,708803,18964,4552
2021-05-05T23:59:59+02:00,35909,38817,78828,95474,93486,123807,128122,178725,223845,250691,271083,303076,217459,276312,66632,121151,11629,11110,22875,29548,25855,42265,33954,61080,48220,61863,60641,64062,126908,162110,57874,104589,1587505,797606,209927,108624,702844,15002,3480
2021-05-04T23:59:59+02:00,34818,37715,76117,93177,89998,120776,122578,174009,213266,240453,265609,296639,216022,274472,66424,120682,11469,10910,22477,29013,25402,41508,33253,60011,47130,60605,57943,60911,124561,159195,57724,104356,1538603,785876,204830,106010,696826,11879,2831
2021-05-03T23:59:59+02:00,33954,36667,73846,91375,87135,118438,118154,170384,206643,234468,262344,292787,215224,273393,66303,120388,11228,10642,22089,28442,24929,40812,32577,59048,46113,59471,55179,57586,120815,154324,57468,103921,1506976,770145,201728,104313,691944,9127,1185
2021-05-02T23:59:59+02:00,33610,36350,72683,90481,85682,117348,115743,168528,203562,231970,261387,291700,214936,272984,66238,120280,11162,10574,21903,28235,24706,40528,32242,58645,45662,59001,53995,56141,117775,150669,57385,103791,1496420,765188,198944,98797,688121,8233,322
2021-05-01T23:59:59+02:00,33296,35979,71926,89692,84616,116312,114286,167173,200493,228944,260700,290881,214728,272703,66227,120242,11148,10559,21850,28205,24648,40492,32182,58588,45580,58926,53754,55850,117617,150474,57376,103774,1481404,763885,198942,98758,687858,8188,318
2021-04-30T23:59:59+02:00,32752,35377,70723,88483,83162,114595,110534,163629,193135,221854,258712,288519,214279,272097,66167,120136,10830,10366,21491,27931,24375,40071,31859,58027,45122,58299,52861,54690,116670,149292,57322,103657,1448667,760230,198616,96781,687069,5855,123
2021-04-29T23:59:59+02:00,31258,34438,67841,86482,79553,112009,105449,159545,180380,210356,250810,279439,213085,270472,66033,119790,10529,10157,21019,27486,23952,39574,31286,57289,44327,57372,51043,52510,114832,147072,57222,103464,1394051,751480,191342,94120,681761,3557,103
2021-04-28T23:59:59+02:00,30028,33829,65985,85181,77080,110202,102042,156708,170730,201208,239984,266872,211808,268788,65836,119464,10347,10003,20723,27138,23596,39109,30872,56638,43603,56555,48938,49911,112268,143857,57100,103253,1341549,742030,188007,89599,676429,2332,75
2021-04-27T23:59:59+02:00,29277,33151,64423,83726,75107,108409,99306,154329,166042,196509,231516,257093,210667,267178,65717,119242,10225,9894,20444,26850,23363,38786,30521,56145,42925,55871,46942,47379,109635,140444,56983,103054,1307689,732282,185718,85613,668522,1617,74
2021-04-26T23:59:59+02:00,28850,32773,63338,82853,73624,107259,97047,152634,157466,188529,227335,252264,209962,266192,65627,119045,10134,9807,20234,26669,23129,38570,30229,55812,42319,55300,45147,45247,107754,137975,56888,102901,1278894,724391,184283,82540,661857,1237,71
2021-04-25T23:59:59+02:00,28603,32536,62566,82336,72571,106532,95335,151421,152169,183697,223039,247425,209378,265419,65562,118924,10079,9774,20157,26596,23045,38490,30120,55688,42160,55142,44735,44752,107078,137069,56860,102831,1266244,722743,178152,80780,653352,1108,69
2021-04-24T23:59:59+02:00,28261,32110,61634,81124,71392,105094,93797,149772,147289,178571,220263,244106,208909,264750,65528,118874,10065,9757,20116,26557,22997,38426,30041,55604,42011,55007,44496,44445,106830,136776,56839,102803,1241489,721672,178127,80087,652092,1066,68
2021-04-23T23:59:59+02:00,27518,31494,60081,79624,69615,103085,91221,147154,142548,174207,215726,238583,208256,263760,65466,118759,10015,9698,20007,26472,22866,38278,29809,55400,41650,54679,43880,43690,105775,135502,56683,102529,1216753,718350,176955,77625,643619,1014,67
2021-04-22T23:59:59+02:00,26906,30894,58560,78196,67158,100887,87119,143682,134542,166752,206724,227622,206217,261131,65269,118364,9889,9602,19761,26182,22517,37847,29295,54886,40892,54043,42718,42369,103793,133067,56455,102132,1175386,710938,169534,73678,635329,888,67
2021-04-21T23:59:59+02:00,26422,30376,57243,77100,65289,99272,84101,141052,127387,159965,193690,212330,204072,258245,65044,117941,9761,9517,19530,25939,22233,37529,28946,54442,40347,53515,41880,41357,101621,130305,56205,101724,1124092,704466,166664,69623,628996,818,67
2021-04-20T23:59:59+02:00,25999,29911,56095,75962,63632,97704,81572,138490,122328,154927,182248,198922,201651,255125,64812,117520,9662,9428,19314,25753,21942,37261,28545,54036,39812,52985,41073,40432,99418,127335,55871,101188,1081668,696991,163189,66380,622263,741,66
2021-04-19T23:59:59+02:00,25639,29558,55138,75145,62361,96538,79463,136575,118823,151569,176530,192108,199947,252905,64632,117191,9555,9338,19088,25539,21703,36995,28237,53652,39313,52463,40282,39529,96337,123381,55467,100481,1057253,686716,161371,63996,615720,706,65
2021-04-18T23:59:59+02:00,25336,29298,54372,74602,61241,95599,77622,135164,115471,149184,171441,186577,198937,251680,64524,117001,9483,9264,18902,25368,21527,36831,28024,53379,39056,52216,39958,39147,95125,121843,55286,100186,1043357,682887,159705,62073,605205,693,65
2021-04-17T23:59:59+02:00,25226,29207,54001,74408,60728,95248,76972,134568,114627,148447,167206,181708,198403,250956,64489,116936,9438,9206,18764,25183,21341,36601,27800,53105,38793,51951,39664,38828,94370,120919,55222,100104,1032510,678910,159678,61759,601159,678,65
2021-04-16T23:59:59+02:00,24856,28960,53020,73807,59453,94373,75364,133244,110511,144326,159606,172977,196757,248754,64380,116728,9233,9033,18380,24764,20769,36034,26718,52216,36801,50367,36413,35956,91223,117447,54820,99450,1006743,664091,158897,54948,591692,642,65
2021-04-15T23:59:59+02:00,24379,28507,51779,72644,57507,92653,72111,130411,105054,139068,151770,164035,192114,242891,64085,116111,9060,8873,18014,24345,20280,35380,26044,51428,35420,49144,34323,33951,88143,113740,54315,98595,974633,651127,156846,49397,573853,589,64
2021-04-14T23:59:59+02:00,24035,28180,50848,71712,56172,91267,69737,128259,101083,135315,142604,153684,184387,233022,63746,115446,8657,8607,17541,23844,19750,34742,25138,50556,34144,48029,32295,31816,85180,110116,53826,97738,936858,636359,154181,45190,558668,489,63
2021-04-13T23:59:59+02:00,23799,27966,50156,71174,55238,90452,68111,126860,97366,131894,130813,140596,178009,224700,63406,114859,8424,8437,17202,23442,19332,34214,24479,49764,33084,47025,30920,30465,83066,107767,53471,97198,903726,627170,149676,40812,542206,367,63
2021-04-12T23:59:59+02:00,23592,27782,49611,70670,54380,89726,66664,125581,94751,129575,123730,132591,174789,220757,63137,114370,8188,8252,16849,23149,18968,33781,24011,49232,32418,46405,29406,28932,81413,105836,53146,96678,887387,618803,148151,37570,526374,348,63
2021-04-11T23:59:59+02:00,23422,27624,49092,70251,53655,89275,65535,124782,92905,128104,118262,126604,170876,216166,62969,114075,8058,8118,16553,22871,18653,33476,23655,48853,31974,46024,28773,28269,80397,104596,52938,96361,879963,613542,143754,35747,510085,336,62
2021-04-10T23:59:59+02:00,23361,27570,48927,70119,53457,89120,65213,124515,92384,127669,116185,124081,169445,214317,62928,113974,7475,7516,15666,22092,17696,32639,22533,47823,30864,45033,28097,27547,78309,101991,52671,95926,872994,598272,142906,35369,507571,292,60
2021-04-09T23:59:59+02:00,23116,27323,48430,69632,52823,88443,64226,123395,90567,125770,107394,113169,166079,209922,62728,113618,6516,6620,14146,20773,15980,31089,20404,45864,28670,43033,26328,25735,74821,97829,52131,95088,853664,570940,135878,33864,497301,279,55
2021-04-08T23:59:59+02:00,22823,27081,47854,69146,52078,87748,62932,122319,88157,123609,97121,101221,160563,203094,62402,113054,5877,6037,12964,19764,14724,29758,18770,44163,26180,40704,23321,22779,70195,92091,50999,93342,835090,539562,127018,31923,479308,241,49
2021-04-07T23:59:59+02:00,22512,26855,47055,68695,51161,87150,61553,121345,85041,121181,87975,90984,153583,194332,62110,112492,5498,5718,12311,19092,13914,28936,17730,43122,24279,38814,20790,20266,66258,87342,50010,91733,814796,516206,121446,29457,457997,207,45
2021-04-06T23:59:59+02:00,22304,26697,46533,68317,50576,86631,60526,120570,82945,119444,80230,82206,147243,186389,61768,111865,5309,5561,11966,18741,13566,28510,17197,42567,23422,38010,19670,19240,63119,83269,49093,90360,795592,502933,118245,26532,440622,195,42
2021-04-05T23:59:59+02:00,22208,26573,46224,67977,50197,86233,59983,119881,81771,118293,75769,77134,142257,180303,61566,111549,5171,5422,11705,18490,13273,28198,16880,42197,22978,37550,19207,18771,60263,79729,48398,89297,786203,493659,116502,23742,425427,190,39
2021-04-04T23:59:59+02:00,22160,26516,46105,67712,50029,85921,59708,119381,81266,117665,74336,75431,141558,179329,61529,111467,5168,5416,11690,18478,13262,28182,16863,42181,22883,37478,18801,18448,58830,77887,48194,88986,783685,488891,116402,23740,420244,182,35
2021-04-03T23:59:59+02:00,22098,26436,45983,67606,49868,85746,59392,119071,80699,117091,72996,73802,140447,177794,61446,111319,5160,5409,11677,18460,13239,28162,16829,42135,22778,37407,18666,18299,58480,77330,48105,88842,777348,487123,116361,23740,418303,182,34
2021-04-02T23:59:59+02:00,22022,26354,45824,67444,49652,85499,58926,118621,79825,116281,71444,71925,138175,174820,61249,110961,5142,5372,11632,18420,13186,28081,16742,41988,22506,36931,18309,17938,56147,74456,47296,87750,768269,478682,114592,23099,416379,182,33
2021-04-01T23:59:59+02:00,21821,26148,45410,66925,49016,84764,58054,117685,77946,114619,68194,68509,134109,169660,60931,110396,4999,5233,11365,18160,12963,27848,16421,41680,22008,36493,17499,17199,51344,68450,45626,85299,756666,460759,108522,21732,409219,167,28
2021-03-31T23:59:59+02:00,21495,25929,45010,66407,48528,84118,57331,116749,76795,113382,66159,66200,129371,163556,60528,109674,4920,5183,11270,18042,12806,27698,16186,41414,21421,35987,16376,16303,46155,62066,44257,83330,746943,442533,101391,20791,403121,164,25
2021-03-30T23:59:59+02:00,21323,25709,44614,65791,48028,83323,56630,115700,75664,112017,64327,64185,125002,157817,60061,108775,4853,5099,11167,17917,12615,27509,15860,41090,20847,35438,15547,15501,43408,58665,43146,81544,736807,430713,97182,19434,395202,134,21
2021-03-29T23:59:59+02:00,21125,25470,44157,65242,47555,82634,55898,114629,74452,110590,61852,61454,118288,149198,59291,107382,4758,5031,11062,17809,12464,27344,15614,40773,20392,34973,14898,14963,40828,55689,42043,79732,716356,419566,93770,18761,389315,120,21
2021-03-28T23:59:59+02:00,20922,25183,43661,64560,47043,81898,55222,113629,73515,109492,60598,60026,113598,143240,58847,106626,4704,4973,10917,17667,12213,27046,15423,40527,20225,34743,14663,14722,39753,54282,41695,79198,709855,415292,86483,17438,381946,95,21
2021-03-27T23:59:59+01:00,20805,25028,43369,64198,46685,81372,54724,112940,72850,108759,59457,58952,112122,141537,58780,106547,4691,4961,10890,17648,12195,27017,15063,40104,19829,34307,14371,14510,39269,53599,41222,78383,704626,411258,85786,16786,377936,89,21
2021-03-26T23:59:59+01:00,20554,24517,42573,62503,45724,79359,53395,109928,70847,105165,57453,57079,109377,138313,58454,106034,4671,4928,10867,17597,12126,26927,14985,39995,19494,33722,13906,13864,36215,49774,39169,75148,693292,396818,82488,16569,365715,75,21
2021-03-25T23:59:59+01:00,20123,23845,41703,60747,44638,76813,51887,106420,68463,101413,54869,54451,106076,134353,57883,105046,4625,4875,10776,17495,12008,26787,14801,39778,19222,33418,13432,13374,32384,44753,36184,70635,681904,378575,78300,15975,348746,71,19
2021-03-24T23:59:59+01:00,19727,23407,40935,59491,43632,75293,50523,104511,66385,99094,52101,51546,101836,129271,57246,103971,4571,4809,10684,17359,11844,26588,14573,39495,18857,33000,12978,12922,29826,41547,33076,65807,669153,363072,73439,14875,336599,67,15
2021-03-23T23:59:59+01:00,19481,23109,40380,58586,42916,74209,49496,103005,64743,97244,49817,49210,99087,126068,56688,103138,4512,4740,10586,17235,11698,26409,14333,39188,18446,32615,12477,12417,27402,38459,29422,59923,661086,345590,70099,14287,326213,62,14
2021-03-22T23:59:59+01:00,19263,22702,39749,57713,42254,73176,48557,101624,63274,95622,47999,47342,96696,123328,56215,102363,4452,4693,10501,17121,11569,26234,14177,38948,18208,32314,12169,12048,25575,36118,25492,53575,654820,329476,67296,13735,315981,60,14
2021-03-21T23:59:59+01:00,19128,22445,39263,56961,41710,72334,47914,100474,62336,94398,46957,46322,95056,121484,55846,101785,4439,4686,10465,17074,11525,26149,14117,38858,18128,32215,12050,11917,25147,35669,25139,53018,652258,327296,65272,13322,307100,55,13
2021-03-20T23:59:59+01:00,19068,22299,39053,56471,41474,71776,47604,99843,61899,93797,46308,45557,92464,118259,55561,101300,4430,4679,10456,17062,11498,26133,14075,38822,18046,32141,11891,11757,24509,34895,24378,51935,645819,323596,64827,13133,302302,55,13
2021-03-19T23:59:59+01:00,18716,21736,37925,54358,40199,69789,45882,97763,59028,91043,41883,41700,87263,112512,54863,100220,4410,4666,10424,17016,11435,26023,13987,38655,17811,31846,11540,11481,22845,32841,22702,49378,628121,314317,57641,12771,289329,48,13
2021-03-18T23:59:59+01:00,18324,21091,36755,52211,38663,67004,43735,93309,55189,85257,37867,37919,82541,107041,53778,98562,4390,4639,10356,16914,11356,25871,13839,38460,17591,31643,11308,11299,21601,31332,20994,46785,611241,306252,51909,12161,266301,40,13
2021-03-17T23:59:59+01:00,17906,20742,36033,51297,37905,66055,42658,91960,53409,83434,35208,35145,78525,102222,52834,97090,4367,4615,10294,16821,11284,25738,13726,38274,17394,31453,11072,11078,20365,29926,19405,44387,594637,298779,47520,11456,260467,37,13
2021-03-16T23:59:59+01:00,17550,20326,35289,50232,37092,64866,41563,90299,51575,81450,33011,33133,74527,97307,51955,95781,4317,4566,10222,16695,11194,25588,13629,38038,17258,31211,10903,10903,19091,28416,17928,42071,581458,291047,42839,11021,251858,36,11
2021-03-15T23:59:59+01:00,17273,19964,34585,49257,36305,63679,40663,88821,50319,79852,31296,31300,71251,93223,51259,94648,4296,4534,10156,16573,11128,25388,13515,37751,17109,30940,10736,10744,18368,27456,16676,40215,570365,285265,39522,10373,244014,32,0
2021-03-14T23:59:59+01:00,17005,19537,33735,48053,35406,62364,39614,86996,49073,78133,30134,30070,69261,90666,50816,93973,4271,4516,10111,16496,11071,25247,13455,37529,17019,30776,10667,10662,18186,27175,16414,39656,563274,284075,37650,9239,234114,22,0
2021-03-13T23:59:59+01:00,16200,18499,32265,46059,33842,60269,37589,83965,46957,75617,28793,28727,67249,88050,50546,93582,4271,4516,10109,16491,11068,25240,13447,37522,17013,30767,10630,10629,17445,26290,15371,38207,546945,279839,37365,9238,224089,22,0
2021-03-12T23:59:59+01:00,15097,17125,29828,43415,31181,57135,34731,79113,43753,71166,25962,25544,62952,82752,49568,92182,4260,4482,10092,16429,11050,25189,13401,37407,16923,30638,10355,10403,16566,25049,14303,36689,518972,274070,36056,9227,206661,19,0
2021-03-11T23:59:59+01:00,14061,15667,27592,40727,28864,53954,32145,74733,40010,66285,22567,22077,56961,75448,47640,89344,4219,4448,10012,16312,10940,24964,13285,37097,16759,30336,10055,10192,15937,24215,13636,35417,487006,270097,34468,7792,186773,15,0
2021-03-10T23:59:59+01:00,13467,14969,26189,39115,27220,52138,30590,72424,37498,63169,19828,19532,51053,68317,46092,87007,4186,4404,9914,16145,10822,24714,13139,36678,16560,29967,9824,10010,15195,23441,12977,34393,460640,265383,32429,7053,175708,12,0
2021-03-09T23:59:59+01:00,13183,14503,25074,38078,25811,50960,29536,70773,36120,61338,18653,18412,47549,63884,44967,85220,4162,4379,9830,15979,10720,24455,12987,36363,16387,29732,9701,9908,14535,22606,12483,33621,447071,261693,29908,6221,167238,12,0
2021-03-08T23:59:59+01:00,12854,13903,23993,36977,24545,49822,28601,69292,34891,59723,17577,17534,43440,58901,43739,83238,4147,4344,9769,15781,10618,24200,12855,36007,16261,29467,9622,9831,14041,22002,12169,33182,431639,258539,27902,5830,159642,4,0
2021-03-07T23:59:59+01:00,12621,13611,23401,36128,23849,48948,28003,68423,34286,58972,17317,17286,42375,57458,43374,82675,4135,4331,9749,15740,10591,24127,12824,35838,16204,29354,9601,9802,13844,21749,12033,32980,426901,257486,26091,5492,155885,0,0
2021-03-06T23:59:59+01:00,12509,13320,23000,35395,23322,48161,26960,66901,33190,57212,16931,16957,41731,56570,43073,82208,4132,4317,9738,15715,10573,24094,12814,35796,16186,29323,9584,9761,13798,21711,11931,32772,422848,257110,26027,5211,148713,0,0
2021-03-05T23:59:59+01:00,12099,12721,22322,34198,22642,46935,26207,65278,31959,54796,16289,16127,38273,52269,40917,78766,4104,4271,9668,15616,10524,23947,12746,35602,16101,29119,9489,9692,13614,21499,11568,32169,407676,255428,24578,4376,139685,0,0
2021-03-04T23:59:59+01:00,11339,11716,21136,32478,21427,44895,24854,62627,30269,52442,15560,15411,34273,47108,37845,74083,4058,4183,9559,15333,10422,23592,12614,35080,15957,28724,9318,9541,13458,21289,11484,32024,389266,252425,22506,4284,125830,0,0
2021-03-03T23:59:59+01:00,11034,11230,20450,31266,20658,43545,23954,60885,29231,50808,15085,14910,31667,43788,34761,69316,4018,4121,9480,15165,10343,23345,12510,34661,15781,28378,9137,9415,13334,21075,11338,31755,373847,249808,21715,4121,117161,0,0
2021-03-02T23:59:59+01:00,10771,10808,19807,30301,19945,42532,23174,59504,28264,49536,14458,14266,28994,40418,30879,63102,3970,4050,9419,15002,10275,23084,12409,34235,15681,28072,9013,9313,13197,20887,11262,31610,355691,247430,20208,4120,110988,0,0
2021-03-01T23:59:59+01:00,10599,10549,19297,29499,19385,41655,22586,58434,27553,48414,14044,13812,26927,37833,26632,56227,3955,4002,9365,14848,10213,22787,12330,33858,15576,27749,8931,9253,13016,20623,11152,31432,338512,245040,19099,4120,105961,0,0
2021-02-28T23:59:59+01:00,10432,10350,18830,28857,18856,40921,22109,57584,27068,47625,13837,13573,26322,37173,26228,55625,3939,3988,9340,14816,10195,22736,12313,33788,15550,27703,8905,9229,12886,20448,11090,31282,336078,244193,18241,4085,101195,0,0
2021-02-27T23:59:59+01:00,10253,9835,18501,27990,18598,40137,21824,56604,26740,46832,13561,13271,25655,36370,25307,54207,3928,3978,9319,14796,10164,22688,12274,33707,15508,27630,8884,9213,12877,20432,11086,31276,332173,243848,17520,3982,96114,0,0
2021-02-26T23:59:59+01:00,9457,9049,17601,26552,17817,37931,20897,53759,25282,44012,13096,12872,24069,34383,23786,51902,3847,3911,9241,14636,10090,22433,12193,33342,15392,27338,8804,9131,12810,20364,11045,31206,323073,241944,17267,3908,82242,0,0
2021-02-25T23:59:59+01:00,8299,8198,16282,24953,16551,35670,19661,50876,23577,41234,12623,12475,22790,32793,22292,49620,3725,3768,9080,14325,9871,21832,11942,32495,15069,26688,8610,8979,12551,20042,10904,30938,315461,237827,16498,3061,66050,0,0
2021-02-24T23:59:59+01:00,7934,7676,15629,23918,15922,34433,18946,49366,22787,40035,12228,12140,21487,31297,20613,46996,3652,3702,8940,14035,9697,21380,11745,31873,14808,26154,8471,8842,12410,19870,10839,30727,307231,235067,15534,2145,58755,0,0
2021-02-23T23:59:59+01:00,7450,7201,14819,22749,15238,33215,18227,47959,22069,38968,11924,11818,20151,29728,19002,44443,3612,3629,8820,13833,9562,20985,11558,31297,14509,25657,8302,8700,12284,19660,10769,30496,299141,232254,14734,1485,51197,0,0
2021-02-22T23:59:59+01:00,7343,6995,14436,22132,14889,32489,17765,46953,21575,38234,11728,11570,19405,28723,17691,42493,3582,3528,8684,13541,9398,20485,11304,30562,14137,25062,8056,8510,12086,19409,10665,30192,293297,228963,14123,303,47111,0,0
2021-02-21T23:59:59+01:00,7253,6870,14116,21693,14470,31907,17351,46299,21140,37740,11624,11470,19242,28510,17444,42160,3544,3489,8602,13418,9323,20268,11233,30272,14016,24794,7994,8448,12030,19302,10594,30031,292159,227133,13751,289,43486,0,0
2021-02-20T23:59:59+01:00,7136,6821,13991,21613,14354,31773,17232,46149,20982,37559,11525,11388,18464,27594,16390,40691,3542,3483,8592,13410,9313,20247,11219,30247,14003,24784,7989,8440,11966,19239,10541,29964,287915,226755,13554,288,42297,0,0
2021-02-19T23:59:59+01:00,6835,6568,13638,21175,13984,31105,16759,45355,20278,36691,10924,10989,17421,26263,15233,39083,3462,3460,8517,13383,9272,20190,11181,30156,13944,24690,7946,8381,11744,18966,10348,29633,281544,225050,13179,287,37678,0,0
2021-02-18T23:59:59+01:00,6440,6096,13011,20037,13344,29730,15944,43484,19408,35114,10697,10771,16831,25512,14657,38200,3277,3324,8184,12845,8980,19445,10832,29120,13580,23868,7740,8073,11159,18015,9851,28483,277983,216553,12597,287,28794,0,0
2021-02-17T23:59:59+01:00,6276,5752,12567,19157,12856,28538,15246,41761,18761,33790,10474,10520,16075,24698,13880,37010,3027,3164,7845,12333,8678,18659,10462,28079,13189,23018,7508,7837,10603,17168,9413,27667,273315,208427,11866,285,22275,0,0
2021-02-16T23:59:59+01:00,5951,5451,12030,18323,12356,27461,14701,40382,18170,32758,10322,10416,15407,23869,13373,36223,2845,3045,7544,11885,8372,17936,10067,26996,12725,22123,7238,7545,9886,15998,8687,26118,269781,198941,11370,131,16134,0,0
2021-02-15T23:59:59+01:00,5846,5275,11737,17683,12090,26678,14353,39390,17823,31988,10197,10307,14849,23216,13012,35684,2756,2965,7355,11565,8155,17432,9768,26155,12376,21443,6957,7263,9186,14943,8172,24840,266686,191307,10767,86,12767,0,0
2021-02-14T23:59:59+01:00,5579,5161,11489,17411,11869,26242,14120,38945,17632,31711,10152,10256,14615,22877,12847,35290,2706,2927,7241,11401,8028,17227,9593,25824,12199,21142,6862,7140,8966,14559,7985,24306,265685,188081,9832,86,10770,0,0
2021-02-13T23:59:59+01:00,5519,5123,11439,17375,11839,26211,14093,38913,17612,31692,10139,10229,14588,22846,12836,35273,2702,2924,7236,11394,8016,17207,9578,25791,12172,21098,6833,7107,8812,14348,7634,23680,265444,186585,9831,8,10543,0,0
2021-02-12T23:59:59+01:00,5003,4804,10868,17013,11521,25662,13774,38269,17285,31052,10029,10123,14406,22632,12756,35164,2652,2891,7144,11239,7915,16977,9428,25400,11957,20655,6653,6877,8451,13788,7042,22341,263755,181464,9820,7,6875,0,0
2021-02-11T23:59:59+01:00,4541,4504,10283,16334,11109,24857,13295,37008,16795,30193,9717,9866,14125,22185,12476,34481,2484,2619,6546,10053,7228,15248,8573,22793,10910,18581,6007,6165,7408,12173,6227,20023,260540,163091,8181,4,3135,0,0
2021-02-10T23:59:59+01:00,4294,4338,9947,15881,10801,24318,12984,36126,16379,29442,9505,9728,13944,21979,12384,34275,2125,2331,5614,8607,6435,13211,7586,19898,9791,16560,5464,5581,6428,10520,5455,17979,257891,143632,7685,2,835,0,0
2021-02-09T23:59:59+01:00,4231,4240,9824,15613,10692,23919,12814,35506,16166,28970,9327,9593,13751,21770,12243,34053,1730,1980,4839,7349,5666,11422,6670,17399,8708,14571,4887,4954,5386,8974,4727,15889,255458,125195,6908,1,431,0,0
2021-02-08T23:59:59+01:00,4199,4187,9732,15403,10583,23560,12696,35043,16026,28611,9234,9527,13550,21490,12138,33864,1566,1787,4284,6368,5009,9857,5859,14887,7696,12731,4335,4432,4411,7402,3968,13829,253107,108462,6393,1,425,0,0
2021-02-07T23:59:59+01:00,4032,4120,9576,15269,10480,23393,12617,34780,15914,28417,9194,9482,13406,21309,12066,33721,1353,1541,3865,5697,4599,8980,5435,13733,7214,11784,4079,4173,4182,7011,3810,13235,252007,100729,5849,1,0,0,0
2021-02-06T23:59:59+01:00,4023,4111,9566,15253,10467,23357,12595,34731,15897,28360,9174,9468,13388,21274,11961,33525,1201,1345,3634,5391,4413,8555,5215,13146,6934,11227,3942,4036,4058,6862,3532,12778,251664,96304,5566,1,0,0,0
2021-02-05T23:59:59+01:00,3950,4044,9494,15112,10400,23107,12510,34360,15782,28079,9091,9394,13315,21199,11612,32928,1060,1116,3354,4947,4155,7976,4898,12371,6549,10500,3681,3791,3898,6635,3030,11893,249781,89887,4674,0,0,0,0
2021-02-04T23:59:59+01:00,3893,3921,9374,14796,10223,22562,12321,33566,15565,27517,8968,9283,13091,20907,11499,32727,796,782,2533,3701,3219,6240,3949,9832,5229,8290,3002,3083,3276,5657,2638,10403,245841,72654,4450,0,0,0,0
2021-02-03T23:59:59+01:00,3825,3850,9268,14573,10119,22224,12189,33056,15414,27092,8859,9168,12949,20729,11423,32561,661,614,1913,2792,2487,4823,2985,7556,3999,6250,2195,2223,2394,4196,1911,7798,243095,54816,4282,0,0,0,0
2021-02-02T23:59:59+01:00,3759,3758,9169,14381,10023,21844,12045,32492,15213,26638,8736,9054,12827,20519,11339,32293,525,487,1444,2059,1902,3627,2244,5747,2981,4675,1554,1525,1631,2762,1330,5187,239886,39694,4280,0,0,0,0
2021-02-01T23:59:59+01:00,3718,3668,9089,14147,9917,21455,11908,31854,15032,26133,8618,8907,12719,20376,11288,32118,390,352,1004,1421,1253,2413,1461,3768,1850,2963,983,970,968,1685,762,3009,236743,25261,4280,0,0,0,0
2021-01-31T23:59:59+01:00,3700,3633,9036,14038,9848,21255,11844,31560,14932,25936,8563,8849,12668,20264,11244,31989,360,331,884,1233,1064,2042,1260,3216,1617,2597,885,879,864,1503,691,2704,235265,22137,4169,0,0,0,0
2021-01-30T23:59:59+01:00,3700,3630,9026,14026,9834,21233,11831,31540,14920,25922,8559,8844,12610,20202,11195,31926,343,307,825,1150,1007,1919,1196,3028,1542,2460,857,853,846,1463,676,2652,234951,21130,4122,0,0,0,0
2021-01-29T23:59:59+01:00,3640,3616,8966,13997,9805,21182,11799,31465,14875,25855,8535,8821,12424,19977,11015,31683,276,224,706,979,863,1559,1043,2639,1331,2135,768,763,797,1408,658,2599,233734,18752,3996,0,0,0,0
2021-01-28T23:59:59+01:00,3521,3530,8763,13609,9585,20670,11569,30887,14549,25357,8399,8721,11990,19357,10659,31102,130,57,288,359,376,604,456,1142,604,956,407,421,467,809,376,1571,228951,9024,3392,0,0,0,0
2021-01-27T23:59:59+01:00,3290,3395,8469,13194,9284,20050,11187,30054,14163,24620,8183,8509,11442,18556,10234,30340,78,33,200,221,241,409,302,795,425,658,309,307,347,603,283,1149,222255,6360,2786,0,0,0,0
2021-01-26T23:59:59+01:00,3122,3298,8188,12857,9021,19480,10882,29298,13766,23993,7947,8288,10864,17642,9587,29188,73,29,185,211,225,375,286,744,394,597,294,282,320,541,257,1019,215547,5832,1945,0,0,0,0
2021-01-25T23:59:59+01:00,3035,3203,7907,12376,8731,18773,10496,28296,13286,23231,7664,8090,10245,16826,9131,28288,65,21,165,190,193,319,247,624,342,494,257,238,266,465,209,831,209247,4926,400,0,0,0,0
2021-01-24T23:59:59+01:00,2991,3183,7822,12298,8659,18649,10387,28136,13158,23049,7622,8055,10180,16715,9083,28192,64,20,161,186,191,306,244,604,334,480,248,234,264,458,205,816,207948,4815,299,0,0,0,0
2021-01-23T23:59:59+01:00,2990,3182,7821,12295,8655,18639,10386,28124,13152,23044,7616,8053,10055,16551,8756,27605,63,20,161,186,190,305,242,604,332,480,248,234,264,458,205,815,206695,4807,297,0,0,0,0
2021-01-22T23:59:59+01:00,2928,3136,7698,12183,8572,18500,10277,27954,13072,22930,7586,8020,9857,16249,8238,26581,63,20,160,186,190,305,242,604,331,480,248,234,264,458,205,815,203552,4805,297,0,0,0,0
2021-01-21T23:59:59+01:00,2846,2967,7199,11271,8088,17358,9740,26334,12468,21714,7303,7692,9217,15288,7713,25510,57,18,145,172,173,274,217,528,294,441,222,207,233,378,175,684,192476,4218,297,0,0,0,0
2021-01-20T23:59:59+01:00,2487,2622,6320,9870,7345,15404,8788,23505,11359,19646,6703,7040,8126,13527,6900,23301,56,18,144,167,170,272,210,515,283,419,210,200,227,353,162,646,172707,4052,294,0,0,0,0
2021-01-19T23:59:59+01:00,2045,2265,5422,8491,6483,13514,7768,20717,10091,17407,5946,6158,6740,11337,5880,20248,39,11,95,124,114,169,147,351,184,291,133,115,138,235,113,479,150350,2738,213,0,0,0,0
2021-01-18T23:59:59+01:00,1770,1978,4668,7113,5529,11279,6578,17129,8666,14702,5071,5286,5358,9092,4809,16772,21,6,36,46,52,78,64,159,72,146,59,54,65,131,62,220,125759,1271,90,0,0,0,0
2021-01-17T23:59:59+01:00,1493,1690,4156,6320,5023,10148,6043,15555,8027,13440,4731,4936,4986,8418,4481,15767,8,2,8,15,15,27,18,49,26,56,23,23,19,31,13,47,115168,380,88,0,0,0,0
2021-01-16T23:59:59+01:00,1326,1485,3940,6000,4843,9708,5784,14889,7697,12747,4542,4708,4775,8143,4126,15163,0,0,0,1,1,2,1,1,1,2,0,1,1,0,0,1,109911,12,5,0,0,0,0
2021-01-15T23:59:59+01:00,1176,1259,3686,5580,4590,9143,5492,14050,7289,11948,4250,4415,4589,7836,3591,14117,0,0,0,0,0,0,0,0,0,0,0,0,0,0,0,0,103045,0,3,0,0,0,0
2021-01-14T23:59:59+01:00,901,943,2942,4395,3724,7329,4550,11310,5895,9604,3453,3552,3858,6621,3108,12314,0,0,0,0,0,0,0,0,0,0,0,0,0,0,0,0,84528,0,0,0,0,0,0
2021-01-13T23:59:59+01:00,765,788,2471,3667,3139,6110,3781,9377,4803,7731,2581,2640,2912,5041,2376,9413,0,0,0,0,0,0,0,0,0,0,0,0,0,0,0,0,67620,0,0,0,0,0,0
2021-01-12T23:59:59+01:00,634,659,2070,3010,2584,4969,3030,7559,3787,6079,1851,1821,1990,3409,1680,6421,0,0,0,0,0,0,0,0,0,0,0,0,0,0,0,0,51575,0,0,0,0,0,0
2021-01-11T23:59:59+01:00,492,524,1728,2438,2075,3969,2347,5748,2812,4412,1191,1126,1193,2000,920,3644,0,0,0,0,0,0,0,0,0,0,0,0,0,0,0,0,36637,0,0,0,0,0,0
2021-01-10T23:59:59+01:00,436,454,1470,2013,1734,3249,1937,4763,2336,3694,1050,1002,1048,1755,819,3193,0,0,0,0,0,0,0,0,0,0,0,0,0,0,0,0,30965,0,0,0,0,0,0
2021-01-09T23:59:59+01:00,404,410,1347,1837,1589,2959,1784,4316,2151,3363,975,932,989,1701,801,3151,0,0,0,0,0,0,0,0,0,0,0,0,0,0,0,0,28719,0,0,0,0,0,0
2021-01-08T23:59:59+01:00,307,282,1100,1497,1311,2293,1467,3539,1781,2749,843,827,901,1579,756,3000,0,0,0,0,0,0,0,0,0,0,0,0,0,0,0,0,24240,0,0,0,0,0,0
2021-01-07T23:59:59+01:00,144,76,393,505,476,784,589,1361,776,1200,466,478,559,961,463,1907,0,0,0,0,0,0,0,0,0,0,0,0,0,0,0,0,11139,0,0,0,0,0,0
2021-01-06T23:59:59+01:00,109,44,264,283,305,508,394,923,526,821,358,359,423,747,357,1440,0,0,0,0,0,0,0,0,0,0,0,0,0,0,0,0,7862,0,0,0,0,0,0
2021-01-05T23:59:59+01:00,85,31,186,229,238,422,316,814,443,702,342,343,406,714,350,1385,0,0,0,0,0,0,0,0,0,0,0,0,0,0,0,0,7007,0,0,0,0,0,0
2021-01-04T23:59:59+01:00,67,25,169,192,197,329,252,631,349,510,267,251,285,516,233,927,0,0,0,0,0,0,0,0,0,0,0,0,0,0,0,0,5200,0,0,0,0,0,0
2021-01-03T23:59:59+01:00,65,21,163,187,193,315,250,616,341,493,260,249,281,503,231,910,0,0,0,0,0,0,0,0,0,0,0,0,0,0,0,0,5078,0,0,0,0,0,0
2021-01-02T23:59:59+01:00,65,21,163,187,193,315,248,616,338,493,260,249,281,503,231,909,0,0,0,0,0,0,0,0,0,0,0,0,0,0,0,0,5072,0,0,0,0,0,0
2021-01-01T23:59:59+01:00,64,21,162,187,193,314,248,616,336,491,260,249,281,502,231,909,0,0,0,0,0,0,0,0,0,0,0,0,0,0,0,0,5064,0,0,0,0,0,0
2020-12-31T23:59:59+01:00,64,21,162,185,193,313,247,615,335,490,260,249,281,502,231,909,0,0,0,0,0,0,0,0,0,0,0,0,0,0,0,0,5057,0,0,0,0,0,0
2020-12-30T23:59:59+01:00,63,21,162,184,191,310,247,614,335,488,260,249,281,502,231,909,0,0,0,0,0,0,0,0,0,0,0,0,0,0,0,0,5047,0,0,0,0,0,0
2020-12-29T23:59:59+01:00,46,12,114,140,142,211,180,441,236,374,179,164,193,373,170,709,0,0,0,0,0,0,0,0,0,0,0,0,0,0,0,0,3684,0,0,0,0,0,0
2020-12-28T23:59:59+01:00,25,8,62,77,80,121,99,250,117,232,98,93,102,200,103,388,0,0,0,0,0,0,0,0,0,0,0,0,0,0,0,0,2055,0,0,0,0,0,0
2020-12-27T23:59:59+01:00,11,3,17,26,36,46,35,87,36,94,32,29,39,73,32,145,0,0,0,0,0,0,0,0,0,0,0,0,0,0,0,0,741,0,0,0,0,0,0
