Datum,<15_1_m,<15_1_w,15-24_1_m,15-24_1_w,25-34_1_m,25-34_1_w,35-44_1_m,35-44_1_w,45-54_1_m,45-54_1_w,55-64_1_m,55-64_1_w,65-74_1_m,65-74_1_w,75-84_1_m,75-84_1_w,>84_1_m,>84_1_w,<15_2_m,<15_2_w,15-24_2_m,15-24_2_w,25-34_2_m,25-34_2_w,35-44_2_m,35-44_2_w,45-54_2_m,45-54_2_w,55-64_2_m,55-64_2_w,65-74_2_m,65-74_2_w,75-84_2_m,75-84_2_w,>84_2_m,>84_2_w,bp_1,bp_2,mo_1,mo_2,az_1,az_2,ja,unb_1,unb_2
2021-11-03T23:59:59+01:00,50501,47651,314025,299013,419265,384576,427394,416987,485999,492192,530637,529091,356844,398277,248508,318900,73282,134648,42177,39706,284396,273186,389067,355872,401490,390845,461047,466294,509843,508945,347359,387291,242247,310251,70675,129156,4259639,4005282,531617,510536,808750,765519,329269,619,571
2021-11-02T23:59:59+01:00,50206,47347,312753,298092,417677,383413,426184,416153,484976,491494,530044,528611,356694,398095,248430,318793,73248,134562,41827,39376,283580,272523,388327,355205,400903,390314,460569,465835,509483,508581,347188,387099,242165,310121,70648,129094,4249565,3999103,531314,510363,808746,765505,328626,619,571
2021-11-01T23:59:59+01:00,49821,46981,311297,297009,416064,382327,424902,415288,483969,490790,529512,528241,356566,397962,248374,318727,73233,134529,41577,39099,282923,271927,387669,354666,400362,389870,460126,465475,509175,508324,347076,386979,242109,310010,70628,129034,4239587,3994473,531088,510155,808725,765490,327670,618,571
2021-10-31T23:59:59+01:00,49765,46946,311111,296899,415858,382216,424703,415162,483850,490711,529456,528197,356551,397953,248372,318722,73233,134528,41520,39057,282809,271867,387564,354588,400280,389816,460078,465443,509143,508302,347065,386970,242106,310005,70625,129029,4238465,3993924,531024,510116,808722,765486,327500,618,571
2021-10-30T23:59:59+02:00,49711,46908,310913,296772,415545,382058,424487,415008,483640,490550,529336,528139,356530,397927,248366,318711,73230,134522,41483,39048,282709,271796,387456,354515,400192,389752,460020,465381,509101,508283,347058,386962,242102,309999,70621,129025,4236791,3993380,530977,510057,808721,765483,327342,618,571
2021-10-29T23:59:59+02:00,49493,46680,309924,296088,414296,381208,423395,414324,482761,489941,528839,527863,356455,397856,248324,318665,73216,134499,41357,38948,282234,271436,386986,354138,399788,389468,459682,465111,508902,508138,347001,386910,242083,309962,70614,129012,4229414,3990655,530681,509903,808717,765478,326493,618,571
2021-10-28T23:59:59+02:00,49054,46257,308170,294800,412281,379825,421807,413193,481485,488985,528126,527336,356296,397688,248251,318571,73203,134457,41055,38663,281294,270602,386052,353347,399037,388835,459086,464597,508442,507824,346856,386727,242016,309866,70592,128958,4217377,3984630,530255,509603,808706,765451,324923,618,571
2021-10-27T23:59:59+02:00,48729,45938,307291,294025,411208,378967,420953,412496,480773,488462,527716,527031,356195,397520,248190,318472,73183,134417,40769,38375,280559,269928,385416,352747,398560,388356,458671,464176,508149,507540,346700,386548,241934,309741,70565,128897,4210045,3979215,529957,509414,808702,765421,324338,618,571
2021-10-26T23:59:59+02:00,48324,45526,306224,293068,410065,378041,420059,411821,480077,487865,527299,526711,356073,397385,248117,318378,73158,134376,40409,38008,279690,269005,384672,352028,398005,387797,458235,463724,507787,507239,346554,386389,241835,309586,70541,128830,4201937,3972768,529746,509253,808695,765405,323665,618,571
2021-10-25T23:59:59+02:00,48169,45390,305717,292623,409496,377623,419581,411486,479669,487586,527111,526551,356030,397328,248104,318353,73151,134369,40343,37947,279466,268820,384428,351856,397833,387667,458089,463608,507686,507164,346533,386356,241825,309567,70538,128819,4198297,3971553,529684,509210,808693,765401,323138,618,571
2021-10-24T23:59:59+02:00,47958,45212,305169,292149,408814,377113,419071,411074,479254,487273,526891,526362,355967,397245,248072,318327,73143,134357,40154,37787,279012,268358,383970,351459,397488,387350,457823,463354,507520,506986,346444,386262,241787,309505,70527,128806,4194163,3968339,529527,509077,808689,765387,322546,618,571
2021-10-23T23:59:59+02:00,47924,45179,305009,292017,408603,376969,418915,410936,479142,487185,526816,526314,355948,397221,248068,318321,73143,134354,40116,37745,278922,268254,383850,351387,397409,387276,457752,463292,507484,506953,346425,386248,241786,309499,70526,128805,4192991,3967694,529466,509014,808687,765384,322394,618,571
2021-10-22T23:59:59+02:00,47670,44947,304235,291455,407724,376282,418181,410393,478572,486712,526461,526065,355892,397152,248048,318286,73137,134342,39864,37505,278368,267735,383357,350955,396996,386914,457452,463021,507261,506781,346358,386184,241764,309457,70520,128795,4187401,3964083,529193,508848,808685,765366,321747,618,571
2021-10-21T23:59:59+02:00,47197,44496,303134,290584,406518,375326,417204,409602,477746,486069,525921,525688,355765,397011,247975,318175,73115,134286,39286,36945,277307,266688,382455,350087,396274,386145,456821,462451,506844,506419,346202,385981,241670,309299,70494,128745,4178902,3956263,528920,508473,808679,765353,320780,618,571
2021-10-20T23:59:59+02:00,46977,44245,302532,290042,405846,374715,416662,409155,477317,485702,525635,525452,355670,396887,247905,318083,73089,134233,38870,36571,276564,265936,381842,349430,395756,385543,456398,462004,506488,506100,346027,385780,241572,309158,70456,128669,4173736,3949855,528779,508300,808675,765342,320423,617,571
2021-10-19T23:59:59+02:00,46694,43971,301991,289570,405346,374259,416299,408822,477040,485430,525406,525244,355552,396758,247841,317989,73056,134178,38420,36119,275677,265108,381138,348727,395282,385005,455994,461544,506154,505777,345841,385551,241468,309010,70419,128586,4169495,3943034,528660,508129,808672,765327,320085,617,570
2021-10-18T23:59:59+02:00,46502,43781,301468,289108,404857,373830,415949,408481,476774,485191,525185,525044,355458,396639,247777,317881,73031,134129,38134,35860,275036,264422,380591,348088,394863,384516,455656,461159,505865,505501,345686,385402,241382,308882,70386,128536,4165687,3937735,528468,507948,808669,765309,319725,617,570
2021-10-17T23:59:59+02:00,46392,43664,301152,288853,404604,373582,415742,408319,476626,485038,525084,524924,355395,396583,247756,317833,73016,134094,37888,35604,274528,263917,380226,347712,394584,384184,455415,460931,505704,505334,345596,385293,241345,308813,70363,128484,4163544,3934090,528392,507793,808668,765274,319515,617,570
2021-10-16T23:59:59+02:00,46363,43632,301076,288791,404531,373525,415700,408275,476582,485003,525059,524909,355389,396575,247752,317827,73014,134092,37848,35560,274422,263808,380146,347642,394526,384112,455375,460887,505678,505310,345588,385284,241342,308808,70362,128479,4163067,3933478,528378,507734,808668,765272,319444,617,570
2021-10-15T23:59:59+02:00,46214,43470,300644,288451,404164,373207,415408,408015,476339,484779,524904,524775,355337,396535,247735,317795,73005,134077,37618,35314,273864,263227,379740,347252,394188,383770,455098,460608,505482,505140,345526,385210,241301,308761,70357,128458,4160254,3929742,528257,507521,808664,765262,319139,617,570
2021-10-14T23:59:59+02:00,45884,43144,299863,287753,403534,372553,414902,407558,475920,484374,524587,524498,355219,396402,247672,317695,72973,134011,37064,34749,272623,261964,378937,346293,393503,382938,454452,459965,505059,504724,345294,384986,241190,308601,70326,128408,4154787,3921055,528009,507019,808659,765207,318544,617,570
2021-10-13T23:59:59+02:00,45576,42868,299297,287210,403056,372051,414509,407162,475588,484046,524326,524252,355096,396259,247601,317592,72943,133950,36733,34467,271855,261164,378342,345546,392984,382305,454033,459503,504695,504364,345120,384786,241091,308411,70290,128329,4150235,3914741,527830,506745,808655,765161,318120,616,570
2021-10-12T23:59:59+02:00,45252,42595,298644,286667,402538,371516,414107,406776,475280,483737,524073,524015,354987,396119,247551,317505,72916,133898,36439,34178,271024,260309,377653,344828,392450,381742,453618,459077,504336,504021,344900,384568,240984,308259,70249,128220,4145560,3908177,527656,506522,808647,765137,317771,615,567
2021-10-11T23:59:59+02:00,45007,42372,298063,286187,402057,371060,413705,406424,474978,483436,523837,523818,354877,396002,247479,317410,72880,133831,36153,33923,270270,259578,376984,344151,391965,381189,453239,458631,504005,503719,344708,384373,240887,308110,70206,128133,4141448,3902309,527480,506239,808636,765112,317316,615,567
2021-10-10T23:59:59+02:00,44850,42241,297707,285907,401722,370756,413474,406173,474801,483247,523697,523691,354827,395947,247455,317371,72863,133800,35986,33796,269794,259160,376527,343688,391634,380848,452950,458348,503782,503542,344613,384272,240831,308041,70189,128100,4139057,3898700,527343,506117,808629,765079,316956,615,567
2021-10-09T23:59:59+02:00,44820,42217,297608,285831,401638,370698,413413,406121,474753,483199,523672,523674,354819,395933,247453,317367,72862,133799,35936,33742,269677,259055,376429,343590,391551,380773,452892,458294,503748,503512,344603,384258,240825,308033,70188,128098,4138553,3897996,527308,506044,808626,765068,316846,615,567
2021-10-08T23:59:59+02:00,44583,42010,297109,285430,401193,370325,413117,405826,474474,482976,523463,523508,354756,395872,247417,317316,72844,133785,35728,33465,269115,258495,376007,343160,391175,380396,452616,457972,503570,503354,344538,384175,240791,307988,70177,128086,4135208,3894182,527182,505880,808622,765049,316446,615,567
2021-10-07T23:59:59+02:00,44203,41589,296140,284572,400424,369565,412479,405213,473966,482487,523058,523190,354627,395698,247323,317207,72812,133722,35076,32806,267737,257103,375017,341978,390367,379399,451908,457224,503022,502852,344283,383895,240652,307809,70118,127995,4128389,3884519,526949,504688,808613,765007,315776,615,566
2021-10-06T23:59:59+02:00,43944,41330,295446,283992,399914,369068,412086,404791,473611,482179,522783,522942,354492,395546,247242,317087,72787,133645,34749,32493,266996,256295,374479,341316,389892,378861,451488,456777,502673,502497,344111,383684,240541,307663,70088,127916,4123594,3878433,526818,504577,808609,764976,315281,615,566
2021-10-05T23:59:59+02:00,43629,41035,294739,283314,399290,368451,411573,404307,473229,481781,522500,522639,354347,395389,247159,316932,72754,133534,34449,32179,266184,255456,373795,340580,389354,378249,450987,456312,502323,502141,343922,383467,240430,307489,70041,127842,4118187,3872010,526680,504435,808602,764954,314548,615,566
2021-10-04T23:59:59+02:00,43353,40797,293919,282619,398582,367868,411087,403849,472827,481390,522199,522371,354216,395217,247085,316807,72723,133443,34145,31862,265288,254522,373082,339807,388764,377656,450513,455779,501937,501775,343731,383237,240274,307321,70001,127755,4113025,3865338,526531,504326,808595,764915,313616,614,566
2021-10-03T23:59:59+02:00,43191,40649,293523,282210,398177,367513,410782,403602,472615,481159,522023,522208,354134,395123,247036,316721,72715,133407,33964,31728,264798,254100,372629,339399,388409,377262,450243,455471,501689,501543,343606,383092,240212,307228,69983,127724,4110218,3861769,526431,504214,808571,764861,312982,614,566
2021-10-02T23:59:59+02:00,43156,40612,293399,282083,398058,367423,410700,403521,472553,481101,521990,522177,354120,395100,247035,316718,72713,133405,33917,31690,264659,253969,372529,339309,388331,377184,450186,455420,501659,501504,343594,383070,240210,307221,69981,127724,4109522,3861074,526353,504157,808569,764838,312834,614,566
2021-10-01T23:59:59+02:00,42946,40356,292783,281529,397494,366923,410248,403136,472218,480835,521725,521995,354036,395022,247006,316669,72701,133387,33618,31400,263999,253323,372036,338877,387951,376808,449860,455103,501434,501309,343518,383004,240185,307177,69972,127707,4105615,3857203,526207,504001,808561,764784,312039,614,566
2021-09-30T23:59:59+02:00,42546,39960,291658,280448,396492,365959,409454,402353,471559,480167,521220,521596,353873,394814,246912,316540,72676,133319,33080,30855,262804,252154,371170,337955,387247,375984,449261,454457,500963,500911,343348,382780,240106,307019,69943,127654,4097967,3850158,525864,502995,808540,764700,310582,613,566
2021-09-29T23:59:59+02:00,42205,39658,290891,279704,395757,365248,408901,401769,471062,479677,520854,521284,353690,394611,246834,316406,72646,133252,32780,30547,262059,251394,370535,337304,386788,375407,448838,454001,500611,500567,343176,382599,240013,306856,69921,127596,4092057,3844695,525703,502845,808532,764632,309560,613,566
2021-09-28T23:59:59+02:00,41871,39344,290020,278872,394964,364535,408296,401203,470540,479170,520473,520925,353482,394391,246738,316251,72606,133150,32469,30276,261195,250606,369829,336664,386278,374877,448395,453546,500258,500221,342996,382396,239918,306711,69894,127540,4085775,3839178,525577,502697,808524,764578,308354,613,566
2021-09-27T23:59:59+02:00,41456,38961,289138,278034,394168,363819,407738,400614,470065,478645,520073,520595,353322,394194,246652,316131,72574,133057,32148,29917,260178,249680,368972,335862,385618,374205,447854,453005,499855,499860,342813,382163,239827,306577,69869,127476,4080108,3833012,525414,502545,808517,764471,306589,613,566
2021-09-26T23:59:59+02:00,41080,38655,288566,277501,393669,363373,407395,400264,469767,478357,519862,520406,353212,394095,246609,316061,72555,133016,31990,29783,259675,249220,368531,335464,385279,373837,447565,452711,499649,499673,342722,382072,239769,306504,69853,127439,4076412,3830064,525271,502395,808493,764355,305659,613,566
2021-09-25T23:59:59+02:00,41026,38594,288397,277334,393514,363251,407278,400174,469673,478273,519801,520363,353200,394075,246600,316052,72553,133013,31947,29728,259511,249067,368385,335338,385158,373737,447495,452610,499587,499639,342702,382049,239759,306491,69853,127437,4075655,3829351,525197,502335,808490,764324,305220,613,566
2021-09-24T23:59:59+02:00,40827,38380,287761,276678,392865,362682,406753,399690,469224,477866,519502,520121,353095,393990,246559,316000,72547,132988,31687,29471,258849,248382,367774,334798,384709,373296,447077,452252,499265,499393,342586,381943,239715,306437,69841,127413,4071884,3825636,525048,502233,808480,764254,303502,613,565
2021-09-23T23:59:59+02:00,40190,37713,286052,275013,391383,361322,405560,398475,468175,476897,518749,519436,352795,393712,246425,315783,72503,132872,31294,29056,257551,247297,366619,333812,383771,372466,446267,451520,498668,498882,342352,381700,239603,306285,69813,127334,4061978,3819562,524639,501961,808468,764154,299347,613,565
2021-09-22T23:59:59+02:00,39854,37395,285052,274028,390532,360469,404806,397702,467508,476292,518209,518995,352566,393444,246316,315584,72454,132785,31006,28792,256772,246547,365870,333125,383143,371870,445755,450999,498203,498533,342149,381491,239498,306147,69779,127271,4055108,3814462,524423,501791,808445,764038,297389,613,565
2021-09-21T23:59:59+02:00,39437,36912,283969,272945,389567,359559,404044,396944,466881,475701,517759,518563,352341,393180,246214,315405,72400,132675,30688,28515,255915,245693,365108,332408,382505,371266,445258,450514,497788,498133,341953,381285,239391,305982,69745,127185,4047496,3808839,524263,501592,808435,763959,295670,613,565
2021-09-20T23:59:59+02:00,39083,36634,282829,271869,388516,358620,403215,396135,466178,475084,517263,518109,352095,392953,246103,315222,72356,132578,30304,28144,254793,244709,364119,331566,381712,370496,444535,449936,497328,497690,341727,381069,239283,305795,69709,127109,4040440,3802353,524117,501417,808420,763755,293226,613,563
2021-09-19T23:59:59+02:00,38922,36499,282234,271457,387939,358131,402805,395736,465834,474770,516997,517876,352009,392828,246064,315143,72345,132540,30187,28024,254278,244271,363615,331141,381287,370159,444165,449591,497045,497468,341618,380940,239226,305709,69698,127078,4037096,3799518,523974,501234,808398,763456,292019,613,563
2021-09-18T23:59:59+02:00,38867,36428,282073,271297,387740,357969,402622,395593,465723,474656,516929,517817,351993,392815,246056,315134,72343,132536,30057,27895,253964,243925,363361,330889,381049,369968,444004,449457,496951,497379,341588,380914,239207,305689,69695,127070,4036145,3797641,523858,501153,808395,763443,291548,613,563
2021-09-17T23:59:59+02:00,38535,36062,281171,270465,386946,357209,401894,394936,465110,474130,516548,517454,351843,392670,245993,315064,72319,132504,29789,27628,253220,243244,362674,330292,380456,369465,443537,449046,496614,497091,341467,380779,239157,305610,69682,127048,4030798,3793862,523522,500750,808386,763412,289495,612,563
2021-09-16T23:59:59+02:00,37965,35465,279587,268898,385590,355753,400687,393616,464092,473148,515775,516757,351525,392341,245863,314876,72271,132412,29352,27207,252072,242228,361713,329356,379629,368603,442868,448351,496099,496643,341240,380557,239058,305482,69651,126986,4019895,3787242,522771,500349,808342,763265,286958,612,561
2021-09-15T23:59:59+02:00,37586,35154,278455,267798,384692,354773,399829,392754,463416,472461,515240,516241,351301,392052,245690,314693,72232,132292,29052,26918,251213,241416,360925,328558,378944,367930,442300,447834,495593,496204,341030,380320,238921,305334,69628,126913,4012332,3781588,522483,500116,808329,763192,284853,612,561
2021-09-14T23:59:59+02:00,37273,34847,277482,266835,383752,353913,399095,391986,462809,471809,514709,515787,351057,391810,245560,314522,72189,132223,28777,26679,250430,240623,360189,327889,378335,367331,441754,447323,495172,495820,340833,380105,238810,305187,69604,126858,4005503,3776459,522153,499893,808299,763043,283038,611,560
2021-09-13T23:59:59+02:00,36886,34453,276244,265567,382800,352868,398319,391108,462112,471088,514185,515283,350835,391559,245438,314368,72150,132150,28317,26258,249304,239569,359368,327104,377733,366675,441194,446799,494713,495440,340640,379880,238710,305041,69575,126804,3997293,3769526,521432,499608,808266,762946,281753,611,560
2021-09-12T23:59:59+02:00,36742,34324,275671,265125,382326,352421,397930,390681,461786,470787,513972,515067,350728,391447,245392,314293,72139,132115,28159,26139,248775,239156,358864,326660,377364,366320,440890,446509,494464,495217,340515,379749,238651,304954,69560,126759,3994099,3766497,521266,499416,808230,762820,280681,611,559
2021-09-11T23:59:59+02:00,36663,34275,275479,264915,382100,352232,397769,390525,461653,470664,513901,515006,350698,391417,245383,314277,72137,132112,28012,26040,248494,238973,358640,326502,377214,366179,440742,446391,494397,495162,340491,379722,238643,304941,69560,126755,3993063,3765415,521177,499283,808222,762799,280070,611,558
2021-09-10T23:59:59+02:00,36335,33939,274401,263922,381143,351332,396890,389717,460854,469981,513344,514559,350491,391218,245295,314165,72119,132082,27803,25840,247584,238267,357812,325765,376427,365553,440050,445869,493907,494781,340330,379567,238562,304837,69538,126725,3987728,3761952,521036,499066,808213,762777,276130,611,558
2021-09-09T23:59:59+02:00,35897,33489,273095,262763,380091,350152,395949,388682,460054,469106,512763,514047,350252,390935,245168,314010,72083,132022,27421,25449,246511,237304,356898,324896,375615,364744,439359,445261,493321,494339,340115,379338,238441,304695,69507,126673,3979528,3755853,520732,498667,808168,762626,273449,607,556
2021-09-08T23:59:59+02:00,35495,33089,272135,261773,379290,349303,395253,387900,459424,468503,512325,513585,350049,390692,245063,313834,72054,131964,27127,25160,245585,236446,356088,324159,374930,364022,438754,444699,492872,493885,339915,379092,238326,304532,69473,126585,3973059,3750163,520509,498347,808116,762491,271358,607,554
2021-09-07T23:59:59+02:00,35120,32752,271112,260844,378459,348522,394608,387226,458894,467981,511882,513190,349858,390482,244963,313669,72021,131893,26851,24949,244708,235662,355282,323474,374280,363463,438248,444192,492427,493496,339706,378874,238239,304394,69447,126530,3966959,3745161,520268,498006,808104,762312,269452,607,553
2021-09-06T23:59:59+02:00,34722,32343,269994,259740,377516,347574,393921,386450,458294,467346,511442,512756,349637,390235,244874,313548,71991,131823,26616,24738,243935,234904,354538,322818,373666,362874,437785,443687,492014,493112,339494,378667,238159,304259,69418,126475,3959740,3740337,520131,497765,808056,762183,267583,607,553
2021-09-05T23:59:59+02:00,34566,32194,269586,259329,377209,347227,393624,386133,458062,467109,511265,512576,349567,390142,244832,313486,71975,131796,26480,24583,243506,234510,354139,322431,373309,362562,437524,443438,491817,492905,339396,378549,238117,304195,69401,126443,3957148,3737704,520029,497490,808028,762045,266775,607,553
2021-09-04T23:59:59+02:00,34507,32156,269420,259198,377088,347100,393496,386028,457986,467024,511214,512531,349555,390124,244825,313474,71975,131795,26442,24530,243339,234366,353978,322267,373162,362446,437432,443336,491751,492856,339375,378529,238109,304183,69401,126442,3956440,3736919,519975,497352,808023,762022,266359,607,553
2021-09-03T23:59:59+02:00,34189,31840,268526,258392,376349,346439,392907,385437,457409,466540,510753,512193,349384,389945,244759,313368,71952,131761,26118,24189,242319,233507,353183,321549,372491,361792,436780,442747,491263,492441,339178,378330,238023,304077,69381,126415,3952071,3732624,519271,495813,807995,761949,264104,607,553
2021-09-02T23:59:59+02:00,33824,31502,267476,257510,375485,345599,392171,384687,456723,465912,510219,511763,349119,389694,244636,313190,71927,131682,25820,23925,241292,232707,352291,320771,371753,361084,436065,442122,490698,491984,338931,378065,237915,303926,69355,126337,3946111,3727440,518985,495329,807960,761624,261355,607,552
2021-09-01T23:59:59+02:00,33497,31136,266625,256668,374725,344928,391640,384140,456252,465432,509833,511418,348942,389502,244547,313073,71903,131622,25431,23523,240201,231645,351422,319915,371065,360389,435449,441514,490173,491499,338699,377799,237784,303772,69327,126282,3940667,3720627,518800,494784,807925,761409,259777,607,548
2021-08-31T23:59:59+02:00,33100,30794,265757,255759,373984,344208,391066,383556,455739,464947,509382,511051,348752,389310,244451,312925,71872,131579,25146,23228,239248,230754,350612,319166,370403,359753,434891,441004,489651,491098,338497,377585,237696,303623,69293,126227,3935121,3715309,518610,494397,807900,760992,257882,605,548
2021-08-30T23:59:59+02:00,32553,30307,264452,254577,372984,343293,390250,382740,454985,464234,508819,510550,348523,389092,244358,312771,71836,131510,24827,22911,238090,229768,349609,318269,369613,359010,434191,440420,489092,490581,338240,377342,237571,303443,69252,126150,3927624,3709256,518493,493954,807856,760738,255136,604,546
2021-08-29T23:59:59+02:00,32363,30116,263885,254066,372502,342876,389870,382401,454690,463945,508589,510328,348426,388983,244308,312707,71826,131486,24602,22696,237372,229132,348999,317726,369117,358539,433763,440044,488782,490321,338099,377188,237511,303369,69234,126125,3924527,3705377,518373,493555,807828,760479,253910,604,546
2021-08-28T23:59:59+02:00,32273,30019,263656,253887,372323,342723,389714,382278,454565,463825,508514,510276,348402,388960,244297,312695,71825,131483,24537,22592,237053,228873,348748,317530,368897,358373,433580,439879,488653,490229,338057,377146,237491,303343,69232,126121,3923485,3703798,518332,493438,807822,760453,253346,604,546
2021-08-27T23:59:59+02:00,32042,29769,263011,253322,371807,342202,389244,381825,454109,463427,508141,509991,348273,388826,244239,312609,71806,131463,24391,22441,236450,228374,348133,317026,368426,357943,433128,439525,488350,489981,337926,377028,237436,303279,69221,126114,3919676,3700581,518263,493224,807764,760394,251670,604,546
2021-08-26T23:59:59+02:00,31661,29382,262005,252342,370953,341387,388486,381080,453421,462749,507590,509510,348041,388566,244118,312492,71778,131402,24042,22077,234970,227011,346901,315838,367309,356949,432253,438718,487677,489405,337639,376707,237272,303110,69191,126069,3913481,3692222,518018,492578,807726,760035,248992,604,544
2021-08-25T23:59:59+02:00,31296,29048,261081,251481,370203,340610,387825,380385,452785,462160,507033,509051,347803,388310,243992,312329,71743,131335,23436,21503,232918,225146,345419,314431,366118,355752,431252,437756,486874,488678,337257,376315,237118,302875,69147,125980,3907753,3680223,517887,492170,807699,759887,246380,602,542
2021-08-24T23:59:59+02:00,30977,28780,260349,250699,369594,339977,387284,379810,452302,461647,506621,508678,347593,388084,243874,312165,71717,131263,23119,21187,231706,224080,344452,313506,365333,355003,430578,437107,486315,488131,336977,376000,236984,302715,69122,125916,3902800,3673031,517599,491721,807678,759581,244581,602,538
2021-08-23T23:59:59+02:00,30455,28252,258958,249382,368562,339063,386450,379017,451520,460961,505971,508110,347311,387801,243734,311977,71690,131204,22809,20888,230222,222761,343138,312435,364381,354150,429714,436346,485608,487562,336673,375666,236848,302524,69096,125856,3895349,3665608,517450,491240,807643,759296,241210,602,537
2021-08-22T23:59:59+02:00,30309,28137,258552,249011,368207,338732,386177,378751,451282,460716,505782,507960,347214,387707,243693,311920,71673,131178,22627,20706,229501,222080,342446,311774,363846,353643,429273,435940,485285,487293,336509,375482,236784,302420,69078,125820,3893119,3661207,517301,490775,807604,758996,240206,602,533
2021-08-21T23:59:59+02:00,30058,27932,258055,248549,367888,338411,385919,378493,451077,460538,505634,507821,347159,387651,243671,311882,71670,131169,22352,20452,228758,221427,341960,311375,363442,353231,428908,435634,485056,487096,336424,375414,236757,302377,69072,125808,3890567,3658227,517157,489569,807596,758940,239482,602,533
2021-08-20T23:59:59+02:00,29866,27733,257394,247886,367147,337780,385239,377964,450482,460043,505159,507498,347013,387491,243616,311785,71653,131134,21947,20112,226950,219806,340546,310176,362323,352274,427951,434834,484336,486544,336180,375165,236655,302257,69047,125778,3887081,3649960,516833,488408,807583,758573,236609,602,533
2021-08-19T23:59:59+02:00,29534,27419,256408,247032,366141,336991,384449,377271,449771,459404,504594,507013,346772,387227,243508,311638,71619,131061,21452,19619,224183,217367,338234,308335,360614,350796,426546,433562,483175,485586,335761,374739,236462,302010,69013,125709,3881546,3635569,516467,486641,807541,758100,233515,602,532
2021-08-18T23:59:59+02:00,29247,27158,255611,246325,365436,336370,383868,376702,449173,458905,504119,506597,346499,386987,243390,311490,71587,130995,21074,19246,221705,214842,336172,306571,358964,349142,425018,432229,482029,484547,335243,374187,236230,301714,68962,125615,3876425,3622279,516287,482702,807511,757718,231451,601,532
2021-08-17T23:59:59+02:00,28929,26882,254826,245605,364815,335684,383304,376144,448681,458420,503685,506176,346298,386777,243273,311359,71560,130943,20603,18811,218955,212085,334094,304740,357273,347676,423579,430952,480903,483555,334748,373644,235993,301421,68908,125539,3871367,3607189,515986,479920,807485,757288,229737,600,529
2021-08-16T23:59:59+02:00,28639,26619,254132,244952,364243,335127,382841,375681,448241,457980,503266,505812,346113,386570,243174,311195,71529,130903,20049,18327,215779,209007,331802,302619,355747,346222,422370,429812,479953,482710,334360,373197,235807,301150,68869,125449,3866951,3589744,515830,479213,807459,756938,227989,600,527
2021-08-15T23:59:59+02:00,28442,26456,253636,244505,363811,334736,382480,375343,447942,457722,503023,505616,345999,386451,243125,311115,71518,130882,19264,17598,211767,204943,329901,300997,354481,344996,421340,428872,479169,482048,334025,372863,235682,300973,68845,125399,3864090,3572086,515686,478298,807420,756611,226818,600,525
2021-08-14T23:59:59+02:00,28373,26397,253388,244307,363575,334559,382304,375193,447785,457592,502905,505509,345950,386419,243107,311092,71515,130877,18938,17300,210692,203838,329076,300233,353760,344317,420844,428411,478781,481726,333886,372734,235644,300916,68836,125382,3862912,3565384,515614,477927,807415,756534,226118,600,525
2021-08-13T23:59:59+02:00,28116,26154,252680,243718,363075,334130,381865,374759,447349,457226,502567,505250,345822,386267,243042,311015,71503,130848,18334,16743,208802,202048,327649,298914,352490,343124,419790,427470,478031,481083,333642,372444,235531,300773,68818,125328,3859077,3553419,515543,477324,807405,756342,224574,596,525
2021-08-12T23:59:59+02:00,27918,25929,251955,243080,362453,333538,381332,374272,446814,456780,502147,504893,345638,386066,242940,310908,71490,130800,17750,16245,206204,199773,324764,296368,350471,341318,418282,426215,476806,480015,333190,371908,235285,300496,68778,125245,3855112,3535959,515351,476147,807367,755314,222333,594,523
2021-08-11T23:59:59+02:00,27683,25682,251225,242388,361826,332956,380805,373790,446348,456350,501736,504463,345412,385824,242824,310773,71462,130745,16930,15557,203152,196784,321574,293421,348294,339249,416779,424804,475522,478724,332647,371264,235036,300089,68727,125116,3850252,3514059,515131,475076,807327,754375,220793,591,522
2021-08-10T23:59:59+02:00,27437,25424,250390,241651,361109,332403,380263,373239,445849,455872,501280,504061,345215,385627,242738,310634,71439,130701,16133,14772,198946,192642,316898,289190,345302,336464,414653,422854,473918,477260,331957,370591,234737,299679,68670,124997,3845158,3483858,514845,473961,807289,753223,219250,589,522
2021-08-09T23:59:59+02:00,27239,25223,249762,241075,360526,331917,379817,372858,445437,455524,500934,503776,345054,385479,242672,310522,71419,130665,15139,13828,194398,188039,311179,284434,342539,333963,412735,421077,472296,475793,331310,369898,234461,299308,68611,124862,3841430,3453427,514665,471183,807258,752129,217754,588,518
2021-08-08T23:59:59+02:00,27067,25064,249278,240661,360129,331563,379468,372565,445132,455263,500691,503584,344946,385371,242609,310443,71402,130632,14917,13633,193047,186666,309550,283093,341220,332797,411856,420318,471721,475272,331047,369627,234332,299140,68585,124811,3838837,3444274,514508,469814,807205,751641,216521,588,517
2021-08-07T23:59:59+02:00,26918,24888,248747,240211,359731,331223,379132,372282,444839,455026,500464,503409,344874,385276,242575,310393,71394,130621,13745,12589,189366,183072,307500,281238,339495,331270,410519,419048,470794,474476,330691,369253,234201,298951,68551,124774,3835973,3424610,514401,468478,807194,751427,215637,588,514
2021-08-06T23:59:59+02:00,26692,24653,247877,239542,358946,330611,378455,371705,444182,454499,499925,503018,344640,385072,242476,310277,71383,130599,12837,11762,185616,179513,304021,278421,337368,329429,408913,417702,469493,473509,330311,368865,234041,298796,68527,124727,3833387,3405244,513033,466748,807182,750326,212151,588,513
2021-08-05T23:59:59+02:00,26368,24329,246698,238601,358043,329736,377624,370971,443435,453812,499254,502473,344356,384770,242362,310102,71342,130536,11831,10829,181128,175560,298623,273998,333240,325852,406095,415209,467232,471721,329643,368160,233778,298423,68466,124616,3826989,3377240,512768,462030,807113,746608,209134,588,512
2021-08-04T23:59:59+02:00,25994,23986,245552,237610,357040,328822,376844,370257,442805,453211,498677,501940,344082,384501,242239,309929,71315,130465,11017,10117,177643,172250,294843,270863,328824,321937,403838,413110,465520,470164,328946,367460,233502,298071,68406,124514,3820467,3350022,512423,460259,807078,744857,206484,584,511
2021-08-03T23:59:59+02:00,25529,23564,244183,236425,356129,327986,376131,369562,442149,452550,498075,501404,343790,384201,242109,309752,71271,130397,10456,9616,174147,168794,290728,267208,323703,317316,401079,410547,463172,468059,328101,366590,233150,297597,68338,124375,3812514,3317831,512259,458376,807034,742780,204580,584,511
2021-08-02T23:59:59+02:00,25211,23257,243129,235462,355278,327225,375427,368961,441575,452001,497548,500955,343527,383925,241991,309595,71245,130338,9901,9075,170502,165193,286018,263229,317818,312354,398317,407983,460933,466061,327328,365753,232854,297197,68276,124257,3806142,3284292,512009,456392,806976,740246,202701,583,509
2021-08-01T23:59:59+02:00,25054,23067,242497,234853,354678,326709,374984,368565,441141,451678,497202,500676,343385,383758,241915,309479,71231,130312,9634,8866,168949,163734,283524,261224,313176,308636,396455,406402,459452,464810,326894,365267,232681,296979,68247,124198,3802441,3266338,511705,454243,806882,737796,201331,580,505
2021-07-31T23:59:59+02:00,24944,22962,242154,234532,354396,326481,374742,368394,440951,451524,497093,500575,343351,383718,241895,309466,71230,130306,8399,7769,165169,159880,280695,258670,311082,306632,395054,405119,458303,463819,326573,364889,232547,296805,68221,124152,3800817,3243364,511515,453303,806876,737001,200680,580,505
2021-07-30T23:59:59+02:00,24654,22702,241349,233811,353816,325949,374248,367923,440487,451120,496731,500283,343213,383577,241850,309386,71217,130290,7461,6899,161414,156108,277290,255548,308047,303806,392819,403001,456453,462231,326061,364355,232337,296513,68188,124094,3796707,3218226,511144,452097,806857,733800,199070,579,503
2021-07-29T23:59:59+02:00,24307,22361,239812,232536,352647,324869,373275,367008,439627,450324,495916,499658,342879,383263,241713,309201,71179,130223,6476,6026,156547,151611,271889,251350,302124,299011,388449,399499,453395,459816,325226,363505,232024,296102,68128,123994,3789102,3184198,510462,447220,806772,728685,195628,578,503
2021-07-28T23:59:59+02:00,24005,22073,238658,231495,351762,324025,372522,366313,438985,449653,495347,499166,342624,382963,241578,309014,71144,130151,5985,5583,152774,147950,267377,247675,297674,295045,385176,396633,451301,457957,324565,362743,231754,295716,68064,123868,3782328,3153366,509921,445291,806694,726036,193700,577,500
2021-07-27T23:59:59+02:00,23732,21846,237648,230519,350914,323282,371816,365719,438397,449036,494819,498707,342379,382658,241444,308818,71108,130052,5415,5056,147737,142812,261435,242530,292360,290267,381150,392924,448111,455137,323573,361637,231387,295209,67972,123709,3776013,3111675,509364,442957,806636,722286,192047,576,498
2021-07-26T23:59:59+02:00,23499,21606,236670,229533,350121,322575,371206,365162,437840,448544,494365,498335,342146,382417,241317,308659,71084,129994,4993,4698,143379,138405,255869,237730,287178,285778,376673,388954,444582,452106,322618,360671,231058,294729,67897,123571,3770306,3072154,508732,440697,806554,717924,190644,573,498
2021-07-25T23:59:59+02:00,23140,21305,235329,228376,349175,321803,370523,364496,437259,448002,493902,497928,341947,382203,241227,308529,71063,129930,4740,4465,141527,136642,253170,235502,284665,283673,374531,387168,442484,450305,322102,360154,230853,294499,67872,123494,3763212,3057070,508353,438507,806487,713552,189241,572,498
2021-07-24T23:59:59+02:00,22891,21108,234399,227513,348449,321150,369948,363974,436729,447563,493540,497650,341831,382104,241183,308468,71060,129919,4418,4180,138625,133836,250431,233176,282096,281450,372267,385308,441242,449317,321752,359816,230708,294321,67853,123460,3759181,3038685,507587,435488,806472,713209,187392,572,498
2021-07-23T23:59:59+02:00,22473,20721,232892,226165,347120,320203,368895,363106,435847,446774,492842,497117,341595,381831,241094,308355,71039,129883,3995,3789,133129,128983,245046,228856,277609,277652,368571,382097,438585,447111,321051,359091,230453,294008,67799,123379,3751685,3003055,507115,433711,806417,711068,183877,572,498
2021-07-22T23:59:59+02:00,21967,20245,230782,224180,345363,318655,367388,361813,434528,445624,491859,496214,341160,381379,240917,308106,70995,129802,3573,3445,128773,124914,239032,224335,271210,272573,361663,376586,433117,442590,319863,357828,230012,293479,67705,123225,3739210,2960878,505524,427717,806284,704738,181089,571,496
2021-07-21T23:59:59+02:00,21458,19721,228891,222355,343660,317119,365768,360237,432948,444234,490630,495043,340607,380854,240669,307822,70941,129707,3370,3248,125002,121332,233563,220086,265670,268037,353520,369640,428498,438841,318743,356679,229550,292913,67624,123045,3728173,2925286,501763,416811,806057,699950,177794,571,494
2021-07-20T23:59:59+02:00,21155,19441,227420,220873,342421,315944,364804,359358,432084,443442,489905,494394,340266,380479,240521,307601,70912,129617,3109,2958,120658,117084,227204,214902,259833,262850,346392,363524,423790,434519,317645,355421,229135,292323,67526,122863,3718823,2881423,501355,409576,805926,695551,175651,569,493
2021-07-19T23:59:59+02:00,20841,19145,225683,219176,341106,314687,363761,358379,431269,442663,489234,493775,339971,380114,240369,307368,70867,129520,2916,2750,117895,114475,222803,211306,255204,258892,342669,360342,421165,432331,316919,354692,228835,291930,67451,122739,3708217,2856303,500931,404185,805832,691219,174062,569,493
2021-07-18T23:59:59+02:00,20687,19012,224384,217899,339483,313247,362688,357450,430445,441938,488693,493231,339738,379828,240241,307191,70845,129458,2825,2657,116390,113081,220134,209116,252845,256783,340415,358486,419126,430635,316427,354202,228675,291711,67430,122671,3698734,2843970,500392,399901,805756,687510,172683,568,489
2021-07-17T23:59:59+02:00,20288,18589,223229,216839,338901,312705,362096,356936,429924,441488,488277,492943,339633,379711,240199,307135,70842,129447,2561,2400,114317,110978,217673,206809,250372,254583,337982,356342,417674,429370,316091,353810,228540,291543,67407,122631,3693153,2826426,500189,397172,805732,686721,171215,565,489
2021-07-16T23:59:59+02:00,19744,18075,220687,214693,337161,311399,360584,355643,428456,440280,487178,492082,339227,379342,240028,306976,70817,129411,2293,2159,111199,108168,212896,202872,245828,250939,333675,352635,414325,426643,315168,352879,228189,291125,67353,122550,3682944,2798683,499428,394807,805574,682903,164937,564,488
2021-07-15T23:59:59+02:00,19102,17447,217898,212268,335253,309692,358995,354206,427111,439091,486231,491227,338823,378915,239825,306720,70775,129306,2116,2018,107284,104935,204506,196612,238311,245320,327057,347386,407240,420180,313421,351061,227640,290453,67281,122351,3667872,2751974,498828,386348,805457,675465,161800,563,488
2021-07-14T23:59:59+02:00,18256,16721,215451,209941,333544,308157,357589,352858,425886,437890,485203,490266,338367,378453,239584,306408,70721,129219,1964,1873,103662,101587,198010,191423,232581,240637,322753,343899,403055,416546,312106,349747,227230,289892,67197,122197,3652922,2718241,498242,380797,805333,668646,159082,562,485
2021-07-13T23:59:59+02:00,17602,16063,213262,207914,331940,306778,356251,351625,424707,436795,484240,489404,337926,377979,239381,306161,70686,129126,1852,1765,99894,98039,191508,186000,225427,234562,316061,337828,394648,408670,310305,347818,226624,289098,67085,121996,3639054,2675333,497683,368099,805173,659155,156990,561,481
2021-07-12T23:59:59+02:00,16582,15128,209976,204725,329873,305039,354669,350152,423461,435586,483255,488500,337510,377506,239202,305932,70646,129048,1773,1694,96788,95314,186210,181684,218436,228873,309210,331783,389538,404387,308568,345944,226029,288365,66985,121825,3620539,2636937,497125,360945,804992,650724,155186,560,479
2021-07-11T23:59:59+02:00,16073,14651,208614,203446,329120,304316,354003,349522,422893,435078,482804,488155,337319,377302,239141,305826,70624,129008,1740,1668,95365,94023,183417,179369,215430,226572,306514,329622,386701,401994,306092,343314,225649,287894,66931,121727,3614255,2621900,496485,358948,804860,640209,153349,554,475
2021-07-10T23:59:59+02:00,15598,14191,206763,201655,327649,303046,352865,348543,422160,434479,482326,487757,337149,377137,239075,305740,70614,128988,1699,1621,94057,92746,180871,177246,212388,224085,303984,327455,385534,400957,305445,342644,225469,287705,66915,121700,3605647,2605062,495841,358716,804625,638453,150667,553,475
2021-07-09T23:59:59+02:00,15273,13910,204854,199812,326038,301585,351792,347576,421253,433762,481753,487279,336941,376913,238979,305619,70599,128954,1025,965,91262,90020,177333,174012,208037,219926,298957,322847,382085,397970,304348,341413,225163,287338,66877,121636,3596467,2576020,494972,356649,804430,630847,148062,551,475
2021-07-08T23:59:59+02:00,14804,13482,201358,196822,322718,298912,349411,345582,419540,432300,480318,486208,336502,376472,238801,305370,70554,128876,907,854,86955,86246,170078,168338,199887,213516,291573,316719,375125,391747,301617,338485,224383,286397,66760,121376,3581082,2529728,490920,347973,803909,620468,143134,550,474
2021-07-07T23:59:59+02:00,14303,13028,197611,192950,319538,296042,347095,343529,417981,430824,479112,485104,336024,375907,238609,305097,70515,128770,773,758,83269,82792,162763,162609,190821,206327,283574,310145,368073,384923,298302,334862,223471,285294,66618,121129,3559740,2481666,489552,334518,803521,610453,140193,547,471
2021-07-06T23:59:59+02:00,13843,12654,194175,189567,316273,293300,344617,341232,416260,429258,477841,483968,335522,375348,238412,304807,70462,128685,651,640,79697,79205,156073,157090,183399,200112,274623,302184,361575,378823,295100,331608,222585,284202,66510,120900,3539842,2429069,486475,327532,803104,600927,137762,544,471
2021-07-05T23:59:59+02:00,13445,12317,189774,185318,312207,289954,342100,338892,414581,427709,476695,482893,335049,374831,238232,304563,70429,128599,575,545,76626,76369,150943,152986,178625,195982,267699,295905,355458,373280,291821,328159,221696,283080,66400,120729,3516954,2389935,485310,323028,802608,590557,133661,541,468
2021-07-04T23:59:59+02:00,13267,12158,185926,181444,309562,287921,340784,337815,413696,426931,476112,482398,334825,374578,238145,304438,70403,128545,543,516,74437,74497,147833,150409,176286,193935,265247,293842,352342,371068,288510,324760,221115,282414,66344,120609,3504682,2376109,484014,320729,802044,579015,129148,541,467
2021-07-03T23:59:59+02:00,12071,11101,179493,175439,305286,284458,338447,335642,411876,425121,474895,481340,334424,374132,237971,304192,70379,128502,512,497,72654,72915,145399,148526,173843,191847,262177,291112,350057,369211,286756,322774,220846,282052,66312,120560,3478283,2360349,482605,320528,801861,574522,122943,541,467
2021-07-02T23:59:59+02:00,10971,10009,175778,171972,302866,282255,336696,333935,410625,423932,474120,480649,334165,373817,237857,304010,70351,128454,473,446,69955,70228,141468,145233,169398,187797,256116,285658,344827,364500,283499,319041,220205,281279,66263,120475,3460163,2327084,481124,317738,801680,561927,120412,539,452
2021-07-01T23:59:59+02:00,9874,9080,172101,168522,298818,278957,334198,331659,408827,422348,473023,479688,333745,373353,237656,303740,70305,128374,401,373,65061,65504,135134,139887,162104,181282,245848,276789,334017,354696,278710,313760,218350,279021,66084,120162,3437569,2270662,479026,305366,801333,544181,117252,539,447
2021-06-30T23:59:59+02:00,9384,8686,168826,165434,293188,274325,330520,328318,407056,420806,472000,478716,333322,372869,237464,303439,70271,128285,319,312,61927,62651,129486,135205,155452,175278,235784,267629,320601,341406,273493,308205,216459,276695,65916,119839,3412431,2215560,476852,292542,801039,525328,113487,538,445
2021-06-29T23:59:59+02:00,8847,8164,165019,161647,288642,270051,326952,325019,404947,418721,470450,477302,332733,372231,237210,303084,70216,128176,261,241,59133,59648,124531,130787,149422,169742,223925,256917,312035,333029,267028,301009,214485,274233,65713,119493,3384865,2156231,474852,287872,800713,507911,109866,536,442
2021-06-28T23:59:59+02:00,8443,7785,161686,158183,283598,265727,323644,322172,402803,416794,468963,475989,332214,371619,236977,302775,70172,128083,201,191,56854,57293,120619,127269,145069,165656,214698,248494,306239,327614,262079,295711,212721,271998,65566,119227,3360906,2120458,470881,279244,800054,491378,106656,536,440
2021-06-27T23:59:59+02:00,8295,7662,160177,156653,281492,263916,321841,320633,401101,415434,468067,475272,331924,371328,236874,302612,70153,128034,175,171,55651,56180,118491,125558,142498,163522,210582,245103,302866,324751,258266,291699,210262,269084,65455,119032,3350874,2104964,468805,275741,799008,475225,103649,535,438
2021-06-26T23:59:59+02:00,7141,6562,156906,153315,279387,262033,319426,318390,399910,414278,467368,474574,331655,371048,236767,302454,70129,128004,164,159,55103,55588,117145,124400,141070,162282,208337,243094,300333,322333,256726,290036,209928,268674,65428,118962,3331729,2088120,465981,275650,799002,472725,103514,513,419
2021-06-25T23:59:59+02:00,5919,5446,152596,149027,275988,259077,317373,316429,398600,413031,466365,473748,331366,370712,236640,302298,70102,127955,135,138,53813,53962,114658,121697,136980,157710,199567,234639,294638,316456,254999,287914,209335,267871,65357,118845,3306758,2045577,464550,273951,798950,466134,103287,513,418
2021-06-24T23:59:59+02:00,5055,4658,148142,144894,271152,255123,313096,312643,396404,411155,464989,472611,330939,370250,236472,302060,70068,127868,116,108,51160,51364,109522,116971,129638,151057,187510,224178,283216,306214,249614,282067,207499,265523,65154,118444,3275521,1983443,462540,262159,798783,452370,101595,512,417
2021-06-23T23:59:59+02:00,4833,4452,144974,141773,267446,251965,307851,307836,393909,408807,463581,471294,330410,369631,236241,301748,70020,127761,84,78,49216,49275,105720,113055,123960,145372,177602,215504,271229,294212,244999,277248,206164,263823,64993,118085,3247932,1927045,459015,252287,798622,441670,99816,510,416
2021-06-22T23:59:59+02:00,4582,4222,141894,138643,263725,248582,301719,302401,391274,406247,462037,469808,329860,369022,236020,301396,69973,127654,54,57,47523,47528,102105,109743,119154,140789,164996,204352,260308,283904,240930,272770,204243,261411,64741,117613,3215848,1868605,457078,244557,798429,430711,98541,508,406
2021-06-21T23:59:59+02:00,4323,3976,138628,135697,259015,244672,296470,297531,388224,403372,460564,468452,329342,368459,235799,301083,69933,127542,46,49,46288,46299,99717,107519,116416,138080,158771,198571,253417,277263,235572,266930,200303,256883,64556,117236,3184073,1837567,455030,239040,798222,410914,96580,505,405
2021-06-20T23:59:59+02:00,4179,3857,137119,134186,254759,241173,293887,295290,386832,402055,459773,467705,329116,368170,235687,300951,69913,127480,40,46,45158,45371,97453,105720,114135,136090,155735,196027,249100,273183,232566,263396,199314,255628,64475,117110,3166567,1817154,453265,235486,798062,403037,95052,503,398
2021-06-19T23:59:59+02:00,3763,3506,134967,132088,252007,238848,292102,293635,384987,400487,458933,466977,328894,367917,235584,300813,69893,127448,39,44,44613,44723,96178,104452,112658,134622,154224,194586,245873,270154,231840,262545,199143,255365,64453,117057,3150219,1801152,450440,233903,798053,402749,94941,503,397
2021-06-18T23:59:59+02:00,2811,2593,131683,128947,248482,235793,288089,290222,382586,398359,457594,465818,328518,367516,235429,300578,69866,127399,39,43,43827,43807,94600,102668,110355,131951,150673,190546,239007,262861,230111,260537,198657,254725,64378,116923,3124396,1771808,446002,233373,798027,396033,94658,503,396
2021-06-17T23:59:59+02:00,2577,2370,127971,125655,242448,231346,282859,285833,377793,394369,455267,463980,327922,366793,235184,300223,69801,127286,38,43,41586,41979,90546,99189,105445,127196,142806,182868,227600,251459,224902,254594,197005,252565,64119,116503,3089548,1716062,443012,229223,797764,385119,90195,448,389
2021-06-16T23:59:59+02:00,2306,2134,124733,122248,237546,226992,278159,281572,372621,389870,452671,461836,327179,365995,234894,299809,69735,127171,38,41,39749,40377,87005,96154,101086,123362,134561,175516,215489,239534,218662,247476,195078,250237,63867,116015,3055975,1656192,437471,223614,797271,377004,87585,446,387
2021-06-15T23:59:59+02:00,1917,1802,119816,117377,231562,221844,272806,276584,367552,385237,449822,459416,326310,365018,234543,299297,69653,126987,37,39,38132,38763,83675,93106,97113,119304,127498,169134,203126,227495,212625,240678,193114,247805,63557,115442,3011230,1598837,435541,217759,796711,369318,84873,445,384
2021-06-14T23:59:59+02:00,1654,1527,115763,113214,226330,216935,267443,271609,362258,380480,446702,456821,325524,364158,234234,298909,69591,126866,33,38,37153,37873,81396,91005,94401,116780,123376,165382,196520,220987,209511,237170,191980,246331,63338,115048,2969051,1569203,433185,215480,796455,361652,82125,443,380
2021-06-13T23:59:59+02:00,1581,1442,114270,111837,223878,214828,264899,269348,360003,378519,445531,455795,325248,363854,234098,298737,69559,126792,30,38,36285,37136,79534,89328,92386,114956,120549,162769,192641,217274,206416,233725,190945,244960,63106,114635,2954053,1555174,430745,208198,796151,353412,80061,443,379
2021-06-12T23:59:59+02:00,1432,1304,111616,109087,221981,213097,263513,268066,358563,377119,444637,455028,324960,363545,234006,298634,69541,126764,30,38,35915,36730,78544,88233,91131,113655,118967,161205,189074,213968,205381,232596,189546,243303,63096,114603,2937860,1541991,429765,208189,796129,346032,79926,442,378
2021-06-11T23:59:59+02:00,1285,1168,109063,106571,219084,210473,259844,264873,355427,374384,442922,453557,324524,363093,233869,298426,69514,126709,30,37,35239,35614,76534,84851,88897,110117,114853,156061,182361,206504,203283,230222,188941,242532,63033,114504,2913426,1514437,426964,207492,795947,332575,79227,441,377
2021-06-10T23:59:59+02:00,1123,1011,104311,102156,213009,205705,252782,259044,349330,369086,438425,449782,323663,362122,233549,297980,69430,126556,28,36,33657,34124,72528,80673,83972,104602,108170,147829,169994,192846,197195,223321,187212,240388,62779,114100,2869757,1467192,419859,205746,795112,305537,75088,437,371
2021-06-09T23:59:59+02:00,974,882,100388,98441,207034,200974,245968,253328,342666,363132,434740,446759,322982,361376,233276,297597,69365,126424,27,35,32119,32864,69285,78018,80275,101430,103440,143541,158834,182066,186555,211302,185346,238142,62507,113605,2830708,1413053,411324,201762,794598,294250,70425,419,368
2021-06-08T23:59:59+02:00,792,701,95854,93894,200392,195409,239010,247312,334402,355850,429631,442086,322146,360373,232901,297110,69285,126288,26,33,31045,32006,66692,75717,76991,98700,98849,139622,151209,174553,177825,201570,183537,235887,62275,113237,2778698,1373757,405550,196842,794012,283368,65903,419,360
2021-06-07T23:59:59+02:00,633,560,92630,90788,194318,190698,232448,242064,326569,349675,426582,439637,321598,359736,232684,296783,69231,126192,25,31,30172,31157,64223,73756,74035,96537,95081,136682,143113,166744,173768,196932,182104,234075,62051,112852,2739648,1346581,399374,193537,793443,272237,61070,419,360
2021-06-06T23:59:59+02:00,595,525,91049,89471,191020,188137,229091,239286,322284,346269,425145,438557,321324,359438,232576,296625,69208,126145,25,31,29569,30600,62447,72069,71954,94517,91882,133611,137411,160935,171228,194291,180992,232674,61823,112472,2724199,1334694,391971,183825,792956,261780,58317,418,354
2021-06-05T23:59:59+02:00,513,445,89103,87453,186140,183917,226622,237153,320467,344647,424149,437644,321037,359120,232427,296458,69194,126113,25,30,29109,29839,61242,70110,70552,92363,90197,131333,132640,155587,168219,190616,180506,232015,61789,112406,2700685,1311025,391840,183358,792845,256344,57924,417,353
2021-06-04T23:59:59+02:00,413,360,86745,84921,182469,180298,222608,233203,316871,341005,421787,435448,320580,358585,232232,296229,69155,126051,25,28,28639,29162,60118,68450,69260,90271,88406,128705,129260,151923,163976,185835,179513,230748,61741,112319,2671418,1292130,388014,182583,792726,246259,57478,416,351
2021-06-03T23:59:59+02:00,321,285,83454,81843,176728,175626,215333,227093,309150,334300,414025,428582,319543,357402,231861,295777,69099,125918,23,28,27746,28148,58219,66249,66861,87512,84756,124580,122479,145239,157624,178211,177938,228714,61627,112082,2622422,1262852,377758,177234,792304,233503,54511,414,343
2021-06-02T23:59:59+02:00,271,226,81368,79670,172625,171889,211678,223927,305559,330938,411974,426747,319132,356945,231707,295570,69071,125867,22,26,27275,27665,57084,65121,65250,86228,82688,122626,117495,140348,149731,169226,177215,227757,61542,111912,2593582,1230560,376370,175260,792279,229878,53578,411,334
2021-06-01T23:59:59+02:00,172,158,77098,75841,164340,165312,202306,216187,296455,323045,403761,418906,317622,355331,231166,294830,68959,125640,22,23,25722,26249,52765,62162,60399,82930,77255,118113,110053,133121,138608,155784,175105,225014,61334,111486,2534834,1180289,364713,171146,791522,218085,46682,405,324
2021-05-31T23:59:59+02:00,150,141,74352,73352,158677,160985,194993,210207,289066,316655,398017,413934,316625,354216,230779,294309,68869,125469,22,22,24811,25188,50135,59938,57225,80393,73638,114824,105545,128665,134438,150856,173730,223288,61165,111153,2494364,1157798,355311,168777,790882,207669,40840,404,321
2021-05-30T23:59:59+02:00,139,133,73298,72283,156191,158949,192365,207851,286279,314141,396130,412189,316261,353805,230618,294069,68831,125388,22,22,24205,24400,48538,58200,55482,78532,71397,112253,102890,125797,132282,148324,172937,222352,61072,110942,2478530,1147989,352787,167465,790250,196290,37948,403,315
2021-05-29T23:59:59+02:00,136,131,72690,71690,154676,157547,190063,205821,284441,312553,395293,411419,316038,353560,230537,293990,68820,125369,21,22,23880,23872,47617,56701,54136,76651,69470,109407,100566,122996,129469,144895,172283,221444,61045,110890,2464635,1134341,352626,167398,790185,185747,37923,401,314
2021-05-28T23:59:59+02:00,132,128,71603,70575,152274,155288,186394,202277,281164,309421,393432,409650,315629,353054,230390,293776,68801,125312,21,21,23345,22868,46009,54572,52303,74085,67423,105455,96232,117103,125075,139831,171304,220132,60998,110776,2440792,1111642,351573,167184,789977,171226,37545,399,307
2021-05-27T23:59:59+02:00,121,119,68285,67557,145781,150340,178200,196016,274758,304254,387122,403961,314360,351605,229929,293245,68729,125129,19,20,22020,21184,42753,51518,48419,70268,62858,99437,89870,109583,121138,135202,168495,216425,60825,110461,2396159,1083144,343942,164444,788165,151128,31815,397,301
2021-05-26T23:59:59+02:00,117,116,66130,65372,140829,146251,172092,190950,268003,298581,380377,397266,312836,349990,229434,292545,68625,124916,19,19,21276,20264,40923,49378,46062,67532,59817,95641,85277,104457,116147,129472,164680,211074,60615,110033,2358821,1051125,330731,162861,786340,139645,29089,395,297
2021-05-25T23:59:59+02:00,116,109,64099,63376,136624,142763,167041,186650,260937,292291,374948,391871,311547,348573,229020,291896,68542,124737,19,19,20698,19599,39524,47857,44226,65512,57341,92634,81191,100070,111188,123759,159115,203794,60445,109725,2321212,1019453,323220,159436,783796,130408,27455,391,291
2021-05-24T23:59:59+02:00,114,107,62855,62164,133862,140654,163763,184232,253986,286293,370001,387188,310717,347654,228733,291509,68471,124606,19,19,20355,19189,38503,46781,42883,64026,55656,90623,78954,97554,109757,122102,158505,203002,60333,109522,2297456,1010071,312095,158130,781985,123716,25906,390,286
2021-05-23T23:59:59+02:00,109,106,62358,61646,132760,139757,162565,183195,252744,285270,368412,385760,310095,346995,228560,291281,68451,124570,19,16,20121,19001,37951,46221,42127,63325,54487,89626,77458,96187,108575,120699,157524,201779,60262,109380,2285941,1001864,311506,155047,781941,122115,25775,390,283
2021-05-22T23:59:59+02:00,106,104,61662,61021,131262,138672,160192,181571,249773,282975,365934,383529,309565,346399,228383,291014,68425,124519,18,16,19802,18576,37336,45615,41492,62795,53835,88897,76688,95037,107024,118890,156750,200808,60235,109326,2267928,995150,311490,155043,781902,118678,24308,390,283
2021-05-21T23:59:59+02:00,102,101,60324,59579,128349,136074,156895,178246,244532,278207,359835,377843,308628,345304,228088,290616,68364,124411,18,15,19439,18208,36721,44845,40836,61742,52879,87501,74960,92738,103779,114937,155610,199357,60142,109150,2231814,982104,309845,154715,780325,112079,24022,386,279
2021-05-20T23:59:59+02:00,93,99,57273,56787,122607,131193,149957,171924,234213,269445,350797,369556,306087,342558,227319,289603,68232,124191,17,15,18142,17272,34546,42600,38378,58840,50051,83720,71033,88232,99647,110280,153136,196332,59960,108795,2173756,962738,303173,152759,774367,94407,21125,381,278
2021-05-19T23:59:59+02:00,91,97,55062,54594,117594,126512,142787,165302,223665,260082,340244,358645,303437,339690,226569,288549,68081,123914,17,15,17560,16484,33320,41016,36972,56780,48036,80939,67789,84652,95760,105807,149497,191587,59698,108303,2107778,939291,296916,150778,771384,84897,19301,379,265
2021-05-18T23:59:59+02:00,87,92,52962,52630,112804,122251,136403,159728,212091,249711,330358,348840,300764,336720,225689,287350,67931,123659,17,15,17041,15877,32101,39551,35613,54984,46218,78526,64900,81423,91745,101266,146297,187510,59487,107869,2047871,918996,287539,147913,767790,76237,17322,375,264
2021-05-17T23:59:59+02:00,84,88,51927,51634,110463,120190,133587,157074,205561,243693,322785,341744,298969,334747,225100,286526,67823,123446,17,15,16582,15427,31051,38506,34437,53688,44737,76724,62633,79022,86899,95394,144832,185621,59339,107555,2021035,907269,275224,140437,764362,69537,15261,373,258
2021-05-16T23:59:59+02:00,83,85,51139,50979,109014,118868,131842,155409,202588,241007,315351,334785,297947,333616,224790,286041,67770,123348,17,15,16298,15055,30299,37722,33564,52769,43675,75409,61300,77550,83483,91314,144039,184540,59251,107413,2005679,901162,264791,133665,761116,65396,13509,369,255
2021-05-15T23:59:59+02:00,82,85,50600,50346,108010,117877,130826,154292,200651,239070,311780,331572,297324,332931,224594,285770,67750,123284,17,15,16158,14891,30045,37414,33279,52337,43190,74761,60450,76562,82886,90498,143522,183872,59215,107366,1989456,895915,264770,133518,760248,64267,12799,367,253
2021-05-14T23:59:59+02:00,81,84,49338,48919,105756,115781,127232,150839,192437,231999,305467,325683,296342,331793,224308,285322,67702,123190,17,15,15659,14461,29257,36591,32507,51144,42113,72974,58879,74610,80975,88005,142910,182881,59174,107281,1952164,886238,263067,132641,755704,58839,11753,364,251
2021-05-13T23:59:59+02:00,77,83,47419,46967,101914,112548,122515,146725,182411,223411,294854,315858,293377,328371,223497,284184,67602,122983,15,14,14798,14014,28400,35892,31747,50242,41169,71880,57372,73041,77194,83651,140140,179270,59064,107064,1900541,873673,254440,125586,749473,54988,10741,360,245
2021-05-12T23:59:59+02:00,75,81,46507,46254,99997,111116,120445,145058,179854,221300,290121,310528,292213,327101,223257,283866,67564,122898,15,13,14632,13863,28079,35673,31340,49953,40721,71505,56831,72472,75844,82018,139359,178134,58978,106904,1877430,867908,252276,123788,748982,54718,9942,357,243
2021-05-11T23:59:59+02:00,71,75,44261,44778,95955,108032,114628,140326,166480,210025,278466,299763,288812,323187,222303,282467,67414,122599,15,12,14201,13296,27065,34245,30205,48144,39413,69231,55123,70204,72750,78431,137996,176298,58819,106545,1818544,855596,242546,121097,740467,46855,8461,353,242
2021-05-10T23:59:59+02:00,70,71,43006,43800,93352,106024,111373,137691,158094,202996,270588,292654,286636,320733,221732,281607,67290,122358,15,11,13855,12852,26305,33260,29410,46882,38416,67374,53894,68476,70661,75876,136850,174783,58700,106256,1782956,846714,236503,120041,733491,39654,7490,350,233
2021-05-09T23:59:59+02:00,69,71,41883,43027,90671,104267,108706,135920,153078,199574,265063,287706,285392,319343,221355,281078,67224,122212,15,11,13538,12632,25609,32593,28681,46078,37621,66412,52966,67534,69430,74473,136253,173944,58645,106125,1763600,842134,229403,119063,727491,34875,6507,345,231
2021-05-08T23:59:59+02:00,68,71,41591,42723,89824,103534,107605,135063,151625,198355,262501,285640,284891,318803,221236,280901,67208,122180,15,11,13437,12570,25479,32502,28535,45949,37431,66218,52625,67214,68465,73550,135182,172575,58598,106032,1751532,837512,228893,118315,727265,34097,6492,338,220
2021-05-07T23:59:59+02:00,66,70,40668,42006,87886,102193,104770,132844,147003,194546,256244,280125,283549,317203,220890,280448,67156,122058,15,11,12691,12089,24651,31765,27768,44888,36566,64954,51442,65701,66215,70860,132952,169749,58509,105855,1725716,827813,225682,116042,723142,27309,5544,332,216
2021-05-06T23:59:59+02:00,62,69,38027,40282,83135,98733,98772,128089,136814,186031,239805,265714,278430,311406,219601,278761,66982,121745,15,11,12005,11571,23713,30661,26768,43537,35210,62955,49706,63723,63724,67728,130840,166983,58395,105638,1660152,816701,215778,112931,712233,18939,4638,319,215
2021-05-05T23:59:59+02:00,60,66,36139,39083,79474,96145,94170,124444,128988,179497,225049,251668,272244,304269,218027,276769,66736,121222,15,10,11771,11295,23166,29936,26164,42618,34286,61554,48551,62306,61108,64611,127893,163278,58296,105386,1593931,804379,210696,109359,706191,14967,3568,318,211
2021-05-04T23:59:59+02:00,60,64,35033,37974,76747,93820,90660,121399,123414,174764,214418,241393,266759,297823,216584,274927,66527,120755,15,10,11608,11091,22757,29394,25702,41846,33563,60462,47440,61031,58384,61425,125527,160340,58147,105150,1544860,792470,205572,106720,700107,11819,2915,314,207
2021-05-03T23:59:59+02:00,59,63,34161,36924,74455,91997,87785,119047,118975,171118,207759,235391,263481,293958,215787,273838,66405,120460,15,10,11361,10820,22363,28814,25221,41146,32874,59496,46414,59889,55584,58077,121750,155442,57890,104711,1513097,776583,202459,105004,695168,9062,1265,310,200
2021-05-02T23:59:59+02:00,59,63,33806,36608,73279,91090,86311,117951,116546,169249,204662,232873,262518,292870,215502,273430,66338,120352,15,9,11289,10747,22172,28599,24989,40861,32532,59086,45959,59414,54393,56614,118677,151758,57806,104579,1502479,771542,199662,99437,691291,8160,401,303,193
2021-05-01T23:59:59+02:00,58,63,33487,36229,72516,90295,85237,116908,115073,167884,201575,229843,261826,292045,215292,273150,66327,120313,15,9,11275,10731,22119,28569,24926,40823,32470,59029,45877,59337,54151,56322,118519,151562,57797,104562,1487369,770232,199653,99397,691024,8112,394,302,192
2021-04-30T23:59:59+02:00,55,61,32944,35628,71309,89072,83773,115177,111289,164314,194179,222728,259836,289677,214843,272541,66267,120205,15,9,10953,10535,21758,28291,24649,40399,32142,58468,45414,58704,53254,55158,117567,150377,57742,104443,1454469,766553,199326,97406,690223,5773,192,300,188
2021-04-29T23:59:59+02:00,53,60,31443,34674,68382,87042,80137,112567,106174,160197,181358,211180,251901,280570,213646,270909,66133,119862,15,9,10644,10320,21281,27843,24219,39902,31554,57727,44610,57773,51419,52961,115717,148140,57641,104247,1399532,757711,192041,94735,684851,3452,170,290,185
2021-04-28T23:59:59+02:00,52,59,30208,34064,66512,85728,77656,110745,102749,157338,171668,201997,241046,267972,212368,269224,65937,119536,15,9,10457,10159,20979,27487,23853,39433,31126,57066,43883,56944,49287,50335,113133,144898,57516,104035,1346860,748123,188678,90175,679482,2230,139,288,175
2021-04-27T23:59:59+02:00,49,58,29450,33378,64933,84258,75639,108934,99983,154939,166936,197266,232537,258163,211222,267609,65817,119313,15,9,10332,10047,20697,27195,23616,39103,30765,56563,43193,56255,47276,47793,110492,141460,57397,103835,1312785,738294,186369,86164,671488,1509,137,283,165
2021-04-26T23:59:59+02:00,48,58,29020,32993,63832,83372,74138,107769,97692,153226,158323,189263,228344,253318,210516,266612,65724,119113,15,9,10238,9957,20479,27004,23379,38889,30466,56221,42574,55682,45469,45644,108594,138978,57301,103681,1283839,730322,184926,83062,664758,1129,131,277,161
2021-04-25T23:59:59+02:00,48,57,28768,32753,63054,82844,73075,107032,95960,151996,152933,184392,224010,248433,209926,265831,65658,118990,15,9,10182,9923,20400,26923,23291,38806,30357,56094,42414,55522,45058,45147,107913,138071,57273,103610,1271053,728649,178787,81298,656081,997,128,275,161
2021-04-24T23:59:59+02:00,48,56,28424,32325,62112,81619,71889,105583,94409,150332,148024,179238,221224,245099,209456,265157,65624,118940,15,9,10168,9904,20359,26881,23238,38739,30276,56008,42263,55386,44814,44837,107660,137774,57252,103582,1246162,727551,178757,80597,654793,955,127,274,159
2021-04-23T23:59:59+02:00,46,56,27675,31703,60545,80102,70094,103561,91819,147686,143234,174840,216668,239546,208801,264169,65561,118825,15,9,10115,9841,20249,26794,23107,38589,30042,55799,41900,55055,44199,44077,106597,136486,57096,103307,1221248,724197,177572,78117,646257,903,126,270,156
2021-04-22T23:59:59+02:00,44,55,27057,31102,59009,78666,67626,101344,87690,144195,135192,167349,207642,228551,206763,261540,65362,118429,14,9,9990,9745,19998,26496,22752,38152,29530,55287,41149,54420,43042,42762,104602,134034,56867,102909,1179718,716708,170118,74212,637921,782,126,264,152
2021-04-21T23:59:59+02:00,44,51,26561,30581,57677,77560,65742,99711,84644,141555,128008,160531,194561,213217,204613,258654,65136,118003,14,9,9858,9658,19765,26245,22463,37827,29174,54834,40595,53884,42193,41744,102407,131240,56612,102495,1128209,710139,167229,70118,631548,710,126,260,145
2021-04-20T23:59:59+02:00,43,50,26135,30110,56511,76413,64064,98125,82090,138983,122919,155458,183090,199761,202185,255519,64900,117573,13,9,9753,9568,19544,26057,22170,37555,28763,54415,40056,53352,41375,40808,100183,128245,56273,101959,1085557,702561,163741,66867,624766,630,124,258,137
2021-04-19T23:59:59+02:00,43,49,25768,29751,55536,75594,62776,96946,79957,137058,119391,152069,177327,192921,200475,253285,64717,117243,13,9,9645,9475,19313,25835,21923,37280,28448,54022,39542,52821,40579,39901,97072,124255,55868,101244,1060982,692166,161908,64447,618158,592,123,248,137
2021-04-18T23:59:59+02:00,42,44,25459,29488,54767,75048,61651,95999,78096,135628,116024,149673,172214,187362,199461,252056,64605,117050,13,9,9571,9400,19123,25658,21745,37115,28233,53746,39283,52571,40250,39518,95859,122706,55685,100943,1046971,688295,160240,62516,607592,577,123,245,136
2021-04-17T23:59:59+02:00,41,43,25350,29395,54397,74849,61134,95645,77444,135027,115173,148932,167959,182481,198928,251330,64571,116987,13,9,9526,9341,18984,25469,21557,36886,28005,53470,39018,52303,39949,39194,95092,121781,55620,100859,1036086,684269,160211,62202,603525,565,123,244,136
2021-04-16T23:59:59+02:00,41,43,24975,29145,53405,74239,59845,94766,75814,133696,111020,144789,160313,173716,197270,249129,64463,116779,13,9,9320,9166,18592,25036,20970,36311,26894,52565,36991,50698,36620,36237,91894,118251,55218,100204,1010164,669137,159419,55277,594000,536,122,242,134
2021-04-15T23:59:59+02:00,38,39,24499,28696,52150,73071,57881,93040,72536,130855,105558,139512,152452,164743,192618,243261,64167,116162,13,9,9146,9002,18221,24613,20477,35648,26216,51766,35601,49466,34508,34185,88770,114508,54710,99347,977970,655999,157364,49685,576074,486,121,240,130
2021-04-14T23:59:59+02:00,36,36,24159,28369,51215,72133,56538,91652,70149,128692,101556,135742,143258,154361,184877,233383,63826,115496,13,9,8738,8730,17743,24106,19941,35000,25305,50889,34314,48347,32459,32029,85791,110851,54217,98485,940085,641073,154694,45465,560830,393,120,234,130
2021-04-13T23:59:59+02:00,36,36,23919,28151,50516,71599,55591,90820,68514,127277,97831,132300,131428,141244,178485,225059,63488,114906,13,9,8501,8555,17397,23695,19514,34462,24639,50096,33244,47328,31075,30664,83628,108450,53857,97940,906825,631688,150176,41072,544330,271,120,230,129
2021-04-12T23:59:59+02:00,36,35,23710,27961,49961,71085,54723,90085,67043,125987,95201,129978,124317,133214,175259,221112,63217,114415,13,9,8264,8365,17031,23396,19141,34024,24167,49561,32577,46700,29544,29124,81964,106512,53531,97419,890405,623234,148632,37816,528438,257,118,223,126
2021-04-11T23:59:59+02:00,35,35,23536,27798,49432,70664,53989,89629,65898,125180,93342,128498,118830,127192,171345,216509,63047,114118,13,9,8128,8231,16733,23117,18822,33710,23809,49179,32132,46315,28906,28456,80947,105265,53322,97100,882918,617934,144230,35990,512073,243,112,217,122
2021-04-10T23:59:59+02:00,35,35,23475,27741,49265,70527,53787,89469,65567,124910,92816,128060,116746,124661,169905,214658,63005,114019,13,9,7539,7625,15841,22329,17862,32869,22690,48147,31019,45320,28244,27745,78850,102658,53055,96664,875914,602600,143374,35611,509542,239,105,216,122
2021-04-09T23:59:59+02:00,34,35,23226,27491,48761,70036,53142,88779,64569,123784,90990,126153,107911,113713,166525,210250,62805,113661,12,9,6579,6723,14309,21006,16142,31312,20546,46178,28807,43311,26465,25920,75342,98473,52510,95824,856466,575120,136318,34096,499238,227,93,210,119
2021-04-08T23:59:59+02:00,34,35,22929,27245,48181,69545,52385,88081,63261,122698,88570,123986,97593,101709,160979,203400,62475,113091,12,9,5935,6134,13115,19986,14882,29975,18907,44463,26318,40977,23442,22949,70677,92676,51355,94055,837760,543487,127422,32160,481178,200,84,208,116
2021-04-07T23:59:59+02:00,32,34,22617,27017,47372,69084,51452,87465,61868,121711,85420,121538,88395,91412,153973,194612,62181,112534,12,9,5555,5811,12454,19308,14066,29148,17868,43413,24412,39085,20901,20423,66711,87900,50357,92437,817330,519999,121820,29682,459736,174,77,199,111
2021-04-06T23:59:59+02:00,31,34,22405,26857,46842,68700,50861,86941,60835,120934,83310,119796,80631,82596,147605,186650,61836,111908,12,9,5359,5652,12101,18947,13713,28716,17332,42850,23553,38274,19773,19393,63549,83797,49434,91049,798042,506612,118607,26731,442296,162,71,193,110
2021-04-05T23:59:59+02:00,31,33,22306,26732,46529,68351,50469,86540,60287,120241,82128,118646,76150,77501,142623,180567,61635,111594,12,9,5219,5513,11840,18694,13418,28401,17009,42474,23106,37813,19312,18923,60661,80236,48735,89982,788602,497262,116853,23934,427089,157,65,185,110
2021-04-04T23:59:59+02:00,31,33,22257,26671,46406,68077,50296,86225,60006,119740,81618,118014,74706,75790,141920,179596,61598,111513,12,9,5214,5505,11821,18680,13406,28384,16990,42457,23008,37741,18906,18602,59222,78386,48528,89671,786058,492464,116744,23931,421887,150,59,180,108
2021-04-03T23:59:59+02:00,31,33,22195,26590,46283,67968,50132,86049,59691,119428,81050,117436,73360,74155,140806,178059,61515,111365,12,9,5203,5496,11808,18661,13383,28364,16957,42410,22902,37666,18770,18451,58870,77820,48439,89524,779698,490670,116702,23931,419938,148,58,179,108
2021-04-02T23:59:59+02:00,31,33,22117,26505,46121,67801,49914,85801,59221,118975,80170,116624,71806,72272,138527,175077,61321,111005,12,9,5183,5459,11760,18618,13328,28282,16869,42261,22629,37190,18413,18088,56531,74936,47626,88423,770582,482190,114925,23288,418009,148,54,177,105
2021-04-01T23:59:59+02:00,28,31,21922,26301,45705,67281,49268,85059,58346,118036,78287,114955,68546,68844,134440,169901,61003,110434,12,9,5036,5315,11486,18353,13104,28045,16547,41953,22123,36749,17585,17338,51670,68889,45939,85949,758929,464068,108838,21914,410818,135,49,174,102
2021-03-31T23:59:59+02:00,28,31,21593,26082,45303,66753,48769,84409,57614,117096,77126,113714,66496,66525,129679,163779,60599,109710,11,9,4958,5262,11386,18231,12941,27892,16306,41684,21529,36234,16454,16436,46439,62457,44552,83955,749156,445655,101663,20975,404691,132,42,172,98
2021-03-30T23:59:59+02:00,28,30,21416,25860,44901,66133,48262,83610,56903,116044,75988,112336,64652,64507,125300,158034,60134,108813,11,9,4891,5177,11281,18104,12747,27702,15977,41361,20954,35688,15622,15633,43674,59041,43439,82157,738981,433786,97439,19608,396746,105,36,165,96
2021-03-29T23:59:59+02:00,27,30,21218,25622,44438,65581,47784,82919,56169,114964,74753,110900,62158,61758,118567,149410,59365,107421,11,9,4794,5104,11175,17988,12593,27537,15732,41038,20494,35220,14972,15091,41072,56049,42331,80328,718446,422559,94020,18925,390835,88,34,163,94
2021-03-28T23:59:59+02:00,27,30,21012,25331,43938,64889,47267,82176,55490,113957,73808,109791,60899,60323,113858,143441,58921,106663,11,9,4738,5044,11029,17838,12334,27237,15540,40792,20326,34987,14733,14846,39998,54639,41979,79787,711905,418240,86711,17600,383421,67,34,159,88
2021-03-27T23:59:59+01:00,27,30,20891,25173,43644,64525,46903,81648,54985,113270,73133,109054,59745,59240,112370,141731,58854,106581,11,9,4724,5032,11002,17819,12316,27207,15177,40362,19925,34549,14442,14636,39512,53953,41506,78970,706630,414184,86007,16947,379381,63,34,157,86
2021-03-26T23:59:59+01:00,27,29,20640,24662,42837,62823,45931,79623,53648,110247,71118,105437,57733,57350,109621,138501,58526,106065,9,9,4705,4999,10979,17767,12246,27116,15099,40252,19583,33953,13972,13983,36433,50100,39447,75712,695236,399629,82690,16728,367103,51,31,156,86
2021-03-25T23:59:59+01:00,27,26,20208,23989,41962,61058,44835,77070,52136,106716,68731,101673,55137,54715,106309,134537,57956,105072,9,9,4659,4944,10887,17664,12125,26971,14915,40033,19306,33645,13497,13489,32584,45044,36444,71161,683809,381253,78491,16132,350070,46,28,153,84
2021-03-24T23:59:59+01:00,27,26,19804,23540,41177,59785,43814,75528,50753,104790,66628,99342,52355,51798,102057,129442,57316,103995,9,9,4604,4877,10793,17522,11957,26768,14685,39745,18939,33227,13039,13043,30012,41832,33328,66323,671000,365690,73615,15034,337778,40,24,150,81
2021-03-23T23:59:59+01:00,27,26,19556,23238,40616,58866,43089,74434,49712,103274,64961,97482,50058,49454,99308,126229,56758,103156,9,9,4544,4806,10694,17396,11811,26583,14439,39432,18524,32838,12541,12537,27572,38722,29626,60393,662844,348044,70275,14446,327342,37,23,148,81
2021-03-22T23:59:59+01:00,27,26,19333,22823,39973,57982,42421,73393,48767,101887,63487,95849,48230,47567,96914,123493,56287,102390,6,8,4487,4760,10606,17280,11680,26405,14280,39191,18282,32535,12224,12163,25730,36360,25634,53921,656538,331681,67472,13890,317055,32,23,145,79
2021-03-21T23:59:59+01:00,27,26,19194,22564,39479,57226,41866,72545,48113,100730,62543,94614,47183,46541,95272,121641,55917,101813,6,8,4471,4751,10570,17232,11632,26318,14220,39104,18201,32434,12104,12027,25300,35911,25280,53361,653950,329479,65442,13477,308116,32,20,144,74
2021-03-20T23:59:59+01:00,26,26,19135,22420,39266,56732,41625,71984,47802,100095,62102,94013,46528,45777,92675,118415,55629,101328,6,8,4462,4742,10560,17219,11604,26301,14177,39069,18120,32359,11950,11867,24659,35138,24515,52277,647488,325770,64993,13289,303307,32,20,144,74
2021-03-19T23:59:59+01:00,25,25,18779,21855,38132,54609,40342,69990,46067,98010,59223,91257,42094,41909,87458,112658,54929,100253,6,8,4440,4727,10527,17169,11539,26189,14085,38897,17884,32060,11600,11586,22979,33076,22829,49713,629753,316419,57789,12926,290284,28,19,139,73
2021-03-18T23:59:59+01:00,25,24,18385,21205,36953,52455,38804,67202,43911,93538,55378,85465,38066,38107,82732,107185,53841,98601,6,8,4420,4698,10461,17066,11461,26034,13940,38710,17671,31858,11366,11403,21734,31555,21113,47113,612830,308336,52054,12313,267196,26,18,138,71
2021-03-17T23:59:59+01:00,25,23,17959,20853,36224,51536,38036,66243,42828,92180,53589,83641,35389,35315,78722,102364,52901,97130,5,8,4397,4670,10399,16971,11387,25901,13827,38522,17475,31665,11130,11177,20482,30137,19522,44705,596161,300813,47653,11602,261340,23,18,135,69
2021-03-16T23:59:59+01:00,24,23,17599,20433,35475,50466,37221,65048,41732,90508,51751,81652,33182,33296,74688,97403,52020,95816,5,6,4347,4618,10326,16841,11296,25748,13727,38284,17342,31422,10952,10994,19200,28611,18040,42376,582881,293008,42967,11167,252683,23,14,133,67
2021-03-15T23:59:59+01:00,24,23,17319,20068,34763,49485,36429,63858,40826,89029,50490,80049,31459,31460,71397,93309,51324,94685,5,6,4325,4583,10259,16718,11230,25548,13610,37996,17194,31151,10786,10836,18469,27645,16777,40513,571752,287181,39638,10520,244809,23,3,128,66
2021-03-14T23:59:59+01:00,24,22,17049,19641,33907,48275,35528,62540,39765,87200,49234,78323,30293,30219,69403,90747,50882,94009,5,6,4301,4564,10214,16640,11174,25406,13550,37774,17104,30989,10714,10750,18290,27365,16514,39951,564635,285984,37757,9389,234873,14,0,124,66
2021-03-13T23:59:59+01:00,24,22,16230,18580,32407,46234,33953,60404,37725,84121,47097,75765,28942,28864,67383,88120,50614,93620,5,6,4301,4563,10212,16634,11170,25397,13541,37767,17096,30980,10680,10719,17542,26478,15466,38496,548281,281726,37474,9388,224533,14,0,124,65
2021-03-12T23:59:59+01:00,23,21,15130,17203,29964,43580,31287,57261,34861,79266,43883,71300,26101,25673,63080,82821,49630,92219,5,5,4288,4530,10193,16572,11152,25344,13497,37648,17006,30850,10403,10491,16650,25231,14396,36969,520235,275916,36162,9376,207079,11,0,121,64
2021-03-11T23:59:59+01:00,22,21,14087,15741,27707,40884,28965,54077,32268,74875,40127,66412,22694,22196,57067,75510,47703,89392,5,5,4246,4489,10113,16453,11039,25119,13379,37338,16840,30544,10099,10280,16017,24386,13727,35691,488176,271907,34572,7934,187156,8,0,114,58
2021-03-10T23:59:59+01:00,22,21,13493,15041,26295,39269,27311,52254,30703,72555,37608,63288,19944,19643,51153,68385,46151,87061,5,5,4211,4445,10014,16286,10919,24868,13231,36919,16641,30171,9857,10096,15274,23613,13067,34665,461760,267169,32527,7190,176064,6,0,112,56
2021-03-09T23:59:59+01:00,21,20,13210,14575,25169,38230,25894,51068,29638,70901,36226,61453,18760,18520,47641,63942,45031,85272,5,5,4186,4419,9929,16119,10815,24608,13077,36603,16464,29934,9731,9992,14609,22774,12568,33891,448155,263451,29992,6354,167565,6,0,112,51
2021-03-08T23:59:59+01:00,20,20,12879,13964,24088,37116,24625,49932,28702,69420,34989,59832,17688,17637,43528,58962,43803,83286,5,5,4171,4383,9867,15920,10712,24344,12944,36245,16334,29669,9647,9908,14113,22168,12253,33448,432711,260254,27984,5961,159935,2,0,109,50
2021-03-07T23:59:59+01:00,20,20,12646,13669,23494,36263,23927,49056,28101,68550,34377,59070,17423,17384,42459,57510,43439,82723,5,5,4159,4370,9845,15878,10685,24270,12913,36075,16277,29555,9625,9879,13915,21913,12118,33244,427938,259193,26168,5618,156163,0,0,105,50
2021-03-06T23:59:59+01:00,19,20,12532,13377,23091,35528,23391,48264,27051,67017,33276,57305,17035,17054,41813,56619,43139,82254,5,5,4156,4356,9834,15851,10667,24236,12903,36034,16259,29524,9607,9839,13869,21875,12015,33033,423863,258816,26104,5334,148955,0,0,103,48
2021-03-05T23:59:59+01:00,19,20,12119,12774,22407,34325,22706,47035,26295,65386,32042,54886,16386,16220,38356,52321,40989,78818,5,5,4129,4309,9764,15751,10617,24088,12835,35839,16172,29319,9512,9769,13684,21664,11643,32420,408692,257122,24652,4486,139890,0,0,103,46
2021-03-04T23:59:59+01:00,17,20,11359,11762,21217,32598,21493,44986,24940,62735,30348,52531,15657,15501,34353,47156,37920,74146,5,5,4079,4218,9650,15459,10514,23730,12702,35304,16028,28917,9334,9614,13526,21454,11558,32274,390276,254061,22574,4393,126016,0,0,103,43
2021-03-03T23:59:59+01:00,15,20,11048,11266,20529,31380,20718,43622,24030,60984,29303,50891,15178,14999,31737,43833,34834,69380,5,5,4037,4155,9570,15288,10434,23477,12595,34883,15848,28570,9149,9488,13400,21236,11413,32003,374828,251412,21778,4227,117286,0,0,99,40
2021-03-02T23:59:59+01:00,15,20,10787,10838,19884,30408,20005,42603,23244,59595,28329,49614,14553,14350,29067,40470,30939,63165,5,5,3989,4083,9508,15122,10365,23212,12490,34450,15747,28261,9022,9385,13260,21046,11336,31857,356642,248999,20269,4225,111095,0,0,97,40
2021-03-01T23:59:59+01:00,13,19,10615,10578,19371,29604,19442,41719,22654,58524,27614,48490,14133,13896,26995,37889,26680,56286,5,5,3973,4033,9453,14967,10301,22913,12409,34075,15640,27939,8938,9323,13078,20776,11220,31674,339429,246576,19154,4225,106056,0,0,95,40
2021-02-28T23:59:59+01:00,12,19,10445,10376,18903,28954,18905,40979,22172,57668,27122,47694,13924,13653,26390,37232,26275,55683,5,5,3957,4019,9427,14934,10282,22862,12391,34005,15613,27892,8911,9299,12947,20597,11157,31525,336964,245721,18294,4188,101262,0,0,95,38
2021-02-27T23:59:59+01:00,12,18,10266,9861,18574,28089,18647,40191,21889,56685,26796,46907,13652,13352,25722,36431,25352,54266,5,5,3944,4007,9405,14913,10250,22815,12352,33923,15566,27818,8890,9283,12927,20574,11135,31505,333061,245359,17572,4039,96187,0,0,95,38
2021-02-26T23:59:59+01:00,11,17,9471,9079,17676,26651,17865,37985,20957,53839,25336,44089,13185,12951,24130,34441,23823,51959,5,5,3864,3938,9327,14752,10176,22559,12272,33557,15450,27524,8811,9203,12861,20507,11095,31435,323927,243458,17317,3965,82325,0,0,94,36
2021-02-25T23:59:59+01:00,11,17,8314,8226,16357,25043,16600,35730,19722,50953,23628,41306,12708,12550,22853,32851,22324,49675,5,5,3740,3792,9161,14435,9955,21954,12015,32702,15124,26870,8615,9052,12598,20182,10955,31166,316306,239304,16545,3105,66115,0,0,89,34
2021-02-24T23:59:59+01:00,10,16,7949,7702,15704,24011,15975,34497,19008,49442,22838,40107,12315,12214,21547,31356,20652,47048,4,5,3668,3724,9019,14144,9777,21499,11811,32073,14861,26335,8473,8913,12455,20009,10890,30954,308084,236525,15578,2171,58824,0,0,89,33
2021-02-23T23:59:59+01:00,10,16,7465,7224,14889,22835,15289,33279,18287,48034,22121,39037,12002,11889,20207,29783,19042,44499,4,5,3627,3648,8899,13941,9636,21101,11623,31493,14561,25833,8302,8769,12327,19798,10818,30717,299972,233679,14779,1505,51247,0,0,88,32
2021-02-22T23:59:59+01:00,9,14,7358,7019,14507,22218,14937,32553,17820,47025,21626,38304,11800,11639,19458,28772,17724,42544,4,5,3597,3546,8761,13650,9474,20599,11368,30748,14191,25234,8054,8574,12128,19543,10712,30407,294091,230358,14172,317,47150,0,0,85,32
2021-02-21T23:59:59+01:00,9,14,7268,6893,14183,21773,14518,31970,17404,46375,21188,37810,11694,11537,19295,28558,17476,42210,4,5,3558,3506,8677,13526,9395,20383,11296,30456,14069,24965,7994,8513,12070,19433,10641,30243,292942,228511,13802,301,43515,0,0,83,32
2021-02-20T23:59:59+01:00,9,14,7151,6843,14057,21693,14401,31834,17285,46224,21028,37626,11595,11453,18512,27640,16417,40740,4,5,3556,3500,8667,13518,9385,20362,11282,30431,14054,24954,7989,8504,12006,19369,10587,30175,288678,228127,13605,300,42321,0,0,82,31
2021-02-19T23:59:59+01:00,7,13,6849,6591,13703,21255,14030,31164,16812,45428,20322,36756,10990,11051,17465,26311,15261,39132,4,5,3476,3474,8592,13490,9341,20303,11244,30339,13995,24860,7947,8444,11786,19097,10395,29846,282294,226420,13228,298,37697,0,0,80,30
2021-02-18T23:59:59+01:00,7,13,6452,6118,13076,20111,13389,29792,15997,43559,19449,35179,10761,10849,16880,25569,14685,38249,4,5,3290,3337,8258,12951,9046,19553,10893,29295,13625,24031,7742,8136,11199,18145,9898,28692,278708,217882,12691,298,28814,0,0,77,29
2021-02-17T23:59:59+01:00,7,12,6286,5775,12631,19233,12899,28603,15294,41838,18802,33855,10531,10597,16123,24755,13908,37064,3,5,3040,3177,7918,12434,8746,18763,10525,28248,13238,23179,7508,7899,10644,17293,9462,27877,274046,209741,11960,294,22283,0,0,73,29
2021-02-16T23:59:59+01:00,7,12,5960,5473,12094,18401,12398,27533,14749,40462,18208,32822,10375,10493,15456,23927,13400,36281,3,5,2858,3057,7615,11980,8440,18039,10127,27157,12777,22279,7236,7604,9930,16120,8733,26325,270524,200224,11463,138,16143,0,0,68,27
2021-02-15T23:59:59+01:00,7,12,5853,5291,11797,17755,12131,26750,14402,39468,17861,32053,10246,10382,14898,23275,13041,35744,3,5,2769,2977,7422,11659,8222,17532,9824,26310,12426,21597,6967,7318,9233,15062,8221,25045,267427,192577,10861,92,12761,0,0,64,26
2021-02-14T23:59:59+01:00,7,12,5584,5176,11548,17485,11908,26317,14170,39020,17670,31775,10200,10330,14664,22935,12877,35351,3,5,2718,2939,7308,11492,8094,17325,9647,25978,12247,21294,6870,7193,9009,14679,8034,24509,266425,189332,9926,90,10762,0,0,62,24
2021-02-13T23:59:59+01:00,7,12,5524,5138,11498,17448,11877,26286,14142,38988,17650,31756,10186,10302,14637,22902,12863,35333,3,5,2714,2936,7303,11484,8082,17303,9630,25943,12220,21250,6838,7158,8853,14467,7681,23878,266180,187820,9922,8,10532,0,0,61,21
2021-02-12T23:59:59+01:00,7,11,5007,4821,10929,17085,11560,25735,13824,38347,17318,31117,10077,10195,14456,22690,12782,35224,3,5,2663,2903,7207,11326,7982,17072,9483,25551,12006,20803,6655,6923,8489,13906,7089,22535,264495,182676,9910,6,6864,0,0,60,20
2021-02-11T23:59:59+01:00,7,11,4545,4520,10344,16404,11147,24927,13346,37087,16830,30258,9762,9932,14176,22243,12501,34537,3,5,2494,2629,6607,10133,7292,15336,8620,22932,10949,18718,6001,6210,7440,12290,6272,20220,261264,164226,8267,3,3130,0,0,58,14
2021-02-10T23:59:59+01:00,7,11,4297,4352,10010,15956,10838,24389,13033,36204,16415,29510,9543,9795,13994,22037,12409,34330,3,5,2131,2337,5669,8667,6483,13291,7635,20021,9820,16674,5457,5624,6452,10626,5497,18167,258608,144635,7765,2,839,0,0,55,2
2021-02-09T23:59:59+01:00,7,10,4234,4254,9885,15689,10729,23986,12859,35585,16203,29038,9364,9654,13798,21824,12266,34106,3,5,1735,1984,4886,7398,5707,11495,6717,17504,8736,14677,4883,4995,5403,9066,4762,16048,256154,126071,6985,1,434,0,0,54,2
2021-02-08T23:59:59+01:00,7,10,4199,4200,9791,15479,10620,23626,12739,35127,16058,28679,9269,9587,13595,21540,12159,33909,3,5,1570,1788,4325,6403,5042,9919,5900,14976,7720,12818,4329,4464,4429,7473,3999,13961,253778,109185,6470,1,428,0,0,50,2
2021-02-07T23:59:59+01:00,7,10,4034,4133,9634,15344,10518,23461,12658,34865,15945,28486,9228,9541,13451,21359,12085,33765,3,5,1355,1542,3906,5730,4625,9040,5471,13814,7233,11855,4075,4204,4197,7077,3838,13361,252684,101390,5925,1,0,0,0,45,1
2021-02-06T23:59:59+01:00,7,10,4025,4124,9623,15328,10505,23426,12636,34815,15926,28429,9209,9528,13433,21324,11979,33569,3,5,1203,1347,3673,5426,4440,8615,5253,13231,6953,11298,3941,4072,4071,6928,3560,12905,252340,96981,5641,1,0,0,0,45,0
2021-02-05T23:59:59+01:00,7,9,3952,4055,9551,15185,10439,23176,12551,34448,15812,28146,9125,9455,13361,21252,11630,32974,3,4,1062,1117,3392,4980,4181,8031,4938,12453,6570,10570,3686,3828,3912,6696,3050,12015,250462,90542,4749,0,0,0,0,45,0
2021-02-04T23:59:59+01:00,7,9,3894,3930,9430,14869,10262,22627,12363,33652,15597,27583,9003,9344,13136,20957,11516,32767,3,2,799,784,2566,3729,3247,6286,3986,9904,5248,8352,3011,3114,3296,5711,2661,10522,246505,73263,4524,0,0,0,0,44,0
2021-02-03T23:59:59+01:00,7,9,3825,3858,9327,14646,10159,22290,12230,33141,15449,27166,8893,9229,12996,20781,11439,32601,3,2,664,616,1936,2813,2510,4853,3013,7608,4019,6298,2196,2239,2401,4222,1929,7874,243777,55227,4353,0,0,0,0,43,0
2021-02-02T23:59:59+01:00,7,9,3758,3763,9228,14451,10060,21912,12089,32577,15247,26715,8765,9113,12873,20573,11357,32335,2,2,527,486,1467,2079,1918,3650,2269,5788,3000,4712,1557,1541,1640,2780,1343,5234,240566,40016,4351,0,0,0,0,40,0
2021-02-01T23:59:59+01:00,6,9,3718,3672,9149,14220,9953,21527,11952,31942,15062,26212,8646,8966,12764,20428,11308,32157,1,0,392,352,1023,1434,1266,2434,1479,3792,1867,2986,989,981,971,1695,770,3026,237425,25470,4351,0,0,0,0,38,0
2021-01-31T23:59:59+01:00,6,9,3699,3636,9095,14111,9883,21322,11884,31645,14959,26016,8590,8907,12712,20316,11263,32028,1,0,362,331,899,1244,1076,2061,1277,3238,1633,2616,891,890,869,1511,699,2719,235930,22327,4235,0,0,0,0,37,0
2021-01-30T23:59:59+01:00,6,9,3698,3633,9085,14098,9869,21299,11871,31625,14947,26002,8586,8902,12643,20247,11197,31950,1,0,346,307,838,1160,1019,1937,1213,3048,1558,2479,863,864,850,1471,684,2666,235609,21313,4142,0,0,0,0,37,0
2021-01-29T23:59:59+01:00,6,9,3638,3616,9025,14069,9840,21247,11838,31549,14898,25935,8562,8879,12457,20024,11016,31707,1,0,279,224,717,986,874,1576,1058,2659,1347,2154,773,773,802,1417,666,2613,234386,18926,4013,0,0,0,0,36,0
2021-01-28T23:59:59+01:00,6,8,3520,3529,8821,13682,9621,20734,11606,30967,14571,25440,8425,8777,12024,19408,10660,31129,1,0,132,57,299,363,381,617,466,1156,614,966,406,426,469,816,381,1582,229604,9135,3410,0,0,0,0,34,0
2021-01-27T23:59:59+01:00,6,8,3288,3393,8529,13264,9321,20110,11222,30133,14184,24702,8208,8564,11475,18602,10237,30365,1,0,81,33,206,225,248,420,309,806,436,664,309,310,347,607,286,1160,222892,6450,2799,0,0,0,0,34,0
2021-01-26T23:59:59+01:00,5,8,3124,3295,8247,12925,9058,19541,10918,29378,13788,24068,7968,8341,10898,17687,9591,29215,1,0,75,29,191,215,232,386,293,753,405,604,294,284,320,543,259,1030,216181,5916,1956,0,0,0,0,31,0
2021-01-25T23:59:59+01:00,5,8,3035,3201,7964,12443,8768,18837,10532,28377,13309,23303,7687,8140,10281,16869,9135,28314,1,0,67,21,170,193,198,327,254,632,354,500,257,239,266,465,210,843,209878,4999,413,0,0,0,0,28,0
2021-01-24T23:59:59+01:00,5,8,2991,3180,7879,12363,8694,18711,10423,28217,13179,23120,7644,8103,10214,16756,9087,28219,1,0,66,20,166,189,196,313,251,610,345,486,248,235,264,458,206,828,208567,4884,309,0,0,0,0,27,0
2021-01-23T23:59:59+01:00,5,8,2990,3179,7878,12359,8689,18701,10421,28203,13173,23115,7636,8100,10090,16590,8758,27633,1,0,65,20,166,188,196,311,249,609,343,486,248,235,264,458,206,826,207308,4873,306,0,0,0,0,24,0
2021-01-22T23:59:59+01:00,5,8,2927,3133,7754,12245,8606,18559,10311,28030,13091,23000,7605,8064,9891,16287,8240,26610,1,0,65,20,165,188,196,311,249,609,342,486,248,235,264,458,206,826,204152,4871,304,0,0,0,0,20,0
2021-01-21T23:59:59+01:00,5,8,2843,2963,7255,11334,8123,17413,9774,26404,12485,21785,7321,7738,9256,15347,7724,25563,1,0,59,18,148,174,178,279,223,534,305,446,223,209,233,380,175,693,193125,4280,304,0,0,0,0,16,0
2021-01-20T23:59:59+01:00,5,8,2482,2617,6372,9922,7374,15456,8824,23574,11376,19712,6719,7089,8159,13581,6912,23342,1,0,57,18,147,169,175,277,214,520,292,424,211,202,227,355,161,655,173301,4107,300,0,0,0,0,15,0
2021-01-19T23:59:59+01:00,5,8,2043,2262,5470,8533,6512,13566,7803,20793,10109,17475,5968,6207,6783,11402,5889,20306,0,0,41,12,98,124,119,170,150,357,192,295,134,115,141,238,113,489,150981,2789,218,0,0,0,0,15,0
2021-01-18T23:59:59+01:00,4,8,1771,1974,4712,7150,5559,11333,6605,17199,8686,14763,5082,5328,5404,9154,4822,16838,0,0,22,7,39,46,54,78,66,163,76,147,60,54,66,131,61,221,126358,1292,94,0,0,0,0,15,0
2021-01-17T23:59:59+01:00,3,8,1497,1687,4200,6357,5050,10202,6069,15636,8046,13504,4745,4982,5029,8480,4495,15837,0,0,8,2,9,15,16,28,20,50,29,57,24,23,20,31,13,47,115791,392,89,0,0,0,0,14,0
2021-01-16T23:59:59+01:00,3,7,1332,1484,3983,6036,4870,9765,5810,14972,7717,12808,4554,4754,4814,8204,4142,15233,0,0,0,0,0,1,1,2,1,1,1,2,0,1,1,0,0,1,110530,12,9,0,0,0,0,13,0
2021-01-15T23:59:59+01:00,3,7,1182,1258,3728,5614,4615,9196,5520,14134,7312,12009,4263,4458,4624,7895,3605,14188,0,0,0,0,0,0,0,0,0,0,0,0,0,0,0,0,0,0,103654,0,4,0,0,0,0,13,0
2021-01-14T23:59:59+01:00,3,4,908,945,2982,4428,3749,7381,4576,11389,5917,9662,3465,3586,3883,6664,3123,12384,0,0,0,0,0,0,0,0,0,0,0,0,0,0,0,0,0,0,85084,0,0,0,0,0,0,13,0
2021-01-13T23:59:59+01:00,3,3,773,791,2508,3695,3165,6155,3805,9446,4823,7786,2596,2670,2924,5077,2392,9467,0,0,0,0,0,0,0,0,0,0,0,0,0,0,0,0,0,0,68108,0,0,0,0,0,0,12,0
2021-01-12T23:59:59+01:00,2,3,640,659,2099,3030,2607,5004,3047,7604,3802,6116,1865,1849,2000,3440,1694,6466,0,0,0,0,0,0,0,0,0,0,0,0,0,0,0,0,0,0,51962,0,0,0,0,0,0,0,0
2021-01-11T23:59:59+01:00,1,1,496,524,1749,2454,2092,4001,2363,5779,2828,4440,1202,1142,1200,2029,936,3684,0,0,0,0,0,0,0,0,0,0,0,0,0,0,0,0,0,0,36946,0,0,0,0,0,0,0,0
2021-01-10T23:59:59+01:00,1,1,439,455,1487,2028,1750,3277,1953,4794,2350,3721,1061,1016,1057,1781,835,3231,0,0,0,0,0,0,0,0,0,0,0,0,0,0,0,0,0,0,31253,0,0,0,0,0,0,0,0
2021-01-09T23:59:59+01:00,1,1,408,410,1362,1851,1604,2987,1800,4346,2165,3390,989,947,1002,1728,817,3188,0,0,0,0,0,0,0,0,0,0,0,0,0,0,0,0,0,0,29010,0,0,0,0,0,0,0,0
2021-01-08T23:59:59+01:00,1,1,311,281,1112,1505,1324,2315,1479,3564,1795,2772,853,839,914,1604,769,3032,0,0,0,0,0,0,0,0,0,0,0,0,0,0,0,0,0,0,24482,0,0,0,0,0,0,0,0
2021-01-07T23:59:59+01:00,1,0,146,76,403,509,486,798,597,1377,785,1207,467,484,563,966,466,1912,0,0,0,0,0,0,0,0,0,0,0,0,0,0,0,0,0,0,11246,0,0,0,0,0,0,0,0
2021-01-06T23:59:59+01:00,1,0,112,44,273,288,312,521,402,933,535,829,360,362,425,748,359,1445,0,0,0,0,0,0,0,0,0,0,0,0,0,0,0,0,0,0,7952,0,0,0,0,0,0,0,0
2021-01-05T23:59:59+01:00,1,0,87,31,193,233,246,433,323,823,451,707,344,347,408,716,352,1391,0,0,0,0,0,0,0,0,0,0,0,0,0,0,0,0,0,0,7089,0,0,0,0,0,0,0,0
2021-01-04T23:59:59+01:00,1,0,69,25,176,195,204,339,259,639,357,517,269,254,289,519,235,935,0,0,0,0,0,0,0,0,0,0,0,0,0,0,0,0,0,0,5284,0,0,0,0,0,0,0,0
2021-01-03T23:59:59+01:00,1,0,67,21,169,190,199,323,257,622,348,500,261,252,285,506,233,918,0,0,0,0,0,0,0,0,0,0,0,0,0,0,0,0,0,0,5154,0,0,0,0,0,0,0,0
2021-01-02T23:59:59+01:00,1,0,67,21,169,190,199,322,253,622,345,500,261,252,285,506,233,917,0,0,0,0,0,0,0,0,0,0,0,0,0,0,0,0,0,0,5145,0,0,0,0,0,0,0,0
2021-01-01T23:59:59+01:00,1,0,66,21,168,190,199,320,252,622,342,498,261,252,285,504,233,917,0,0,0,0,0,0,0,0,0,0,0,0,0,0,0,0,0,0,5133,0,0,0,0,0,0,0,0
2020-12-31T23:59:59+01:00,1,0,66,21,167,188,199,319,250,621,341,497,261,252,285,504,233,917,0,0,0,0,0,0,0,0,0,0,0,0,0,0,0,0,0,0,5124,0,0,0,0,0,0,0,0
2020-12-30T23:59:59+01:00,1,0,65,21,167,187,197,316,249,619,340,495,261,252,285,504,232,917,0,0,0,0,0,0,0,0,0,0,0,0,0,0,0,0,0,0,5110,0,0,0,0,0,0,0,0
2020-12-29T23:59:59+01:00,1,0,46,13,119,140,148,212,182,445,239,380,179,164,197,375,171,715,0,0,0,0,0,0,0,0,0,0,0,0,0,0,0,0,0,0,3727,0,0,0,0,0,0,0,0
2020-12-28T23:59:59+01:00,1,0,25,9,66,77,82,122,101,253,118,234,98,93,104,200,102,388,0,0,0,0,0,0,0,0,0,0,0,0,0,0,0,0,0,0,2074,0,0,0,0,0,0,0,0
2020-12-27T23:59:59+01:00,0,0,12,3,18,26,37,47,36,89,37,96,33,29,41,73,31,145,0,0,0,0,0,0,0,0,0,0,0,0,0,0,0,0,0,0,753,0,0,0,0,0,0,0,0
