Datum,<15_m,<15_w,15-24_1_m,15-24_1_w,25-34_1_m,25-34_1_w,35-44_1_m,35-44_1_w,45-54_1_m,45-54_1_w,55-64_1_m,55-64_1_w,65-74_1_m,65-74_1_w,75-84_1_m,75-84_1_w,>84_1_m,>84_1_w,<24_2_m,<24_2_w,25-34_2_m,25-34_2_w,35-44_2_m,35-44_2_w,45-54_2_m,45-54_2_w,55-64_2_m,55-64_2_w,65-74_2_m,65-74_2_w,75-84_2_m,75-84_2_w,>84_2_m,>84_2_w,bp_1,bp_2,mo_1,mo_2,az_1,az_2,ja,unb_1,unb_2
2021-09-26T23:59:59+02:00,40842,38449,287865,276685,392555,362405,406552,399496,469045,477703,519360,519954,352921,393842,246628,316153,72591,133079,258900,248401,367296,334344,384240,372891,446597,451803,498798,498784,342034,381360,239280,305907,69670,127031,4070015,3819991,524755,501557,807921,763305,304453,509,438
2021-09-25T23:59:59+02:00,40792,38391,287708,276522,392408,362288,406439,399412,468959,477625,519302,519914,352910,393822,246618,316139,72588,133075,258751,248256,367159,334223,384127,372800,446533,451712,498740,498755,342016,381338,239270,305896,69670,127029,4069285,3819328,524682,501499,807919,763276,304045,509,438
2021-09-24T23:59:59+02:00,40596,38183,287093,275892,391784,361741,405929,398937,468521,477230,519010,519679,352811,393741,246568,316078,72581,133049,258129,247606,366578,333712,383701,372375,446140,451365,498427,498527,341907,381237,239228,305844,69658,127006,4065595,3815825,524536,501398,807909,763208,302399,509,438
2021-09-23T23:59:59+02:00,39982,37526,285441,274275,390358,360436,404787,397768,467506,476285,518290,519007,352522,393473,246441,315872,72540,132945,256863,246549,365475,332762,382804,371568,445365,450663,497856,498037,341685,381007,239122,305701,69631,126933,4056017,3809979,524131,501124,807898,763108,298416,508,438
2021-09-22T23:59:59+02:00,39651,37215,284446,273312,389517,359593,404048,397012,466850,475682,517760,518565,352299,393209,246334,315676,72492,132862,256096,245811,364742,332089,382186,370982,444861,450150,497397,497695,341490,380807,239024,305569,69598,126878,4049235,3804980,523916,500960,807876,762993,296502,508,438
2021-09-21T23:59:59+02:00,39240,36734,283379,272241,388563,358699,403305,396270,466241,475097,517313,518137,352073,392946,246231,315495,72441,132751,255252,244969,363993,331382,381559,370387,444376,449669,496988,497298,341296,380602,238915,305408,69564,126797,4041715,3799426,523766,500768,807866,762915,294814,508,438
2021-09-20T23:59:59+02:00,38889,36458,282247,271178,387526,357775,402484,395471,465543,474488,516825,517681,351823,392720,246117,315302,72391,132639,254137,243997,363016,330556,380780,369633,443656,449095,496531,496857,341074,380388,238809,305221,69529,126721,4034682,3792997,523630,500598,807852,762730,292397,508,437
2021-09-19T23:59:59+02:00,38732,36326,281658,270778,386958,357290,402085,395076,465202,474176,516562,517454,351736,392597,246078,315222,72379,132602,253632,243571,362528,330143,380364,369303,443296,448757,496255,496640,340970,380263,238751,305135,69519,126692,4031375,3790240,523498,500421,807830,762436,291212,508,437
2021-09-18T23:59:59+02:00,38681,36256,281503,270624,386769,357136,401914,394941,465094,474064,516499,517395,351720,392584,246070,315213,72377,132598,253321,243228,362282,329896,380130,369114,443135,448626,496164,496552,340939,380237,238732,305115,69516,126683,4030465,3788378,523385,500340,807827,762423,290763,508,437
2021-09-17T23:59:59+02:00,38352,35893,280610,269804,385983,356383,401188,394290,464485,473542,516121,517039,351574,392441,246009,315146,72353,132567,252582,242557,361604,329303,379549,368627,442678,448224,495832,496268,340821,380103,238682,305036,69503,126662,4025160,3784653,523054,499944,807817,762392,288747,507,437
2021-09-16T23:59:59+02:00,37789,35310,279037,268268,384644,354941,400002,392983,463479,472569,515356,516348,351258,392116,245883,314961,72306,132476,251450,241560,360659,328388,378735,367782,442014,447540,495319,495825,340595,379883,238583,304909,69472,126599,4014388,3778134,522325,499543,807762,762247,286247,507,437
2021-09-15T23:59:59+02:00,37413,35002,277927,267183,383752,353965,399155,392132,462804,471886,514824,515834,351032,391831,245708,314783,72267,132357,250600,240757,359886,327600,378057,367112,441454,447024,494817,495389,340383,379647,238446,304760,69447,126526,4006886,3772521,522041,499311,807749,762174,284172,507,437
2021-09-14T23:59:59+02:00,37103,34701,276964,266237,382823,353114,398430,391369,462206,471238,514305,515389,350796,391595,245575,314610,72222,132284,249825,239965,359162,326938,377452,366515,440913,446515,494397,495011,340189,379434,238337,304613,69424,126471,4000150,3767440,521714,499087,807719,762028,282370,506,437
2021-09-13T23:59:59+02:00,36723,34310,275739,264981,381885,352086,397662,390494,461511,470524,513787,514892,350571,391346,245453,314461,72184,132213,248706,238918,358350,326160,376856,365867,440355,445990,493940,494633,339995,379211,238237,304466,69393,126418,3992022,3760548,521007,498800,807686,761933,281098,505,437
2021-09-12T23:59:59+02:00,36584,34181,275176,264546,381421,351646,397281,390073,461188,470224,513575,514678,350467,391238,245406,314385,72173,132179,248183,238513,357853,325716,376492,365519,440057,445704,493692,494412,339872,379081,238178,304378,69377,126374,3988880,3757554,520844,498609,807650,761809,280037,505,437
2021-09-11T23:59:59+02:00,36507,34133,274985,264340,381197,351460,397123,389918,461056,470101,513506,514620,350437,391208,245397,314369,72171,132176,247903,238331,357631,325558,376344,365379,439910,445588,493627,494358,339849,379054,238170,304365,69377,126370,3987850,3756472,520756,498479,807649,761788,279438,505,437
2021-09-10T23:59:59+02:00,36187,33812,273919,263359,380255,350572,396257,389119,460264,469434,512953,514173,350236,391011,245310,314256,72153,132147,247000,237630,356810,324824,375563,364756,439220,445071,493139,493979,339688,378898,238089,304261,69355,126339,3982635,3753040,520617,498268,807643,761765,275507,505,437
2021-09-09T23:59:59+02:00,35768,33381,272650,262240,379226,349431,395348,388105,459485,468586,512376,513669,350000,390732,245181,314101,72116,132084,245940,236673,355903,323962,374759,363954,438534,444467,492550,493534,339473,378672,237967,304117,69324,126284,3974715,3746982,520314,497869,807603,761619,272835,498,435
2021-09-08T23:59:59+02:00,35371,32984,271701,261265,378450,348592,394660,387326,458873,467992,511939,513209,349792,390490,245076,313928,72087,132027,245019,235822,355101,323236,374081,363237,437940,443911,492101,493078,339274,378426,237846,303950,69290,126192,3968337,3741319,520092,497550,807552,761487,270764,498,435
2021-09-07T23:59:59+02:00,35003,32657,270688,260346,377627,347818,394017,386660,458345,467475,511496,512815,349601,390278,244978,313758,72054,131958,244146,235042,354301,322559,373439,362680,437438,443409,491657,492690,339065,378214,237757,303812,69262,126140,3962299,3736362,519854,497206,807539,761310,268864,498,435
2021-09-06T23:59:59+02:00,34608,32253,269582,259257,376701,346883,393344,385894,457761,466850,511061,512384,349383,390035,244891,313638,72025,131889,243381,234290,353569,321909,372827,362097,436980,442906,491246,492309,338854,378008,237673,303679,69233,126083,3955182,3731562,519718,496958,807494,761186,267026,498,435
2021-09-05T23:59:59+02:00,34459,32108,269187,258854,376406,346547,393062,385585,457528,466611,510886,512205,349311,389940,244849,313576,72009,131862,242953,233899,353177,321529,372481,361789,436723,442660,491049,492104,338753,377889,237627,303615,69216,126050,3952643,3728949,519623,496681,807466,761052,266234,498,435
2021-09-04T23:59:59+02:00,34402,32071,269032,258730,376290,346422,392938,385484,457454,466529,510835,512159,349300,389922,244843,313564,72009,131861,242792,233757,353020,321369,372336,361673,436633,442559,490984,492056,338731,377869,237619,303603,69216,126049,3951966,3728175,519567,496547,807461,761029,265831,498,435
2021-09-03T23:59:59+02:00,34085,31758,268149,257928,375556,345766,392357,384904,456883,466050,510376,511822,349131,389744,244778,313458,71986,131829,241782,232902,352229,320656,371666,361027,435984,441972,490495,491640,338534,377672,237532,303494,69196,126022,3947647,3723898,518874,495016,807431,760956,263587,498,435
2021-09-02T23:59:59+02:00,33728,31429,267111,257062,374709,344943,391636,384166,456204,465426,509848,511399,348869,389496,244656,313283,71960,131751,240766,232107,351346,319888,370936,360324,435271,441346,489932,491179,338285,377409,237423,303339,69169,125946,3941796,3718723,518591,494536,807395,760635,260868,498,435
2021-09-01T23:59:59+02:00,33404,31064,266266,256224,373961,344276,391100,383621,455734,464943,509468,511058,348691,389303,244568,313167,71936,131691,239684,231059,350493,319043,370255,359632,434663,440745,489412,490696,338055,377144,237291,303181,69141,125892,3936359,3711967,518410,494000,807363,760418,259317,498,431
2021-08-31T23:59:59+02:00,33007,30725,265404,255323,373236,343570,390537,383043,455230,464463,509023,510693,348500,389113,244471,313020,71905,131648,238733,230178,349691,318301,369596,359001,434109,440241,488894,490298,337851,376932,237200,303033,69107,125836,3930886,3706681,518221,493615,807337,760004,257440,497,431
2021-08-30T23:59:59+02:00,32460,30238,264103,254145,372245,342662,389723,382233,454476,463754,508461,510199,348272,388899,244378,312866,71869,131579,237577,229202,348697,317412,368814,358261,433413,439664,488336,489788,337594,376691,237074,302852,69067,125759,3923430,3700676,518105,493173,807291,759752,254704,497,431
2021-08-29T23:59:59+02:00,32274,30051,263537,253641,371772,342251,389344,381898,454183,463466,508232,509978,348175,388790,244329,312801,71859,131555,236861,228569,348093,316871,368319,357794,432988,439289,488027,489528,337450,376537,237014,302776,69048,125734,3920367,3696814,517988,492773,807264,759495,253483,497,431
2021-08-28T23:59:59+02:00,32185,29958,263312,253463,371600,342098,389187,381775,454058,463347,508158,509927,348151,388767,244318,312789,71858,131552,236544,228312,347844,316679,368097,357630,432806,439124,487899,489435,337408,376495,236994,302750,69046,125730,3919338,3695240,517948,492657,807258,759469,252925,497,431
2021-08-27T23:59:59+02:00,31956,29709,262664,252899,371086,341582,388717,381325,453607,462952,507788,509644,348021,388634,244259,312703,71839,131530,235941,227814,347234,316180,367622,357203,432358,438772,487595,489186,337273,376377,236940,302684,69035,125723,3915544,3692029,517880,492443,807200,759408,251255,497,431
2021-08-26T23:59:59+02:00,31577,29323,261659,251922,370241,340770,387967,380584,452925,462277,507241,509161,347789,388375,244138,312585,71811,131470,234469,226456,346010,314996,366510,356211,431488,437973,486928,488611,336991,376060,236777,302516,69005,125678,3909381,3683714,517636,491800,807158,759050,248597,497,430
2021-08-25T23:59:59+02:00,31218,28991,260737,251069,369498,339999,387312,379889,452290,461690,506688,508706,347551,388120,244012,312422,71776,131403,232427,224595,344533,313593,365328,355016,430492,437009,486125,487885,336605,375668,236622,302278,68960,125589,3903700,3671748,517508,491393,807129,758899,245991,495,426
2021-08-24T23:59:59+02:00,30901,28727,260006,250291,368893,339367,386775,379317,451809,461180,506276,508332,347342,387894,243896,312257,71750,131330,231217,223534,343571,312674,364546,354265,429818,436356,485565,487333,336326,375355,236487,302116,68935,125524,3898773,3664562,517222,490947,807109,758595,244194,495,422
2021-08-23T23:59:59+02:00,30380,28202,258622,248980,367867,338456,385945,378533,451030,460499,505628,507766,347061,387614,243758,312068,71723,131271,229738,222224,342261,311611,363598,353414,428957,435602,484862,486764,336019,375023,236349,301927,68909,125464,3891368,3657176,517081,490469,807075,758313,240831,495,421
2021-08-22T23:59:59+02:00,30239,28088,258217,248614,367518,338127,385671,378267,450796,460256,505442,507618,346965,387518,243717,312009,71707,131245,229019,221549,341578,310955,363061,352911,428517,435198,484543,486498,335856,374842,236281,301820,68885,125416,3889170,3652783,516933,490009,807036,758013,239826,495,419
2021-08-21T23:59:59+02:00,29988,27883,257719,248153,367201,337806,385416,378010,450591,460081,505294,507479,346910,387462,243695,311971,71704,131236,228277,220898,341094,310557,362662,352500,428153,434893,484315,486302,335772,374774,236254,301777,68879,125404,3886626,3649818,516789,488805,807029,757957,239106,495,419
2021-08-20T23:59:59+02:00,29796,27686,257060,247494,366461,337185,384742,377485,449999,459586,504822,507159,346767,387304,243640,311874,71688,131201,226477,219287,339691,309370,361546,351548,427197,434095,483597,485753,335529,374525,236152,301657,68854,125374,3883171,3641594,516468,487652,807016,757591,236244,495,419
2021-08-19T23:59:59+02:00,29465,27373,256082,246654,365473,336405,383958,376798,449285,458952,504265,506676,346528,387043,243532,311727,71654,131128,223719,216855,337389,307540,359846,350075,425795,432828,482445,484795,335109,374099,235960,301410,68820,125304,3877705,3627254,516102,485891,806977,757121,233159,495,418
2021-08-18T23:59:59+02:00,29179,27113,255287,245947,364779,335794,383383,376232,448687,458458,503792,506266,346256,386803,243413,311578,71622,131062,221250,214339,335337,305780,358204,348426,424274,431500,481297,483754,334586,373542,235726,301110,68768,125209,3872620,3613997,515925,481946,806947,756742,231103,495,418
2021-08-17T23:59:59+02:00,28860,26837,254505,245230,364164,335117,382824,375685,448201,457975,503363,505846,346055,386593,243296,311448,71595,131010,218502,211592,333267,303953,356518,346965,422841,430227,480174,482762,334092,373000,235490,300818,68714,125132,3867609,3598948,515624,479172,806921,756312,229392,495,417
2021-08-16T23:59:59+02:00,28573,26574,253810,244583,363592,334560,382361,375223,447763,457534,502943,505481,345869,386385,243198,311284,71564,130970,215341,208522,330977,301842,355001,345520,421636,429096,479224,481921,333700,372553,235302,300542,68674,125044,3863199,3581583,515468,478448,806895,755963,227646,495,415
2021-08-15T23:59:59+02:00,28377,26411,253317,244142,363166,334171,382001,374886,447467,457277,502702,505289,345754,386267,243149,311204,71553,130949,211335,204468,329083,300227,353741,344302,420615,428161,478441,481264,333367,372217,235179,300365,68650,124994,3860363,3563988,515326,477537,806856,755639,226478,495,414
2021-08-14T23:59:59+02:00,28311,26354,253073,243944,362934,333996,381828,374737,447311,457148,502584,505182,345705,386235,243131,311181,71550,130944,210264,203366,328263,299467,353026,343626,420121,427702,478052,480942,333227,372088,235141,300308,68641,124977,3859198,3557302,515255,477170,806852,755563,225784,495,414
2021-08-13T23:59:59+02:00,28057,26112,252369,243355,362434,333570,381392,374306,446876,456787,502246,504925,345577,386085,243066,311106,71538,130916,208378,201583,326837,298152,351762,342435,419072,426766,477302,480302,332984,371798,235028,300165,68623,124924,3855392,3545371,515184,476569,806842,755373,224244,491,414
2021-08-12T23:59:59+02:00,27856,25886,251646,242720,361814,332984,380864,373822,446341,456342,501825,504567,345394,385886,242964,311001,71524,130868,205784,199315,323956,295618,349752,340638,417562,425518,476067,479235,332529,371260,234777,299888,68583,124840,3851438,3527970,514997,475364,806805,754347,222006,491,412
2021-08-11T23:59:59+02:00,27623,25640,250916,242033,361191,332406,380340,373346,445879,455919,501418,504137,345168,385645,242848,310866,71496,130813,202744,196335,320775,292680,347580,338569,416061,424112,474784,477944,331986,370617,234528,299480,68532,124711,3846614,3506121,514779,474293,806765,753409,220470,489,411
2021-08-10T23:59:59+02:00,27377,25383,250084,241299,360477,331859,379800,372799,445379,455444,500964,503739,344972,385448,242762,310728,71473,130769,198543,192209,316112,288474,344596,335796,413946,422167,473186,476485,331299,369945,234229,299070,68475,124592,3841520,3476008,514498,473181,806730,752259,218951,489,411
2021-08-09T23:59:59+02:00,27181,25182,249457,240730,359899,331377,379360,372419,444971,455100,500619,503456,344813,385300,242696,310618,71453,130733,194003,187612,310401,283724,341837,333302,412029,420394,471567,475019,330648,369255,233949,298699,68416,124456,3837829,3445633,514320,470394,806699,751163,217458,489,407
2021-08-08T23:59:59+02:00,27012,25025,248976,240322,359505,331025,379013,372133,444671,454845,500379,503263,344707,385194,242633,310538,71436,130700,192655,186244,308774,282388,340527,332141,411155,419637,471004,474504,330388,368987,233820,298529,68391,124406,3835277,3436523,514164,469035,806648,750685,216227,489,407
2021-08-07T23:59:59+02:00,26862,24849,248447,239871,359107,330687,378678,371850,444378,454609,500153,503090,344635,385100,242599,310489,71428,130689,188979,182654,306729,280537,338809,330617,409822,418371,470078,473711,330033,368615,233689,298339,68357,124369,3832421,3416902,514057,467701,806638,750471,215344,489,404
2021-08-06T23:59:59+02:00,26637,24614,247576,239208,358323,330077,378004,371271,443722,454083,499616,502700,344402,384894,242500,310372,71417,130667,185246,179099,303265,277734,336689,328781,408218,417030,468778,472747,329652,368229,233529,298183,68332,124321,3829843,3397606,512694,465973,806626,749372,211859,489,402
2021-08-05T23:59:59+02:00,26315,24291,246401,238273,357425,329198,377181,370541,442982,453404,498948,502160,344118,384593,242384,310197,71376,130604,180768,175154,297883,273335,332574,325221,405412,414538,466524,470960,328983,367523,233264,297812,68271,124210,3823482,3369695,512430,461265,806563,745664,208849,489,401
2021-08-04T23:59:59+02:00,25941,23949,245250,237280,356427,328285,376404,369826,442352,452801,498376,501631,343843,384325,242263,310024,71348,130533,177288,171852,294119,270205,328165,321315,403157,412446,464816,469406,328286,366823,232989,297457,68212,124108,3816968,3342534,512087,459499,806527,743913,206207,484,400
2021-08-03T23:59:59+02:00,25477,23527,243885,236093,355516,327447,375692,369131,441693,452139,497778,501096,343549,384026,242134,309846,71304,130465,173804,168407,290017,266566,323053,316707,400411,409885,462475,467302,327441,365956,232638,296985,68143,123969,3808997,3310420,511926,457623,806486,741841,204319,484,400
2021-08-02T23:59:59+02:00,25160,23220,242832,235128,354670,326690,374991,368532,441124,451595,497252,500648,343286,383753,242016,309691,71278,130406,170167,164813,285320,262600,317178,311751,397660,407329,460238,465309,326669,365122,232341,296585,68079,123851,3802642,3276946,511677,455647,806429,739309,202453,483,398
2021-08-01T23:59:59+02:00,25005,23029,242203,234521,354073,326179,374549,368140,440690,451274,496908,500369,343147,383589,241940,309575,71264,130380,168615,163362,282833,260604,312548,308033,395802,405754,458759,464062,326238,364636,232170,296368,68050,123792,3798964,3259047,511374,453503,806337,736865,201085,482,395
2021-07-31T23:59:59+02:00,24896,22924,241861,234202,353791,325952,374310,367971,440501,451121,496800,500270,343114,383550,241920,309562,71263,130374,164841,159518,280008,258059,310458,306036,394404,404471,457612,463073,325919,364260,232036,296195,68024,123746,3797353,3236122,511184,452565,806331,736073,200438,482,395
2021-07-30T23:59:59+02:00,24606,22665,241063,233486,353216,325421,373820,367507,440038,450718,496439,499979,342976,383409,241875,309483,71250,130358,161094,155751,276609,254944,307431,303214,392173,402355,455762,461485,325410,363727,231826,295902,67991,123687,3793271,3211026,510816,451361,806314,732874,198830,481,394
2021-07-29T23:59:59+02:00,24259,22324,239525,232212,352051,324343,372849,366597,439184,449927,495625,499354,342642,383096,241738,309300,71213,130292,156237,151269,271225,250765,301520,298430,387815,398861,452705,459074,324577,362881,231513,295491,67929,123588,3785688,3177092,510138,446502,806230,727766,195392,480,394
2021-07-28T23:59:59+02:00,23960,22037,238372,231174,351163,323500,372092,365905,438546,449258,495059,498862,342389,382796,241603,309115,71178,130219,152474,147619,266725,247101,297082,294475,384547,396002,450614,457222,323917,362121,231243,295106,67865,123463,3778934,3146345,509596,444579,806151,725124,193465,479,391
2021-07-27T23:59:59+02:00,23688,21810,237364,230196,350318,322758,371388,365313,437959,448643,494532,498403,342145,382491,241469,308921,71143,130120,147447,142490,260797,241960,291777,289709,380528,392303,447430,454404,322929,361017,230876,294599,67774,123304,3772632,3104730,509039,442254,806093,721380,191816,478,389
2021-07-26T23:59:59+02:00,23456,21571,236389,229216,349525,322054,370781,364759,437402,448153,494081,498031,341914,382250,241341,308764,71119,130062,143099,138094,255245,237172,286605,285232,376054,388344,443911,451378,321976,360053,230544,294120,67699,123167,3766945,3065297,508406,439998,806013,717028,190419,476,389
2021-07-25T23:59:59+02:00,23097,21270,235049,228061,348579,321286,370101,364097,436824,447611,493622,497626,341715,382036,241251,308635,71098,129998,141253,136336,252561,234954,284096,283133,373917,386567,441826,449588,321462,359539,230341,293890,67674,123090,3759871,3050285,508029,437812,805947,712672,189020,476,389
2021-07-24T23:59:59+02:00,22848,21072,234118,227200,347854,320634,369524,363575,436297,447174,493261,497348,341599,381938,241207,308573,71095,129987,138355,133535,249828,232629,281529,280917,371658,384707,440588,448600,321111,359201,230196,293711,67655,123056,3755851,3031926,507261,434800,805931,712331,187169,476,389
2021-07-23T23:59:59+02:00,22431,20685,232612,225857,346528,319693,368477,362709,435416,446384,492562,496814,341364,381666,241118,308460,71074,129951,132869,128686,244458,228322,277052,277128,367967,381507,437934,446400,320412,358480,229942,293399,67601,122975,3748374,2996378,506790,433028,805875,710195,183661,476,389
2021-07-22T23:59:59+02:00,21926,20209,230506,223881,344774,318150,366967,361418,434095,445237,491578,495913,340930,381215,240940,308211,71030,129869,128522,124627,238454,223808,270662,272057,361070,376002,432471,441887,319228,357220,229503,292870,67507,122821,3735917,2954280,505202,427041,805745,703872,180875,475,388
2021-07-21T23:59:59+02:00,21419,19691,228619,222060,343073,316619,365344,359842,432517,443847,490352,494741,340376,380693,240691,307925,70976,129774,124756,121057,232992,219565,265127,267530,352934,369066,427858,438144,318108,356070,229040,292303,67426,122641,3724903,2918747,501439,416151,805520,699087,177582,475,387
2021-07-20T23:59:59+02:00,21117,19412,227148,220584,341835,315449,364377,358966,431653,443051,489630,494090,340033,380321,240543,307702,70948,129685,120420,116818,226642,214393,259296,262351,345819,362959,423160,433833,317014,354816,228626,291718,67329,122458,3715559,2874970,501035,408929,805388,694698,175443,475,386
2021-07-19T23:59:59+02:00,20803,19115,225413,218889,340517,314193,363342,357988,430840,442271,488956,493470,339737,379959,240392,307469,70903,129588,117664,114216,222261,210800,254677,258397,342101,359786,420538,431654,316287,354087,228326,291327,67254,122334,3704964,2849921,500611,403547,805295,690371,173854,475,386
2021-07-18T23:59:59+02:00,20649,18984,224117,217619,338899,312759,362273,357059,430020,441549,488419,492927,339502,379673,240263,307289,70881,129526,116165,112828,219607,208619,252321,256298,339849,357936,418501,429961,315796,353600,228165,291110,67233,122267,3695517,2837634,500072,399272,805220,686672,172476,475,385
2021-07-17T23:59:59+02:00,20253,18562,222962,216563,338321,312218,361683,356545,429501,441098,488006,492636,339397,379556,240221,307234,70878,129516,114092,110729,217149,206316,249858,254102,337424,355796,417053,428698,315461,353209,228030,290942,67209,122227,3689947,2820126,499868,396550,805203,685886,171009,472,385
2021-07-16T23:59:59+02:00,19710,18049,220413,214414,336578,310918,360174,355252,428032,439890,486906,491771,338992,379185,240048,307075,70853,129479,110975,107929,212379,202384,245319,250465,333121,352097,413704,425973,314540,352279,227679,290525,67155,122145,3679728,2792427,499110,394193,805041,682073,164732,471,384
2021-07-15T23:59:59+02:00,19068,17422,217630,211986,334668,309213,358583,353811,426692,438701,485962,490918,338592,378757,239845,306818,70811,129374,107066,104709,204005,196136,237823,244857,326506,346854,406623,419518,312793,350464,227129,289852,67083,121946,3664661,2745825,498511,385724,804923,674650,161599,470,384
2021-07-14T23:59:59+02:00,18222,16696,215181,209656,332958,307674,357171,352465,425464,437498,484927,489958,338135,378296,239604,306506,70757,129285,103456,101370,197529,190969,232108,240184,322210,343377,402447,415890,311481,349151,226720,289293,67000,121792,3649690,2712185,497921,380189,804792,667846,158889,469,381
2021-07-13T23:59:59+02:00,17571,16040,212992,207629,331350,306298,355832,351238,424288,436404,483965,489097,337694,377821,239402,306259,70722,129192,99694,97828,191041,185564,224966,234117,315532,337314,394047,408029,309683,347223,226115,288501,66887,121591,3635839,2669362,497362,367512,804631,658371,156797,467,377
2021-07-12T23:59:59+02:00,16551,15106,209707,204444,329286,304563,354251,349768,423043,435199,482981,488192,337277,377348,239222,306028,70683,129115,96596,95104,185759,181264,217986,228437,308695,331278,388944,403749,307952,345353,225522,287766,66788,121421,3617341,2631050,496805,360369,804451,649950,154997,466,376
2021-07-11T23:59:59+02:00,16042,14632,208349,203168,328543,303846,353590,349139,422478,434693,482533,487848,337086,377144,239162,305922,70661,129075,95176,93815,182984,178955,214990,226145,306005,329121,386115,401360,305481,342728,225141,287296,66733,121323,3611092,2616057,496165,358378,804322,639457,153166,461,374
2021-07-10T23:59:59+02:00,15567,14172,206502,201385,327077,302582,352449,348160,421749,434095,482057,487448,336916,376979,239096,305836,70651,129055,93875,92541,180450,176838,211954,223660,303480,326959,384949,400322,304834,342059,224961,287107,66717,121296,3602490,2599242,495526,358147,804086,637707,150503,460,374
2021-07-09T23:59:59+02:00,15243,13893,204598,199542,325469,301126,351378,347196,420843,433382,481485,486971,336709,376755,238999,305714,70636,129021,91083,89814,176918,173610,207606,219505,298457,322354,381503,397340,303737,340829,224657,286740,66680,121232,3593334,2570232,494661,356084,803890,630110,147898,459,374
2021-07-08T23:59:59+02:00,14776,13465,201100,196552,322153,298451,349000,345205,419131,431926,480046,485901,336270,376312,238819,305464,70591,128944,86776,86046,169666,167947,199470,213104,291080,316238,374548,391123,301013,337901,223875,285803,66563,120972,3577962,2524002,490610,347419,803366,619748,142965,458,374
2021-07-07T23:59:59+02:00,14275,13011,197360,192693,318982,295593,346681,343160,417572,430453,478844,484799,335792,375747,238629,305192,70553,128838,83093,82595,162366,162233,190420,205922,283092,309672,367499,384298,297698,334284,222965,284702,66423,120725,3556674,2475998,489243,333982,802979,609751,140028,455,371
2021-07-06T23:59:59+02:00,13816,12639,193923,189314,315726,292859,344207,340873,415857,428890,477573,483661,335290,375191,238431,304900,70500,128753,79519,79016,155688,156721,183007,199716,274149,301718,361008,378208,294500,331037,222080,283610,66314,120496,3536810,2423472,486174,327001,802560,600232,137604,452,371
2021-07-05T23:59:59+02:00,13419,12302,189535,185064,311676,289521,341695,338539,414177,427343,476429,482589,334817,374673,238253,304655,70467,128667,76454,76187,150569,152632,178242,195586,267231,295450,354900,372668,291224,327591,221192,282493,66205,120327,3513960,2384399,485015,322504,802065,589876,133519,449,369
2021-07-04T23:59:59+02:00,13241,12144,185691,181192,309039,287495,340378,337467,413293,426565,475849,482099,334592,374418,238163,304530,70441,128613,74266,74317,147470,150066,175910,193541,264782,293388,351784,370460,287918,324196,220607,281823,66149,120207,3501715,2370617,483724,320201,801496,578340,129009,449,367
2021-07-03T23:59:59+02:00,12046,11088,179256,175192,304776,284036,338045,335296,411475,424757,474635,481042,334193,373972,237988,304282,70417,128570,72486,72739,145045,148186,173472,191459,261718,290661,349503,368604,286164,322213,220339,281461,66117,120158,3475338,2354889,482318,320001,801313,573849,122817,449,367
2021-07-02T23:59:59+02:00,10948,9996,175543,171735,302361,281836,336299,333594,410225,423566,473859,480352,333932,373659,237874,304100,70389,128522,69790,70056,141122,144898,169037,187419,255662,285215,344282,363898,282911,318486,219698,280691,66068,120074,3457244,2321686,480839,317213,801127,561270,120295,447,348
2021-07-01T23:59:59+02:00,9853,9067,171875,168293,298319,278547,333806,331323,408429,421988,472762,479392,333512,373197,237673,303828,70343,128443,64908,65338,134808,139567,161750,180906,245405,276355,333485,354112,278124,313212,217845,278436,65889,119762,3434701,2265346,478740,304863,800779,543546,117142,447,344
2021-06-30T23:59:59+02:00,9364,8674,168605,165214,292697,273923,330134,327987,406658,420447,471735,478424,333089,372714,237482,303528,70309,128354,61780,62491,129168,134889,155111,174911,235360,267212,320083,340836,272912,307668,215954,276116,65721,119441,3409598,2210345,476574,292052,800485,524710,113385,446,343
2021-06-29T23:59:59+02:00,8828,8152,164808,161439,288158,269664,326568,324693,404558,418370,470191,477013,332499,372075,237229,303173,70254,128245,58992,59495,124224,130481,149092,169386,223514,256520,311529,332477,266449,300477,213982,273657,65518,119095,3382090,2151113,474578,287392,800160,507303,109782,445,339
2021-06-28T23:59:59+02:00,8423,7772,161484,157980,283127,265346,323262,321845,402416,416443,468703,475703,331978,371464,236996,302863,70210,128151,56720,57149,120322,126971,144747,165306,214287,248108,305741,327073,261505,295181,212219,271422,65371,118829,3358168,2115401,470606,278778,799500,490784,106573,445,336
2021-06-27T23:59:59+02:00,8275,7649,159979,156455,281024,263536,321456,320308,400716,415082,467806,474989,331686,371171,236893,302700,70191,128102,55524,56042,118201,125261,142182,163180,210179,244723,302376,324214,257697,291177,209759,268511,65260,118635,3348153,2099950,468527,275290,798450,474646,103570,444,336
2021-06-26T23:59:59+02:00,7121,6551,156713,153117,278920,261654,319041,318069,399526,413928,467107,474289,331417,370889,236786,302542,70167,128072,54978,55454,116865,124110,140757,161943,207933,242719,299846,321803,256160,289516,209426,268102,65233,118565,3329023,2083157,465706,275202,798444,472147,103436,416,314
2021-06-25T23:59:59+02:00,5899,5435,152401,148834,275528,258696,316983,316108,398216,412682,466106,473465,331128,370554,236658,302386,70139,128022,53690,53831,114391,121412,136676,157374,199169,234270,294158,315932,254439,287398,208837,267301,65162,118448,3304061,2040665,464278,273510,798387,465572,103211,416,314
2021-06-24T23:59:59+02:00,5047,4648,147960,144701,270705,254754,312709,312327,396025,410808,464728,472329,330704,370089,236489,302148,70105,127935,51047,51238,109271,116695,129351,150731,187135,223820,282745,305704,249062,281560,207001,264957,64959,118048,3272880,1978633,462271,261743,798218,451819,101533,415,313
2021-06-23T23:59:59+02:00,4826,4442,144794,141588,267010,251599,307464,307524,393532,408463,463322,471010,330177,369468,236259,301836,70057,127828,49105,49157,105477,112785,123682,145057,177246,215155,270771,293712,244450,276749,205668,263259,64798,117689,3245326,1922329,458748,251881,798057,441125,99757,413,312
2021-06-22T23:59:59+02:00,4576,4213,141720,138458,263295,248221,301338,302091,390898,405903,461783,469530,329629,368859,236038,301482,70009,127721,47417,47418,101869,109484,118891,140478,164658,204013,259861,283413,240387,272283,203747,260850,64546,117216,3213272,1863987,456818,244168,797865,430168,98484,411,305
2021-06-21T23:59:59+02:00,4317,3968,138458,135515,258591,244322,296093,297221,387857,403033,460309,468178,329112,368298,235814,301167,69968,127609,46183,46189,99486,107268,116154,137773,158440,198241,252979,276769,235036,266450,199812,256330,64359,116839,3181549,1832998,454778,238651,797651,410394,96519,410,305
2021-06-20T23:59:59+02:00,4173,3851,136949,134008,254354,240838,293512,294983,386466,401721,459518,467432,328887,368015,235702,301035,69948,127547,45062,45269,97230,105478,113881,135788,155407,195704,248672,272699,232036,262919,198825,255078,64278,116713,3164100,1812668,453017,235100,797496,402532,94986,410,298
2021-06-19T23:59:59+02:00,3756,3501,134801,131908,251600,238513,291730,293336,384625,400152,458676,466702,328665,367763,235598,300896,69927,127515,44523,44620,95959,104218,112409,134324,153904,194266,245451,269680,231318,262072,198654,254815,64256,116660,3147747,1796710,450198,233520,797487,402252,94884,410,298
2021-06-18T23:59:59+02:00,2806,2588,131520,128767,248077,235466,287723,289928,382228,398027,457337,465541,328289,367362,235443,300660,69900,127466,43735,43706,94382,102439,110119,131654,150354,190233,238594,262399,229594,260068,198169,254177,64181,116526,3121947,1767408,445762,232989,797460,395551,94608,410,297
2021-06-17T23:59:59+02:00,2573,2365,127804,125484,242054,231028,282499,285538,377443,394039,455005,463701,327693,366638,235199,300305,69835,127352,41493,41881,90330,98965,105224,126908,142489,182561,227197,251012,224394,254136,196519,252021,63922,116108,3087146,1711737,442779,228846,797197,384656,90142,344,289
2021-06-16T23:59:59+02:00,2302,2131,124573,122080,237159,226688,277811,281274,372272,389545,452406,461557,326945,365834,234908,299892,69769,127238,39662,40286,86793,95938,100875,123086,134257,175220,215098,239102,218166,247031,194598,249694,63670,115620,3053610,1651967,437250,223241,796691,376566,87535,342,288
2021-06-15T23:59:59+02:00,1915,1799,119658,117208,231175,221543,272459,276289,367206,384917,449556,459140,326074,364855,234555,299379,69687,127053,38045,38675,83472,92896,96910,119034,127209,168849,202752,227079,212140,240246,192638,247264,63360,115050,3008889,1594711,435322,217400,796124,368897,84818,342,285
2021-06-14T23:59:59+02:00,1652,1524,115608,113052,225952,216633,267099,271318,361914,380169,446437,456545,325289,363996,234244,298990,69625,126933,37065,37786,81194,90802,94204,116516,123095,165101,196154,220582,209032,236738,191503,245794,63141,114661,2966755,1565129,432970,215126,795865,361245,82067,340,282
2021-06-13T23:59:59+02:00,1579,1439,114116,111676,223508,214529,264558,269060,359657,378214,445265,455520,325013,363691,234108,298818,69593,126859,36198,37052,79336,89128,92192,114695,120269,162492,192281,216875,205941,233303,190471,244427,62909,114249,2951771,1551129,430533,207852,795562,353021,80008,340,280
2021-06-12T23:59:59+02:00,1430,1302,111463,108929,221614,212800,263172,267785,358220,376812,444368,454751,324726,363382,234016,298715,69575,126831,35829,36648,78349,88033,90941,113398,118690,160932,188717,213575,204907,232175,189071,242772,62899,114217,2935592,1537975,429554,207843,795538,345643,79876,339,279
2021-06-11T23:59:59+02:00,1282,1166,108921,106412,218718,210179,259505,264594,355084,374078,442649,453278,324290,362931,233880,298507,69548,126776,35153,35534,76341,84661,88707,109866,114587,155790,182017,206123,202811,229804,188467,242002,62837,114118,2911165,1510468,426757,207146,795356,332201,79182,338,278
2021-06-10T23:59:59+02:00,1120,1009,104165,102004,212645,205414,252448,258770,348990,368780,438151,449503,323428,361959,233557,298059,69464,126623,33573,34049,72339,80485,83787,104364,107919,147575,169673,192480,196734,222909,186738,239859,62583,113714,2867520,1463322,419655,205403,794516,305190,75038,335,273
2021-06-09T23:59:59+02:00,972,881,100248,98293,206683,200677,245634,253060,342333,362829,434471,446476,322747,361209,233285,297677,69399,126491,32041,32791,69106,77837,80086,101197,103198,143293,158522,181718,186108,210908,184875,237614,62310,113219,2828495,1409269,411134,201423,793997,293914,70387,314,268
2021-06-08T23:59:59+02:00,790,700,95721,93752,200048,195112,238674,247050,334084,355551,429359,441799,321907,360201,232911,297189,69319,126355,30968,31933,66517,75537,76802,98472,98620,139375,150922,174222,177394,201190,183069,235365,62078,112853,2776508,1370055,405370,196504,793402,283054,65871,314,259
2021-06-07T23:59:59+02:00,631,559,92502,90654,193984,190408,232118,241807,326251,349377,426310,439347,321358,359567,232694,296861,69265,126259,30098,31085,64053,73576,73847,96311,94854,136436,142833,166420,173343,196566,181636,233551,61856,112471,2737498,1342918,399206,193203,792828,271932,61040,313,259
2021-06-06T23:59:59+02:00,593,523,90925,89338,190698,187856,228763,239033,321966,345973,424870,438264,321085,359271,232586,296703,69241,126212,29495,30529,62281,71891,71768,94298,91660,133370,137144,160623,170805,193933,180525,232150,61627,112091,2722068,1331059,391810,183509,792344,261487,58290,311,254
2021-06-05T23:59:59+02:00,512,443,88980,87322,185824,183637,226295,236899,320149,344351,423871,437349,320799,358952,232438,296535,69227,126180,29036,29772,61079,69937,70370,92149,89984,131095,132383,155289,167800,190262,180040,231492,61593,112025,2698571,1307428,391679,183042,792217,256079,57903,310,253
2021-06-04T23:59:59+02:00,412,358,86626,84795,182159,180026,222289,232952,316554,340713,421509,435153,320342,358414,232241,296306,69188,126118,28569,29099,59959,68283,69084,90064,88191,128475,129012,151631,163566,185492,179048,230226,61545,111937,2669315,1288572,387854,182268,792100,246002,57481,310,252
2021-06-03T23:59:59+02:00,319,284,83338,81726,176431,175361,215031,226857,308838,334013,413749,428295,319306,357226,231870,295852,69132,125984,27678,28087,58065,66091,66687,87317,84554,124360,122246,144957,157220,177880,177474,228197,61431,111701,2620366,1259346,377607,176939,791678,233257,54540,307,245
2021-06-02T23:59:59+02:00,269,225,81256,79558,172347,171634,211386,223700,305254,330661,411704,426461,318896,356769,231716,295644,69104,125933,27210,27608,56936,64973,65088,86040,82494,122418,117267,140072,149338,168911,176753,227242,61346,111531,2591578,1227116,376221,174968,791651,229639,53637,304,238
2021-06-01T23:59:59+02:00,170,158,76990,75729,164063,165062,202025,215963,296159,322781,403494,418622,317380,355152,231174,294902,68990,125703,25659,26191,52622,62016,60250,82751,77066,117909,109832,132857,138231,155494,174648,224507,61138,111107,2532853,1176936,364576,170857,790892,217862,46745,302,233
2021-05-31T23:59:59+02:00,148,141,74243,73245,158401,160736,194715,209989,288765,316395,397750,413651,316382,354037,230786,294376,68900,125533,24744,25130,49994,59794,57075,80217,73458,114631,105331,128412,134078,150581,173277,222788,60968,110775,2492405,1154494,355183,168515,790249,207468,40891,301,231
2021-05-30T23:59:59+02:00,137,133,73193,72178,155919,158700,192091,207635,285980,313880,395863,411908,316019,353625,230625,294138,68862,125452,24140,24342,48401,58065,55334,78360,71227,112065,102675,125546,131922,148053,172484,221853,60876,110564,2476581,1144712,352662,167204,789615,196095,38010,300,226
2021-05-29T23:59:59+02:00,134,131,72584,71586,154408,157300,189790,205605,284141,312294,395026,411138,315797,353381,230544,294059,68851,125433,23817,23815,47481,56570,53992,76483,69301,109221,100354,122746,129115,144627,171831,220946,60849,110512,2462695,1131084,352501,167137,789549,185566,37985,300,225
2021-05-28T23:59:59+02:00,130,128,71496,70471,152010,155040,186131,202062,280869,309158,393165,409369,315385,352876,230397,293845,68832,125376,23285,22812,45872,54446,52166,73922,67259,105272,96024,116853,124735,139569,170854,219635,60802,110398,2438869,1108435,351447,166923,789338,171050,37606,298,221
2021-05-27T23:59:59+02:00,119,119,68184,67453,145522,150103,177944,195804,274473,303997,386850,403682,314116,351420,229933,293313,68760,125193,21963,21130,42617,51396,48285,70111,62702,99260,89668,109341,120801,134947,168051,215932,60629,110083,2394263,1079986,343823,164188,787528,150969,31876,297,215
2021-05-26T23:59:59+02:00,115,116,66029,65277,140569,146021,171844,190738,267720,298327,380108,396987,312592,349809,229441,292611,68657,124980,21218,20213,40794,49258,45929,67381,59664,95468,85080,104225,115815,129224,164251,210594,60419,109655,2356963,1048035,330623,162609,785705,139504,29140,296,214
2021-05-25T23:59:59+02:00,114,109,63997,63284,136366,142534,166790,186445,260653,292046,374683,391596,311295,348388,229028,291962,68574,124802,20641,19548,39395,47743,44097,65365,57188,92464,80997,99848,110876,123526,158708,203337,60249,109348,2319364,1016464,323113,159188,783167,130273,27507,292,209
2021-05-24T23:59:59+02:00,112,107,62755,62072,133607,140427,163511,184032,253703,286056,369747,386913,310466,347468,228741,291574,68502,124672,20300,19140,38376,46671,42750,63880,55508,90454,78765,97336,109450,121870,158100,202545,60137,109146,2295624,1007100,311996,157884,781361,123589,25960,292,205
2021-05-23T23:59:59+02:00,107,106,62257,61556,132506,139531,162315,182999,252462,285035,368158,385485,309846,346811,228568,291346,68482,124636,20067,18953,37825,46114,41994,63180,54344,89457,77274,95972,108273,120470,157122,201325,60066,109004,2284122,998917,311408,154807,781318,121989,25832,292,202
2021-05-22T23:59:59+02:00,104,104,61562,60934,131009,138451,159937,181371,249489,282742,365678,383256,309314,346215,228391,291079,68456,124585,19747,18531,37207,45507,41353,62648,53688,88728,76502,94821,106722,118664,156349,200354,60039,108950,2266143,992216,311393,154803,781278,118561,24331,292,202
2021-05-21T23:59:59+02:00,100,100,60231,59494,128101,135857,156647,178048,244251,277975,359581,377571,308379,345120,228095,290681,68395,124477,19387,18165,36593,44741,40702,61595,52735,87336,74778,92519,103481,114711,155209,198903,59947,108775,2230062,979192,309752,154475,779703,111965,24047,288,200
2021-05-20T23:59:59+02:00,91,98,57182,56704,122363,130982,149713,171729,233939,269221,350546,369287,305840,342374,227327,289669,68263,124258,18090,17229,34420,42497,38250,58700,49918,83561,70850,88023,99355,110063,152743,195883,59766,108419,2172055,959881,303088,152524,773744,94311,21145,280,200
2021-05-19T23:59:59+02:00,90,96,54971,54514,117356,126303,142544,165109,223404,259873,339992,358381,303194,339503,226577,288616,68112,123982,17508,16442,33196,40911,36841,56641,47911,80781,67609,84444,95472,105590,149114,191155,59504,107928,2106135,936480,296830,150545,770760,84805,19317,279,187
2021-05-18T23:59:59+02:00,86,91,52875,52552,112575,122044,136168,159536,211841,249514,330108,348581,300521,336535,225694,287411,67961,123729,16990,15835,31984,39449,35486,54844,46100,78371,64721,81218,91469,101054,145918,187090,59291,107494,2046270,916233,287463,147684,767167,76156,17335,275,187
2021-05-17T23:59:59+02:00,83,88,51842,51558,110239,119990,133352,156882,205319,243497,322535,341495,298728,334562,225103,286586,67854,123516,16533,15387,30934,38408,34314,53553,44620,76571,62461,78823,86629,95192,144455,185205,59143,107180,2019466,904536,275156,140215,763742,69474,15273,273,184
2021-05-16T23:59:59+02:00,82,85,51055,50903,108796,118666,131610,155219,202348,240817,315101,334540,297707,333428,224793,286101,67802,123418,16250,15015,30185,37628,33441,52635,43560,75258,61131,77352,83214,91115,143664,184128,59056,107040,2004123,898454,264730,133446,760501,65341,13520,270,180
2021-05-15T23:59:59+02:00,82,85,50516,50270,107797,117677,130596,154106,200410,238882,311530,331333,297086,332742,224597,285830,67782,123354,16110,14851,29931,37323,33155,52203,43075,74611,60282,76368,82617,90299,143150,183460,59020,106993,1987923,893217,264710,133299,759633,64213,12809,268,179
2021-05-14T23:59:59+02:00,81,84,49258,48847,105545,115588,127005,150655,192202,231815,305220,325451,296106,331605,224312,285381,67735,123259,15612,14421,29144,36501,32388,51012,41998,72829,58718,74415,80711,87812,142538,182470,58980,106907,1950670,883566,263012,132425,755092,58791,11762,266,178
2021-05-13T23:59:59+02:00,77,83,47345,46898,101710,112359,122300,146544,182188,223236,294621,315639,293139,328186,223500,284244,67635,123052,14752,13974,28289,35804,31627,50110,41055,71735,57207,72851,76935,83463,139773,178859,58870,106690,1899110,871019,254404,125375,748869,54941,10746,262,173
2021-05-12T23:59:59+02:00,75,81,46435,46191,99795,110931,120238,144884,179638,221127,289888,310313,291976,326919,223260,283923,67597,122967,14587,13823,27969,35585,31224,49821,40609,71361,56664,72285,75588,81832,138994,177726,58784,106530,1876043,865271,252240,123580,748379,54671,9946,258,172
2021-05-11T23:59:59+02:00,71,75,44191,44716,95770,107855,114435,140157,166279,209859,278247,299554,288575,323010,222305,282525,67447,122668,14159,13258,26960,34158,30094,48018,39305,69084,54954,70022,72503,78246,137637,175890,58625,106172,1817217,852994,242531,120893,739879,46811,8469,254,171
2021-05-10T23:59:59+02:00,70,71,42941,43740,93171,105850,111180,137526,157897,202838,270371,292446,286400,320559,221733,281664,67323,122426,13816,12815,26202,33173,29300,46760,38308,67230,53725,68294,70413,75691,136491,174381,58506,105885,1781670,844131,236483,119840,732912,39614,7493,250,163
2021-05-09T23:59:59+02:00,69,71,41818,42968,90488,104096,108519,135758,152885,199418,264849,287502,285160,319176,221357,281137,67257,122280,13501,12595,25509,32504,28573,45958,37515,66269,52793,67351,69186,74291,135894,173545,58451,105754,1762347,839561,229383,118862,726920,34843,6508,245,161
2021-05-08T23:59:59+02:00,68,71,41527,42665,89643,103365,107423,134901,151435,198202,262287,285437,284659,318635,221238,280958,67241,122248,13399,12533,25381,32412,28428,45829,37326,66074,52453,67033,68222,73370,134824,172181,58404,105661,1750296,834950,228873,118116,726694,34066,6495,234,147
2021-05-07T23:59:59+02:00,66,70,40602,41948,87706,102027,104597,132688,146816,194399,256034,279927,283320,317036,220890,280502,67188,122125,12654,12052,24556,31676,27664,44769,36463,64812,51269,65522,65973,70684,132598,169358,58314,105483,1724514,825272,225663,115846,722572,27283,5542,230,145
2021-05-06T23:59:59+02:00,62,69,37960,40226,82963,98574,98609,127937,136631,185890,239593,265514,278197,311244,219608,278814,67014,121812,11969,11535,23620,30571,26667,43420,35108,62813,49534,63549,63487,67557,130488,166597,58200,105265,1658981,814185,215760,112738,711684,18922,4630,218,144
2021-05-05T23:59:59+02:00,60,66,36073,39028,79307,95994,94010,124292,128814,179360,224846,251476,272017,304110,218037,276824,66768,121289,11735,11260,23081,29847,26064,42499,34183,61413,48381,62134,60876,64447,127544,162895,58102,105014,1592811,801898,210683,109170,705650,14947,3557,218,140
2021-05-04T23:59:59+02:00,60,64,34969,37922,76586,93675,90504,121256,123247,174630,214220,241214,266533,297667,216596,274980,66559,120821,11573,11056,22673,29306,25605,41726,33463,60324,47276,60863,58159,61269,125179,159959,57952,104778,1543787,790019,205563,106532,699575,11804,2904,216,138
2021-05-03T23:59:59+02:00,59,62,34098,36869,74298,91855,87631,118907,118810,170987,207570,235218,263256,293807,215796,273889,66438,120525,11326,10783,22279,28729,25124,41025,32775,59360,46253,59724,55371,57929,121404,155067,57695,104341,1512047,774170,202452,104820,694649,9051,1244,215,134
2021-05-02T23:59:59+02:00,59,62,33745,36554,73122,90949,86159,117815,116385,169120,204476,232701,262296,292718,215509,273479,66371,120417,11254,10711,22091,28516,24894,40739,32433,58954,45800,59248,54181,56467,118335,151387,57611,104210,1501441,769149,199656,99258,690777,8151,376,213,129
2021-05-01T23:59:59+02:00,58,62,33426,36180,72361,90155,85087,116773,114916,167756,201389,229673,261606,291893,215299,273199,66360,120378,11240,10695,22038,28486,24833,40701,32371,58897,45718,59171,53939,56175,118177,151191,57602,104193,1486350,767840,199648,99218,690511,8103,369,212,129
2021-04-30T23:59:59+02:00,55,60,32882,35579,71154,88932,83625,115043,111134,164189,193992,222558,259615,289524,214851,272589,66300,120270,10919,10499,21678,28208,24559,40280,32046,58336,45256,58540,53043,55011,117225,150005,57547,104074,1453451,764165,199321,97229,689714,5768,169,209,127
2021-04-29T23:59:59+02:00,53,59,31382,34629,68232,86908,79992,112439,106019,160077,181182,211014,251682,280429,213655,270957,66165,119927,10612,10285,21204,27760,24132,39783,31463,57595,44454,57610,51211,52817,115379,147768,57447,103879,1398575,755341,192040,94561,684343,3454,147,199,125
2021-04-28T23:59:59+02:00,52,57,30148,34020,66365,85597,77516,110617,102593,157220,171497,201850,240827,267833,212375,269272,65969,119601,10426,10125,20906,27408,23768,39313,31040,56937,43731,56787,49088,50196,112799,144533,57323,103667,1345945,745798,188674,90008,678977,2230,117,193,120
2021-04-27T23:59:59+02:00,49,56,29389,33335,64790,84134,75506,108808,99834,154823,166778,197131,232324,258030,211229,267660,65849,119378,10301,10014,20625,27119,23531,38983,30681,56440,43047,56100,47084,47653,110160,141099,57205,103467,1311929,735991,186367,86000,670991,1512,116,188,115
2021-04-26T23:59:59+02:00,48,56,28960,32949,63690,83251,74004,107642,97549,153109,158163,189128,228132,253189,210520,266663,65756,119179,10207,9924,20407,26931,23294,38769,30385,56099,42431,55531,45279,45506,108265,138619,57109,103313,1282987,728033,184922,82904,664266,1132,111,183,113
2021-04-25T23:59:59+02:00,48,55,28709,32709,62915,82728,72942,106906,95819,151882,152781,184262,223801,248309,209931,265883,65690,119056,10152,9891,20329,26853,23207,38687,30275,55972,42271,55372,44867,45010,107584,137714,57081,103242,1270228,726370,178787,81141,655597,1001,108,182,111
2021-04-24T23:59:59+02:00,48,54,28366,32283,61974,81505,71756,105458,94271,150223,147876,179116,221014,244975,209461,265209,65656,119006,10138,9873,20288,26811,23154,38620,30194,55886,42122,55236,44623,44702,107334,137418,57060,103214,1245359,725279,178757,80443,654316,958,107,182,109
2021-04-23T23:59:59+02:00,46,54,27620,31661,60406,79997,69969,103439,91681,147583,143095,174720,216466,239428,208805,264220,65593,118891,10085,9809,20178,26724,23023,38470,29961,55677,41759,54906,44007,43944,106273,136130,56904,102939,1220485,721928,177573,77964,645792,906,106,179,107
2021-04-22T23:59:59+02:00,44,53,27007,31061,58872,78563,67505,101228,87556,144092,135061,167235,207441,228438,206765,261593,65394,118495,9960,9713,19929,26426,22669,38038,29447,55164,41011,54271,42844,42621,104281,133679,56675,102542,1178993,714453,170125,74047,637458,782,106,174,103
2021-04-21T23:59:59+02:00,44,51,26514,30538,57542,77460,65624,99598,84517,141453,127878,160421,194366,213108,204618,258706,65168,118069,9829,9627,19698,26176,22382,37713,29091,54713,40459,53740,41997,41606,102088,130893,56421,102130,1127514,707903,167243,69963,631089,710,106,170,101
2021-04-20T23:59:59+02:00,43,50,26088,30068,56379,76316,63949,98018,81969,138881,122794,155359,182894,199658,202191,255570,64931,117640,9725,9537,19478,25988,22089,37445,28681,54299,39920,53208,41183,40675,99868,127910,56083,101593,1084899,700359,163757,66715,624313,630,104,167,94
2021-04-19T23:59:59+02:00,43,49,25722,29710,55408,75495,62663,96839,79842,136956,119272,151979,177143,192819,200481,253334,64746,117308,9617,9444,19247,25768,21845,37171,28367,53909,39408,52678,40387,39767,96771,123939,55678,100881,1060342,690010,161926,64297,617715,593,103,161,94
2021-04-18T23:59:59+02:00,42,44,25414,29449,54641,74949,61540,95893,77985,135529,115906,149587,172040,187267,199469,252105,64634,117114,9543,9369,19058,25593,21668,37006,28151,53633,39149,52429,40059,39384,95562,122395,55495,100582,1046357,686152,160257,62369,607162,578,103,158,93
2021-04-17T23:59:59+02:00,41,43,25306,29357,54270,74753,61024,95542,77332,134930,115058,148848,167788,182382,198934,251379,64600,117049,9498,9310,18920,25406,21481,36776,27924,53359,38885,52162,39760,39060,94797,121471,55430,100498,1035475,682139,160229,62055,603099,566,103,158,93
2021-04-16T23:59:59+02:00,41,43,24932,29107,53282,74144,59737,94664,75706,133600,110908,144706,160145,173614,197276,249176,64492,116840,9292,9135,18526,24973,20896,36202,26815,52455,36862,50567,36452,36124,91615,117949,55028,99843,1009564,667074,159436,55146,593579,537,102,157,92
2021-04-15T23:59:59+02:00,37,39,24457,28657,52033,72977,57775,92941,72433,130761,105449,139435,152285,164644,192621,243309,64195,116224,9118,8972,18157,24550,20404,35541,26136,51659,35470,49337,34344,34078,88502,114211,54520,98986,977389,653965,157383,49559,575663,487,101,155,89
2021-04-14T23:59:59+02:00,35,36,24118,28331,51099,72041,56433,91553,70048,128603,101454,135667,143089,154266,184887,233432,63853,115557,8710,8700,17683,24044,19869,34895,25227,50782,34183,48219,32302,31929,85524,110566,54028,98124,939536,639080,154714,45341,560416,392,100,150,88
2021-04-13T23:59:59+02:00,35,36,23881,28113,50401,71507,55488,90724,68413,127192,97732,132233,131276,141151,178497,225107,63515,114969,8475,8528,17337,23637,19445,34359,24561,49989,33118,47200,30919,30568,83369,108179,53670,97581,906321,629744,150196,40950,543916,270,100,148,86
2021-04-12T23:59:59+02:00,35,35,23672,27924,49847,70996,54622,89993,66943,125903,95103,129912,124168,133119,175273,221158,63243,114478,8238,8341,16974,23339,19073,33924,24091,49456,32453,46574,29394,29031,81706,106241,53344,97060,889911,621315,148653,37697,528024,256,98,145,84
2021-04-11T23:59:59+02:00,34,35,23498,27763,49321,70574,53891,89540,65800,125098,93246,128434,118684,127102,171356,216556,63073,114181,8104,8208,16678,23060,18756,33614,23733,49075,32008,46188,28759,28366,80690,104995,53135,96742,882445,616029,144245,35876,511667,241,93,140,81
2021-04-10T23:59:59+02:00,34,35,23437,27706,49154,70438,53691,89380,65472,124828,92723,127999,116601,124572,169917,214706,63031,114081,7516,7602,15791,22275,17798,32773,22613,48043,30896,45194,28100,27656,78602,102385,52868,96306,875450,600718,143390,35497,509139,236,88,140,81
2021-04-09T23:59:59+02:00,33,35,23189,27456,48654,69947,53054,88692,64475,123702,90900,126092,107774,113633,166534,210300,62832,113724,6557,6702,14261,20954,16078,31217,20472,46079,28689,43185,26329,25833,75100,98210,52323,95467,856022,573281,136338,33983,498843,224,80,136,78
2021-04-08T23:59:59+02:00,33,35,22893,27211,48078,69457,52299,87994,63166,122620,88480,123930,97464,101636,160984,203437,62496,113143,5913,6114,13073,19936,14820,29879,18833,44365,26199,40852,23312,22865,70452,92437,51179,93715,837300,541738,127445,32048,480797,194,71,134,78
2021-04-07T23:59:59+02:00,31,34,22581,26985,47275,69000,51371,87380,61780,121638,85338,121486,88283,91346,153979,194656,62202,112584,5533,5790,12413,19260,14003,29052,17794,43315,24298,38963,20783,20343,66493,87671,50185,92099,816914,518290,121847,29579,459379,166,64,128,75
2021-04-06T23:59:59+02:00,30,34,22371,26825,46746,68619,50781,86856,60750,120864,83231,119745,80530,82541,147617,186696,61858,111956,5339,5631,12062,18902,13650,28620,17261,42753,23441,38156,19658,19314,63339,83577,49264,90714,797651,504940,118636,26633,441957,156,59,124,72
2021-04-05T23:59:59+02:00,30,33,22272,26700,46434,68272,50394,86457,60203,120173,82051,118594,76052,77446,142614,180595,61657,111640,5199,5493,11801,18650,13356,28308,16938,42379,22996,37696,19196,18845,60457,80022,48564,89648,788208,495603,116883,23842,426721,152,56,121,72
2021-04-04T23:59:59+02:00,30,33,22224,26641,46313,68002,50224,86144,59923,119672,81542,117962,74609,75739,141910,179623,61620,111558,5195,5485,11783,18637,13344,28291,16919,42362,22899,37625,18790,18524,59020,78175,48358,89337,785671,490812,116776,23840,421523,146,52,119,70
2021-04-03T23:59:59+02:00,30,33,22162,26560,46190,67893,50060,85969,59607,119360,80974,117382,73263,74104,140794,178087,61537,111409,5186,5476,11770,18618,13321,28271,16886,42315,22793,37551,18655,18373,58671,77610,48269,89191,779307,489025,116734,23840,419574,146,51,118,70
2021-04-02T23:59:59+02:00,30,33,22084,26475,46029,67727,49842,85721,59139,118911,80095,116571,71708,72218,138515,175102,61340,111049,5167,5439,11722,18576,13266,28189,16797,42167,22521,37077,18299,18010,56338,74733,47457,88091,770184,480563,114961,23199,417647,146,47,117,68
2021-04-01T23:59:59+02:00,27,31,21889,26271,45612,67207,49196,84981,58264,117971,78216,114902,68442,68785,134421,169910,61014,110467,5020,5295,11450,18312,13042,27952,16476,41858,22017,36637,17481,17267,51494,68702,45783,85633,758491,462521,108862,21827,410460,134,42,113,67
2021-03-31T23:59:59+02:00,27,31,21561,26053,45210,66680,48699,84330,57536,117034,77058,113660,66396,66466,129655,163786,60610,109738,4942,5244,11352,18192,12883,27801,16237,41590,21430,36125,16354,16366,46280,62284,44401,83648,748710,444169,101694,20901,404338,131,37,111,62
2021-03-30T23:59:59+02:00,27,30,21384,25831,44810,66062,48193,83535,56828,115983,75920,112284,64555,64445,125274,158036,60142,108839,4875,5159,11248,18066,12691,27613,15909,41268,20856,35577,15523,15564,43523,58879,43289,81854,738526,432326,97469,19538,396401,104,33,107,61
2021-03-29T23:59:59+02:00,26,30,21186,25593,44348,65513,47717,82846,56094,114906,74687,110851,62068,61698,118536,149412,59372,107447,4777,5086,11143,17951,12538,27448,15665,40948,20401,35111,14874,15023,40938,55897,42182,80031,718005,421140,94048,18860,390496,89,31,106,60
2021-03-28T23:59:59+02:00,26,30,20980,25302,43848,64825,47201,82103,55415,113898,73744,109746,60810,60266,113828,143444,58929,106689,4722,5027,10998,17802,12281,27148,15473,40703,20234,34877,14635,14779,39862,54479,41833,79490,711475,416815,86737,17538,383091,69,31,105,57
2021-03-27T23:59:59+01:00,26,30,20860,25145,43556,64461,46837,81576,54915,113212,73070,109009,59655,59182,112343,141736,58862,106607,4709,5015,10971,17783,12263,27118,15112,40274,19834,34442,14344,14568,39377,53791,41360,78672,706202,412763,86035,16884,379061,65,31,105,57
2021-03-26T23:59:59+01:00,26,29,20608,24634,42750,62759,45868,79550,53582,110191,71054,105395,57643,57295,109588,138495,58533,106089,4690,4982,10948,17731,12193,27027,15034,40164,19493,33845,13875,13915,36307,49948,39305,75419,694790,398237,82718,16666,366795,52,28,105,57
2021-03-25T23:59:59+01:00,26,26,20176,23962,41876,60998,44773,77004,52071,106666,68665,101634,55048,54658,106279,134529,57963,105097,4644,4927,10857,17629,12072,26882,14852,39945,19220,33541,13407,13427,32465,44899,36311,70886,683369,379912,78523,16083,349775,47,25,103,57
2021-03-24T23:59:59+01:00,26,26,19772,23514,41094,59725,43754,75466,50692,104741,66564,99305,52267,51745,102027,129432,57323,104018,4589,4861,10767,17487,11905,26680,14626,39660,18857,33130,12959,12978,29901,41690,33194,66047,670563,364382,73648,14993,337501,40,20,101,56
2021-03-23T23:59:59+01:00,26,26,19525,23213,40535,58812,43029,74373,49657,103227,64904,97448,49975,49405,99275,126223,56765,103177,4530,4790,10668,17362,11760,26496,14382,39348,18448,32745,12470,12476,27471,38589,29522,60149,662435,346834,70306,14416,327076,39,19,99,56
2021-03-22T23:59:59+01:00,26,26,19303,22797,39894,57929,42363,73335,48712,101842,63431,95816,48148,47521,96881,123486,56293,102407,4472,4744,10580,17246,11631,26319,14224,39107,18208,32447,12161,12102,25639,36236,25552,53748,656132,330597,67503,13861,316797,36,19,96,54
2021-03-21T23:59:59+01:00,26,26,19164,22538,39402,57175,41813,72490,48059,100687,62487,94582,47102,46498,95238,121635,55921,101828,4456,4735,10544,17198,11584,26233,14164,39020,18126,32346,12041,11969,25211,35786,25199,53190,653551,328401,65476,13447,307864,35,17,94,52
2021-03-20T23:59:59+01:00,25,26,19106,22394,39191,56681,41573,71931,47749,100051,62048,93981,46449,45732,92640,118402,55633,101341,4447,4727,10535,17186,11556,26216,14122,38984,18047,32271,11887,11809,24570,35014,24436,52105,647081,324699,65028,13259,303061,35,17,94,52
2021-03-19T23:59:59+01:00,24,25,18751,21829,38059,54556,40292,69938,46014,97962,59168,91223,42012,41861,87422,112639,54931,100260,4426,4713,10502,17135,11491,26104,14030,38814,17814,31973,11538,11526,22900,32956,22754,49545,629327,315374,57815,12897,290040,30,17,90,52
2021-03-18T23:59:59+01:00,24,24,18357,21180,36884,52403,38754,67148,43860,93492,55326,85430,37986,38062,82693,107162,53842,98605,4406,4684,10436,17032,11413,25951,13885,38627,17601,31774,11306,11343,21657,31440,21043,46949,612405,307314,52071,12285,266967,28,16,89,50
2021-03-17T23:59:59+01:00,24,23,17933,20828,36161,51484,37988,66191,42781,92135,53537,83605,35313,35275,78670,102334,52897,97126,4383,4657,10374,16939,11339,25818,13773,38439,17407,31582,11068,11117,20416,30028,19452,44549,595718,299819,47671,11575,261122,24,16,87,50
2021-03-16T23:59:59+01:00,24,23,17574,20409,35415,50415,37175,64996,41683,90462,51696,81618,33112,33259,74636,97382,52016,95810,4333,4607,10300,16811,11247,25665,13673,38202,17275,31339,10897,10938,19138,28507,17971,42223,582452,292040,42983,11140,252474,24,12,85,50
2021-03-15T23:59:59+01:00,24,23,17294,20045,34706,49437,36383,63808,40780,88982,50435,80019,31389,31422,71349,93288,51321,94677,4311,4572,10234,16688,11181,25465,13557,37914,17127,31069,10732,10780,18406,27545,16717,40362,571322,286229,39659,10494,244610,24,2,83,50
2021-03-14T23:59:59+01:00,24,22,17025,19619,33851,48228,35483,62489,39722,87156,49180,78293,30224,30186,69356,90728,50877,94003,4287,4553,10189,16611,11125,25323,13497,37692,17037,30907,10660,10694,18226,27265,16455,39800,564212,285032,37781,9363,234683,15,0,79,50
2021-03-13T23:59:59+01:00,24,22,16208,18558,32353,46195,33910,60351,37682,84079,47045,75738,28874,28833,67340,88098,50608,93612,4287,4553,10187,16605,11122,25316,13488,37685,17030,30898,10623,10663,17478,26379,15410,38348,547851,280782,37497,9362,224375,15,0,79,50
2021-03-12T23:59:59+01:00,23,21,15109,17183,29913,43546,31244,57212,34819,79227,43830,71274,26037,25642,63034,82799,49624,92210,4274,4520,10168,16543,11104,25266,13444,37567,16939,30768,10348,10436,16593,25135,14339,36827,519821,274992,36185,9351,206923,12,0,77,49
2021-03-11T23:59:59+01:00,22,21,14066,15724,27660,40855,28924,54028,32229,74837,40077,66383,22639,22170,57053,75526,47710,89406,4233,4480,10088,16424,10991,25041,13327,37257,16774,30464,10047,10225,15962,24295,13673,35553,487897,271001,34595,7912,187001,9,0,76,45
2021-03-10T23:59:59+01:00,22,21,13471,15023,26253,39244,27271,52211,30665,72518,37558,63257,19886,19616,51145,68398,46158,87074,4199,4436,9989,16257,10872,24791,13179,36839,16575,30092,9808,10042,15218,23524,13014,34527,461486,266272,32549,7168,175918,7,0,73,45
2021-03-09T23:59:59+01:00,21,20,13190,14558,25130,38203,25855,51025,29599,70865,36180,61423,18703,18492,47636,63957,45035,85285,4175,4410,9904,16092,10768,24532,13026,36522,16399,29855,9684,9940,14553,22687,12516,33753,447882,262560,30017,6335,167427,7,0,73,43
2021-03-08T23:59:59+01:00,20,20,12858,13950,24050,37093,24587,49889,28665,69384,34949,59803,17623,17611,43514,58968,43807,83299,4160,4374,9843,15894,10665,24269,12893,36164,16272,29591,9600,9856,14058,22083,12202,33314,432418,259378,28011,5944,159807,2,0,72,42
2021-03-07T23:59:59+01:00,20,20,12625,13657,23458,36240,23889,49012,28064,68515,34342,59043,17360,17360,42445,57516,43442,82736,4148,4361,9821,15852,10638,24194,12863,35994,16215,29477,9578,9827,13860,21829,12068,33112,427651,258322,26197,5601,156040,0,0,70,41
2021-03-06T23:59:59+01:00,20,20,12512,13365,23056,35507,23357,48224,27015,66984,33242,57279,16972,17030,41800,56626,43141,82267,4145,4347,9810,15825,10620,24160,12853,35953,16197,29446,9561,9787,13814,21791,11965,32901,423580,257946,26133,5317,148845,0,0,70,39
2021-03-05T23:59:59+01:00,20,20,12099,12762,22373,34305,22675,46995,26259,65357,32008,54861,16325,16195,38337,52318,40987,78821,4118,4300,9740,15725,10570,24012,12785,35758,16111,29241,9467,9717,13629,21578,11593,32290,408379,256256,24680,4467,139792,0,0,70,37
2021-03-04T23:59:59+01:00,18,20,11340,11752,21186,32580,21461,44945,24904,62707,30313,52508,15597,15476,34336,47151,37910,74139,4069,4209,9627,15433,10467,23654,12652,35225,15969,28840,9288,9564,13471,21367,11508,32144,389947,253202,22604,4374,125923,0,0,70,34
2021-03-03T23:59:59+01:00,16,20,11030,11258,20498,31360,20687,43584,23996,60957,29268,50866,15118,14974,31724,43831,34824,69373,4029,4146,9546,15263,10388,23402,12546,34802,15790,28494,9103,9437,13344,21152,11362,31874,374505,250561,21808,4208,117202,0,0,66,31
2021-03-02T23:59:59+01:00,16,20,10769,10830,19855,30391,19974,42567,23211,59570,28298,49590,14492,14326,29049,40465,30937,63156,3981,4074,9484,15097,10319,23136,12442,34370,15689,28185,8978,9335,13206,20963,11285,31729,356322,248155,20300,4207,111019,0,0,65,31
2021-03-01T23:59:59+01:00,14,19,10597,10571,19342,29588,19411,41683,22622,58498,27583,48468,14078,13872,26977,37877,26681,56266,3965,4024,9429,14942,10255,22839,12361,33995,15584,27864,8895,9274,13023,20694,11170,31545,339098,245740,19187,4207,105983,0,0,64,31
2021-02-28T23:59:59+01:00,13,19,10429,10369,18875,28940,18875,40943,22141,57646,27094,47672,13870,13629,26370,37216,26276,55666,3949,4010,9404,14909,10236,22788,12345,33926,15557,27818,8868,9250,12892,20515,11107,31396,336634,244888,18330,4171,101197,0,0,64,30
2021-02-27T23:59:59+01:00,13,18,10250,9856,18547,28075,18617,40158,21858,56663,26769,46883,13599,13328,25700,36412,25353,54249,3937,3998,9382,14888,10205,22740,12306,33844,15511,27744,8847,9235,12873,20493,11085,31376,332732,244531,17607,4022,96124,0,0,64,30
2021-02-26T23:59:59+01:00,12,17,9456,9074,17650,26635,17837,37955,20930,53817,25310,44065,13134,12927,24112,34423,23826,51942,3856,3930,9304,14727,10131,22488,12226,33478,15397,27452,8769,9155,12807,20426,11046,31307,323606,242639,17354,3949,82271,0,0,64,29
2021-02-25T23:59:59+01:00,12,17,8301,8222,16334,25027,16571,35702,19696,50930,23604,41283,12660,12527,22833,32834,22330,49657,3732,3785,9138,14412,9912,21884,11973,32626,15072,26800,8573,9004,12544,20101,10906,31038,315988,238498,16581,3092,66074,0,0,63,28
2021-02-24T23:59:59+01:00,11,16,7937,7697,15681,23995,15944,34469,18983,49418,22813,40084,12267,12191,21533,31346,20651,47039,3660,3718,8997,14121,9736,21429,11769,32000,14810,26267,8432,8866,12402,19928,10841,30827,307776,235730,15614,2161,58785,0,0,63,27
2021-02-23T23:59:59+01:00,11,16,7454,7218,14866,22821,15259,33249,18263,48010,22096,39015,11959,11867,20193,29773,19037,44483,3619,3642,8877,13919,9598,21032,11580,31420,14511,25765,8264,8724,12275,19717,10770,30593,299660,232896,14814,1499,51212,0,0,63,25
2021-02-22T23:59:59+01:00,10,14,7347,7012,14484,22205,14908,32522,17799,47000,21601,38282,11760,11618,19444,28764,17723,42530,3590,3540,8740,13628,9435,20530,11325,30677,14142,25167,8018,8531,12076,19465,10664,30288,293790,229589,14203,314,47126,0,0,61,25
2021-02-21T23:59:59+01:00,10,14,7257,6886,14162,21759,14489,31939,17383,46349,21162,37788,11654,11516,19281,28551,17475,42197,3551,3500,8656,13504,9358,20314,11253,30385,14021,24898,7959,8469,12020,19357,10593,30124,292645,227748,13832,299,43490,0,0,59,25
2021-02-20T23:59:59+01:00,10,14,7140,6836,14037,21679,14373,31804,17264,46198,21003,37605,11555,11432,18498,27633,16417,40728,3549,3494,8646,13496,9348,20293,11239,30360,14007,24887,7954,8460,11956,19292,10539,30057,288384,227365,13635,298,42299,0,0,59,24
2021-02-19T23:59:59+01:00,8,13,6838,6585,13685,21241,14002,31137,16791,45401,20298,36736,10953,11030,17452,26303,15258,39120,3469,3471,8570,13468,9305,20236,11201,30267,13949,24793,7912,8400,11735,19020,10346,29726,282001,225659,13259,297,37681,0,0,56,22
2021-02-18T23:59:59+01:00,8,13,6441,6111,13059,20098,13363,29766,15975,43533,19425,35159,10725,10813,16860,25552,14682,38235,3284,3334,8236,12929,9012,19487,10851,29226,13581,23965,7708,8092,11149,18069,9850,28578,278427,217142,12678,297,28801,0,0,55,21
2021-02-17T23:59:59+01:00,8,12,6275,5769,12614,19218,12873,28577,15274,41813,18778,33834,10496,10562,16104,24739,13905,37047,3035,3174,7896,12413,8712,18697,10483,28180,13194,23116,7475,7857,10594,17218,9415,27763,273760,209012,11946,293,22274,0,0,55,21
2021-02-16T23:59:59+01:00,8,12,5950,5467,12078,18386,12371,27506,14730,40439,18185,32800,10342,10460,15434,23911,13397,36259,2854,3054,7593,11961,8405,17973,10088,27089,12736,22220,7206,7564,9885,16051,8690,26216,270229,199530,11450,137,16138,0,0,53,21
2021-02-15T23:59:59+01:00,8,12,5844,5286,11782,17742,12104,26724,14383,39446,17840,32032,10215,10349,14876,23261,13038,35725,2765,2973,7400,11639,8187,17466,9786,26244,12387,21538,6938,7281,9193,14995,8178,24937,267142,191899,10848,91,12762,0,0,50,20
2021-02-14T23:59:59+01:00,8,12,5576,5171,11532,17472,11880,26289,14151,38999,17649,31755,10171,10299,14642,22921,12873,35332,2715,2935,7287,11474,8059,17260,9610,25912,12208,21236,6843,7157,8971,14613,7991,24400,266138,188664,9915,89,10765,0,0,48,20
2021-02-13T23:59:59+01:00,8,12,5516,5133,11482,17435,11849,26257,14123,38967,17629,31736,10157,10271,14615,22888,12859,35314,2711,2932,7282,11467,8047,17238,9594,25877,12181,21193,6812,7123,8816,14401,7639,23773,265893,187159,9911,9,10534,0,0,47,19
2021-02-12T23:59:59+01:00,8,11,4999,4815,10913,17072,11532,25706,13805,38324,17298,31097,10047,10164,14434,22675,12778,35205,2660,2899,7187,11310,7947,17007,9447,25486,11968,20746,6629,6889,8453,13841,7046,22434,264204,182024,9900,7,6865,0,0,46,19
2021-02-11T23:59:59+01:00,8,11,4537,4514,10327,16392,11120,24900,13327,37065,16810,30238,9732,9903,14152,22227,12498,34519,2491,2624,6587,10118,7260,15273,8586,22867,10916,18662,5977,6179,7409,12228,6234,20122,260979,163607,8257,4,3130,0,0,44,15
2021-02-10T23:59:59+01:00,8,11,4291,4346,9992,15944,10812,24362,13016,36182,16395,29489,9514,9766,13970,22022,12406,34313,2129,2332,5649,8653,6456,13234,7601,19960,9791,16624,5435,5595,6423,10569,5462,18073,258329,144062,7757,3,839,0,0,41,3
2021-02-09T23:59:59+01:00,8,10,4227,4247,9868,15677,10702,23959,12843,35562,16183,29016,9336,9626,13775,21809,12264,34088,1733,1979,4867,7384,5683,11445,6684,17447,8710,14628,4861,4965,5376,9016,4733,15971,255874,125552,6978,1,434,0,0,40,3
2021-02-08T23:59:59+01:00,8,10,4193,4192,9774,15466,10593,23598,12724,35100,16039,28656,9242,9560,13573,21525,12156,33891,1568,1784,4308,6387,5019,9873,5868,14919,7693,12773,4304,4437,4400,7430,3972,13892,253493,108691,6464,1,428,0,0,38,3
2021-02-07T23:59:59+01:00,8,10,4028,4125,9617,15330,10491,23433,12644,34838,15927,28463,9201,9514,13426,21342,12082,33747,1354,1540,3889,5714,4606,8995,5444,13758,7208,11817,4052,4180,4172,7037,3812,13297,252394,100937,5919,1,0,0,0,34,2
2021-02-06T23:59:59+01:00,8,10,4019,4116,9606,15314,10478,23398,12622,34788,15909,28406,9182,9501,13409,21308,11976,33549,1202,1345,3657,5410,4421,8571,5228,13176,6929,11263,3918,4048,4047,6888,3535,12839,252053,96537,5633,1,0,0,0,34,1
2021-02-05T23:59:59+01:00,8,9,3946,4048,9534,15171,10412,23148,12536,34420,15795,28123,9098,9428,13338,21237,11626,32953,1061,1115,3376,4967,4162,7993,4913,12401,6547,10536,3665,3805,3890,6657,3029,11948,250174,90121,4741,0,0,0,0,34,1
2021-02-04T23:59:59+01:00,8,9,3888,3923,9413,14854,10236,22601,12349,33623,15577,27561,8975,9317,13113,20945,11511,32748,796,782,2553,3717,3228,6257,3962,9863,5229,8324,2994,3095,3278,5683,2641,10465,246221,72910,4516,0,0,0,0,32,1
2021-02-03T23:59:59+01:00,8,9,3819,3851,9311,14632,10132,22263,12216,33112,15427,27142,8866,9202,12972,20769,11434,32579,661,614,1926,2802,2496,4832,2992,7575,4004,6276,2184,2226,2392,4207,1915,7840,243488,54975,4343,0,0,0,0,31,1
2021-02-02T23:59:59+01:00,8,9,3751,3755,9212,14438,10034,21884,12074,32546,15225,26689,8740,9086,12850,20556,11350,32314,525,486,1458,2072,1907,3634,2251,5761,2986,4693,1544,1529,1631,2772,1333,5212,240267,39816,4341,0,0,0,0,29,1
2021-02-01T23:59:59+01:00,7,9,3711,3665,9134,14207,9927,21499,11934,31909,15042,26185,8621,8939,12741,20412,11300,32135,390,352,1015,1428,1256,2424,1468,3774,1857,2972,977,976,964,1691,763,3015,237124,25333,4341,0,0,0,0,27,1
2021-01-31T23:59:59+01:00,7,9,3693,3630,9080,14098,9858,21294,11866,31612,14939,25989,8566,8880,12689,20301,11255,32006,361,331,893,1239,1067,2052,1267,3221,1628,2605,880,885,863,1507,692,2708,235633,22208,4226,0,0,0,0,26,1
2021-01-30T23:59:59+01:00,7,9,3692,3627,9070,14085,9845,21271,11853,31592,14927,25975,8562,8875,12620,20232,11189,31929,345,307,833,1155,1011,1928,1203,3031,1553,2468,852,859,844,1467,677,2655,235314,21196,4133,0,0,0,0,26,1
2021-01-29T23:59:59+01:00,7,9,3632,3612,9009,14056,9816,21219,11820,31517,14880,25908,8538,8852,12435,20007,11009,31687,278,224,712,982,867,1568,1049,2642,1342,2143,763,768,795,1412,659,2602,234096,18812,4004,0,0,0,0,25,1
2021-01-28T23:59:59+01:00,7,8,3514,3525,8805,13668,9596,20706,11588,30935,14554,25411,8401,8751,12002,19388,10654,31111,131,57,293,360,374,610,459,1144,611,958,399,423,464,812,376,1570,229316,9045,3397,0,0,0,0,23,0
2021-01-27T23:59:59+01:00,7,8,3283,3390,8512,13250,9296,20082,11204,30101,14167,24675,8184,8540,11451,18585,10230,30348,80,33,202,222,241,414,305,798,432,656,301,307,343,604,281,1148,222610,6370,2786,0,0,0,0,23,0
2021-01-26T23:59:59+01:00,6,8,3119,3292,8230,12912,9033,19513,10900,29346,13771,24041,7946,8318,10876,17672,9583,29200,75,29,187,212,225,381,289,745,401,596,287,281,316,541,254,1018,215903,5840,1945,0,0,0,0,23,0
2021-01-25T23:59:59+01:00,6,8,3031,3198,7947,12431,8744,18810,10514,28346,13292,23279,7667,8117,10258,16854,9126,28299,67,21,166,191,191,322,250,624,350,493,251,236,262,463,205,831,209601,4926,408,0,0,0,0,21,0
2021-01-24T23:59:59+01:00,6,8,2987,3177,7862,12352,8670,18685,10405,28186,13163,23096,7623,8081,10193,16742,9078,28203,66,20,162,187,189,309,247,603,341,479,242,232,260,456,201,816,208294,4813,304,0,0,0,0,21,0
2021-01-23T23:59:59+01:00,6,8,2986,3176,7861,12349,8666,18675,10403,28172,13157,23091,7616,8078,10069,16577,8750,27616,65,20,162,187,188,308,245,603,339,479,242,232,260,456,201,814,207036,4804,302,0,0,0,0,20,0
2021-01-22T23:59:59+01:00,6,8,2923,3130,7737,12236,8583,18533,10293,27999,13076,22977,7585,8043,9872,16275,8232,26593,65,20,161,187,188,308,245,603,338,479,242,232,260,456,201,814,203885,4802,301,0,0,0,0,17,0
2021-01-21T23:59:59+01:00,6,8,2841,2960,7238,11323,8100,17387,9756,26373,12471,21763,7302,7717,9236,15331,7715,25542,59,18,146,173,171,277,219,528,301,439,218,207,233,379,176,692,192850,4239,301,0,0,0,0,15,0
2021-01-20T23:59:59+01:00,6,8,2481,2614,6356,9911,7355,15432,8805,23546,11363,19692,6702,7067,8143,13565,6901,23318,57,18,145,168,168,275,211,514,289,417,206,200,227,354,162,654,173039,4068,297,0,0,0,0,15,0
2021-01-19T23:59:59+01:00,6,8,2042,2259,5454,8524,6494,13542,7787,20766,10095,17458,5946,6189,6760,11380,5881,20276,41,11,96,124,114,169,148,351,190,289,131,114,141,237,114,488,150712,2759,216,0,0,0,0,15,0
2021-01-18T23:59:59+01:00,5,8,1770,1971,4697,7141,5541,11311,6590,17173,8670,14745,5071,5309,5382,9131,4811,16806,22,6,38,46,52,79,65,161,75,145,57,53,66,130,62,220,126096,1278,92,0,0,0,0,15,0
2021-01-17T23:59:59+01:00,4,8,1496,1681,4185,6346,5034,10180,6054,15606,8030,13483,4731,4960,5007,8456,4482,15800,8,2,8,15,16,28,20,50,28,56,23,23,20,31,13,47,115506,388,87,0,0,0,0,14,0
2021-01-16T23:59:59+01:00,4,7,1330,1478,3968,6025,4854,9742,5797,14943,7702,12790,4541,4732,4795,8181,4130,15197,0,0,0,1,1,2,1,1,1,2,0,1,1,0,0,1,110256,12,8,0,0,0,0,13,0
2021-01-15T23:59:59+01:00,4,7,1180,1252,3713,5604,4600,9177,5507,14108,7296,11992,4251,4440,4607,7875,3594,14150,0,0,0,0,0,0,0,0,0,0,0,0,0,0,0,0,103397,0,4,0,0,0,0,13,0
2021-01-14T23:59:59+01:00,3,4,906,941,2968,4420,3737,7362,4566,11364,5905,9646,3455,3571,3870,6650,3111,12345,0,0,0,0,0,0,0,0,0,0,0,0,0,0,0,0,84857,0,0,0,0,0,0,13,0
2021-01-13T23:59:59+01:00,3,3,771,788,2495,3688,3153,6140,3795,9424,4814,7770,2586,2659,2922,5069,2382,9445,0,0,0,0,0,0,0,0,0,0,0,0,0,0,0,0,67934,0,0,0,0,0,0,12,0
2021-01-12T23:59:59+01:00,2,3,639,658,2087,3025,2596,4990,3038,7584,3795,6104,1856,1842,1997,3434,1687,6449,0,0,0,0,0,0,0,0,0,0,0,0,0,0,0,0,51819,0,0,0,0,0,0,0,0
2021-01-11T23:59:59+01:00,1,1,495,523,1738,2448,2081,3991,2353,5764,2821,4427,1192,1139,1196,2020,931,3672,0,0,0,0,0,0,0,0,0,0,0,0,0,0,0,0,36817,0,0,0,0,0,0,0,0
2021-01-10T23:59:59+01:00,1,1,438,454,1478,2023,1742,3269,1945,4779,2344,3709,1052,1013,1052,1772,830,3219,0,0,0,0,0,0,0,0,0,0,0,0,0,0,0,0,31136,0,0,0,0,0,0,0,0
2021-01-09T23:59:59+01:00,1,1,407,409,1354,1846,1596,2979,1792,4331,2159,3378,980,943,997,1719,812,3176,0,0,0,0,0,0,0,0,0,0,0,0,0,0,0,0,28893,0,0,0,0,0,0,0,0
2021-01-08T23:59:59+01:00,1,1,310,280,1104,1501,1317,2309,1472,3552,1788,2761,846,835,909,1596,764,3021,0,0,0,0,0,0,0,0,0,0,0,0,0,0,0,0,24377,0,0,0,0,0,0,0,0
2021-01-07T23:59:59+01:00,1,0,145,75,397,506,481,792,592,1365,781,1202,466,482,560,964,465,1910,0,0,0,0,0,0,0,0,0,0,0,0,0,0,0,0,11187,0,0,0,0,0,0,0,0
2021-01-06T23:59:59+01:00,1,0,111,43,267,285,308,515,396,923,531,823,358,360,423,748,358,1443,0,0,0,0,0,0,0,0,0,0,0,0,0,0,0,0,7896,0,0,0,0,0,0,0,0
2021-01-05T23:59:59+01:00,1,0,87,30,189,230,242,429,318,814,448,701,342,346,407,716,351,1389,0,0,0,0,0,0,0,0,0,0,0,0,0,0,0,0,7043,0,0,0,0,0,0,0,0
2021-01-04T23:59:59+01:00,1,0,69,24,172,193,200,335,255,632,354,510,267,253,288,518,234,932,0,0,0,0,0,0,0,0,0,0,0,0,0,0,0,0,5239,0,0,0,0,0,0,0,0
2021-01-03T23:59:59+01:00,1,0,67,20,165,188,195,320,253,616,345,493,259,251,284,505,232,915,0,0,0,0,0,0,0,0,0,0,0,0,0,0,0,0,5111,0,0,0,0,0,0,0,0
2021-01-02T23:59:59+01:00,1,0,67,20,165,188,195,320,250,616,342,493,259,251,284,505,232,914,0,0,0,0,0,0,0,0,0,0,0,0,0,0,0,0,5104,0,0,0,0,0,0,0,0
2021-01-01T23:59:59+01:00,1,0,66,20,164,188,195,319,249,616,339,491,259,251,284,504,232,914,0,0,0,0,0,0,0,0,0,0,0,0,0,0,0,0,5094,0,0,0,0,0,0,0,0
2020-12-31T23:59:59+01:00,1,0,66,20,164,186,195,318,248,615,338,490,259,251,284,504,232,914,0,0,0,0,0,0,0,0,0,0,0,0,0,0,0,0,5087,0,0,0,0,0,0,0,0
2020-12-30T23:59:59+01:00,1,0,65,20,164,185,193,315,248,613,338,488,259,251,284,504,231,914,0,0,0,0,0,0,0,0,0,0,0,0,0,0,0,0,5075,0,0,0,0,0,0,0,0
2020-12-29T23:59:59+01:00,1,0,46,12,116,140,144,212,180,439,238,374,178,163,196,375,170,713,0,0,0,0,0,0,0,0,0,0,0,0,0,0,0,0,3698,0,0,0,0,0,0,0,0
2020-12-28T23:59:59+01:00,1,0,25,8,64,77,80,122,101,251,118,230,97,93,104,200,102,388,0,0,0,0,0,0,0,0,0,0,0,0,0,0,0,0,2062,0,0,0,0,0,0,0,0
2020-12-27T23:59:59+01:00,0,0,12,3,17,26,36,47,36,89,37,94,32,29,41,73,31,145,0,0,0,0,0,0,0,0,0,0,0,0,0,0,0,0,748,0,0,0,0,0,0,0,0
