Datum,<24_1_m,<24_1_w,25-34_1_m,25-34_1_w,35-44_1_m,35-44_1_w,45-54_1_m,45-54_1_w,55-64_1_m,55-64_1_w,65-74_1_m,65-74_1_w,75-84_1_m,75-84_1_w,>84_1_m,>84_1_w,<24_2_m,<24_2_w,25-34_2_m,25-34_2_w,35-44_2_m,35-44_2_w,45-54_2_m,45-54_2_w,55-64_2_m,55-64_2_w,65-74_2_m,65-74_2_w,75-84_2_m,75-84_2_w,>84_2_m,>84_2_w,bp_1,bp_2,mo_1,mo_2,az_1,az_2,ja
2021-06-14T23:59:59+02:00,133889,131929,227340,216739,265862,273824,373640,392175,435166,447693,310103,350421,219327,284939,57308,108789,42556,44917,81464,89781,92246,117433,127533,169732,195990,218247,202565,231178,183192,238804,51731,97796,2935143,1541713,426741,211479,788384,352903,79197
2021-06-13T23:59:59+02:00,132191,130377,225019,214755,263593,271792,371478,390256,434237,446897,309870,350169,219222,284798,57289,108739,41655,44131,79761,88302,90456,115807,124698,167191,192104,214304,200240,228657,182315,237640,51561,97503,2921141,1528414,424362,204609,788139,346068,77361
2021-06-12T23:59:59+02:00,129220,127315,223231,213127,262269,270567,370078,388890,433433,446188,309628,349910,219141,284701,57276,108718,41233,43653,78757,87206,89209,114550,123125,165653,188641,211085,199284,227609,181031,236099,51553,97481,2905191,1515480,423440,204606,788123,338951,77259
2021-06-11T23:59:59+02:00,126353,124532,220447,210617,259222,267902,366949,386180,432000,444927,309263,349504,219029,284530,57250,108672,40488,42336,76830,84048,87078,111157,118507,160066,182665,204339,197542,225639,180531,235446,51506,97400,2882394,1488942,420688,203943,787953,326156,76663
2021-06-10T23:59:59+02:00,120931,119593,214686,205984,252436,262312,360972,380986,428166,441624,308538,348667,218749,284125,57181,108544,38650,40531,72808,79909,82269,105675,111502,151484,170772,191265,192139,219507,179052,233596,51313,97073,2840025,1442814,413960,202263,787129,299893,72701
2021-06-09T23:59:59+02:00,116487,115429,209074,201392,245934,256801,354270,375017,425193,439171,307983,347996,218510,283779,57124,108439,36938,39095,69596,77279,78677,102530,106707,147142,159465,180129,182484,208526,177476,231651,51092,96655,2801913,1390140,406234,198420,786647,288883,68125
2021-06-08T23:59:59+02:00,111317,110313,202550,195948,239264,250970,345751,367500,421020,435295,307268,347092,218181,283355,57056,108324,35701,38075,66999,75078,75565,99839,102021,143147,151880,172466,174424,199536,175952,229733,50907,96348,2750996,1352035,400588,193561,786100,278362,63839
2021-06-07T23:59:59+02:00,107536,106738,196395,191207,232996,245967,338010,361406,418555,433261,306796,346519,217991,283064,57012,108245,34698,37119,64493,73125,72658,97723,98083,140071,143808,164451,171077,195657,174720,228149,50740,96036,2712665,1325622,394605,190435,785567,267497,59180
2021-06-06T23:59:59+02:00,105692,105206,193147,188704,229751,243303,333921,358131,417391,432376,306550,346270,217895,282917,56993,108204,34012,36440,62687,71462,70622,95750,94816,136964,138090,158562,169032,193520,173724,226875,50557,95715,2697543,1314002,387532,180979,785068,257346,56627
2021-06-05T23:59:59+02:00,103335,102769,188223,184375,227493,241316,332200,356526,416447,431485,306271,345966,217762,282764,56983,108177,33479,35622,61516,69586,69265,93723,93115,134795,133026,152917,166600,190495,173336,226318,50527,95666,2674258,1290623,387416,180515,784456,252692,56281
2021-06-04T23:59:59+02:00,100574,99896,184561,180763,223412,237244,328714,353085,414446,429624,305879,345493,217595,282561,56952,108125,32922,34823,60412,67944,68008,91607,91275,132214,129479,148980,162722,186152,172506,225262,50489,95590,2645294,1272142,383677,179750,784332,242678,55940
2021-06-03T23:59:59+02:00,96843,96433,178880,176110,216136,231133,320637,346098,407949,423671,305023,344509,217270,282161,56911,108015,31881,33628,58539,65821,65666,88821,87239,127859,123029,142321,156796,179088,171261,223604,50395,95386,2597046,1243376,373993,174820,783912,230115,53147
2021-06-02T23:59:59+02:00,94406,93922,174926,172548,212703,228133,317069,342818,406248,422130,304664,344117,217142,281977,56887,107974,31380,33074,57346,64746,64170,87572,85072,125713,117808,137150,149531,170803,170662,222795,50330,95236,2569077,1211703,372625,172865,783884,226545,52397
2021-06-01T23:59:59+02:00,89442,89528,166640,166018,203611,220569,308036,335011,398821,414957,303355,342717,216675,281316,56793,107786,29557,31422,52941,61843,59475,84329,79495,121079,110503,129754,138948,158023,168996,220559,50161,94877,2511418,1162624,361307,168812,783138,214919,45728
2021-05-31T23:59:59+02:00,86217,86669,160983,161728,196263,214546,300731,328702,393731,410491,302492,341719,216331,280856,56717,107650,28455,30206,50273,59686,56421,81824,75871,117735,106138,125298,135028,153419,167905,219122,50014,94606,2471370,1140664,352141,166599,782518,204746,40113
2021-05-30T23:59:59+02:00,84986,85461,158533,159708,193695,212200,297973,326215,392136,408977,302159,341345,216192,280645,56683,107580,27749,29275,48688,58038,54732,79972,73602,115143,103592,122535,133045,151074,167225,218307,49939,94428,2455755,1131084,349694,165305,781914,193635,37440
2021-05-29T23:59:59+02:00,84295,84795,156916,158194,191409,210220,296268,324719,391341,408226,301980,341138,216117,280583,56677,107563,27370,28615,47708,56554,53408,78047,71610,112209,101256,119764,130471,147891,166648,217522,49917,94381,2441947,1117657,349559,165246,781828,183166,37422
2021-05-28T23:59:59+02:00,83033,83499,154442,155885,187772,206645,293155,321762,389637,406567,301652,340714,215984,280387,56659,107518,26744,27412,46020,54473,51677,75406,69491,108187,96961,114075,126290,143013,165819,216432,49881,94282,2418450,1095363,348523,165033,781598,168830,37055
2021-05-27T23:59:59+02:00,79125,80036,147911,150920,179813,200554,286827,316646,383693,401117,300625,339532,215588,279898,56603,107362,25184,25458,42700,51427,47897,71619,64795,101903,90741,106815,122742,138758,163254,213054,49735,94003,2374390,1067353,340970,162324,779826,149149,31375
2021-05-26T23:59:59+02:00,76573,77574,142864,146729,173659,195442,280181,311032,377254,394652,299456,338243,215163,279277,56520,107185,24311,24383,40828,49258,45564,68829,61657,98002,86154,101791,118020,133161,159752,208135,49563,93645,2337504,1035901,327878,160778,778045,137804,28685
2021-05-25T23:59:59+02:00,74195,75304,138691,143225,168523,191123,272948,304570,372336,389694,298419,337067,214811,278689,56451,107043,23639,23603,39401,47714,43752,66788,59103,94917,81897,97242,113392,127742,154573,201334,49423,93398,2300342,1004860,320430,157390,775550,128710,27073
2021-05-24T23:59:59+02:00,72739,73955,135961,141120,164849,188409,266013,298429,368095,385627,297732,336278,214556,278335,56393,106938,23237,23118,38354,46624,42416,65310,57394,92866,79694,94807,112148,126229,154052,200647,49334,93224,2276911,995774,309477,156115,773797,122131,25549
2021-05-23T23:59:59+02:00,72171,73367,134826,140235,163709,187416,264726,297341,366547,384233,297203,335685,214418,278155,56374,106906,22971,22901,37810,46069,41648,64609,56191,91853,78326,93492,110912,124783,153285,199667,49278,93099,2265520,987790,308919,153225,773752,120568,25426
2021-05-22T23:59:59+02:00,71381,72669,133314,139171,161255,185711,261773,295054,364324,382205,296728,335128,214272,277924,56350,106864,22596,22409,37211,45510,41006,64096,55553,91078,77609,92404,109005,122566,152925,199187,49259,93053,2247835,981198,308902,153224,773711,117182,23977
2021-05-21T23:59:59+02:00,69870,71012,130407,136590,157953,182398,256363,290144,358796,376927,295981,334235,214004,277562,56301,106772,22182,21971,36616,44758,40362,63034,54522,89603,75851,90107,105743,118518,152082,198110,49182,92910,2212492,968400,307278,152906,772142,110657,23702
2021-05-20T23:59:59+02:00,66399,67861,124644,131696,150709,175957,246051,281243,350528,369231,293829,331899,213341,276675,56195,106585,20702,20817,34436,42563,37996,60089,51534,85698,71946,85733,101943,114180,149841,195356,49036,92617,2155312,949510,300773,151005,766227,93256,20828
2021-05-19T23:59:59+02:00,63827,65337,119535,126877,142925,169008,236201,272286,340063,358356,291870,329716,212698,275764,56069,106347,20029,19877,33217,41007,36585,57998,49424,82822,68642,82131,98244,109902,146458,190901,48821,92204,2090287,926444,294580,149064,763296,83856,19007
2021-05-18T23:59:59+02:00,61404,63079,114665,122547,136222,163142,224722,261939,330759,349025,289614,327157,211929,274708,55941,106144,19423,19138,32016,39560,35248,56184,47524,80350,65557,78741,94528,105619,143514,187146,48647,91826,2031138,906523,285335,146233,759769,75329,17045
2021-05-17T23:59:59+02:00,60161,61920,112314,120483,133381,160376,218020,255766,323565,342302,288064,325423,211422,273966,55859,105977,18904,18578,30987,38547,34098,54907,45994,78526,63274,76280,89717,99789,142358,185601,48517,91564,2004687,895129,273205,138826,756395,68793,15002
2021-05-16T23:59:59+02:00,59267,61146,110878,119170,131631,158691,214913,253002,316326,335478,287242,324458,211147,273534,55813,105897,18556,18151,30252,37772,33241,53992,44887,77183,61981,74821,86282,95708,141755,184758,48449,91446,1989565,889174,262855,132116,753198,64787,13264
2021-05-15T23:59:59+02:00,58664,60454,109886,118202,130612,157534,212777,250917,313020,332505,286698,323848,210976,273286,55799,105841,18397,17966,29995,37466,32965,53554,44386,76510,61165,73891,85637,94856,141338,184190,48420,91410,1973563,884032,262842,131972,752335,63682,12567
2021-05-14T23:59:59+02:00,57213,58836,107562,116075,126942,153962,204224,243589,307427,327235,285899,322876,210725,272899,55758,105765,17826,17483,29216,36635,32212,52332,43260,74654,59571,71978,83855,92423,140820,183383,48391,91339,1936729,874535,261185,131119,747824,58295,11536
2021-05-13T23:59:59+02:00,54964,56578,103739,112884,122159,149798,193736,234579,297408,317824,283414,319988,210037,271911,55679,105592,16849,16970,28417,35952,31455,51422,42323,73583,57993,70287,79664,87571,138717,180597,48300,91151,1885684,862170,252698,124149,741652,54499,10539
2021-05-12T23:59:59+02:00,53894,55730,101812,111489,120107,148149,191203,232455,292467,312184,282702,319232,209822,271628,55648,105518,16648,16803,28108,35734,31074,51133,41880,73209,57419,69675,78332,85914,138057,179644,48225,91014,1862856,856614,250553,122386,741172,54232,9742
2021-05-11T23:59:59+02:00,51350,54040,97668,108303,114301,143337,177219,220717,281617,301905,279864,315894,209017,270408,55528,105267,16136,16101,27103,34306,29968,49343,40563,70875,55631,67439,75336,82376,136892,178053,48103,90701,1804709,844534,240939,119735,732767,46461,8301
2021-05-10T23:59:59+02:00,49896,52914,95043,106266,111084,140725,168356,213307,274369,295204,277994,313769,208511,269627,55425,105065,15737,15557,26349,33337,29194,48071,39538,68930,54357,65750,73314,79859,135897,176721,48000,90460,1769644,835799,234941,118703,725900,39326,7348
2021-05-09T23:59:59+02:00,48565,51980,92384,104557,108415,138970,163171,209718,269081,290374,277051,312684,208176,269156,55372,104935,15360,15284,25671,32679,28481,47252,38765,67964,53342,64795,72162,78468,135389,176003,47955,90351,1750611,831296,227899,117743,719991,34622,6365
2021-05-08T23:59:59+02:00,48211,51625,91512,103836,107364,138108,161642,208451,266709,288426,276617,312222,208070,268994,55360,104909,15243,15215,25548,32588,28333,47130,38571,67754,52933,64439,71152,77433,134489,174835,47916,90272,1738805,826745,227397,117006,719774,33848,6357
2021-05-07T23:59:59+02:00,47155,50793,89526,102495,104470,135802,156600,204340,261082,283284,275487,310862,207780,268579,55313,104808,14411,14645,24749,31869,27601,46050,37671,66460,51683,62863,68755,74588,132638,172440,47841,90131,1713344,817224,224233,114775,715663,27091,5410
2021-05-06T23:59:59+02:00,44189,48803,84637,98945,98416,131001,145068,194733,246019,269623,271166,305976,206704,267122,55166,104550,13632,14030,23836,30778,26609,44640,36261,64442,49898,60843,66202,71337,130865,170128,47748,89933,1648469,806303,214431,111704,704988,18779,4501
2021-05-05T23:59:59+02:00,42051,47411,80896,96329,93767,127241,136247,187333,231976,255935,265895,299738,205360,265420,54972,104108,13358,13684,23313,30066,26001,43687,35314,63002,48711,59387,63393,67992,128354,166923,47667,89728,1583031,794246,209406,108174,699077,14833,3432
2021-05-04T23:59:59+02:00,40736,46110,78133,94022,90211,124144,130194,182076,221270,245374,261351,294302,204135,263845,54800,103711,13166,13440,22919,29518,25537,42921,34575,61869,47529,58030,60556,64670,126324,164398,47551,89533,1534483,782567,204326,105568,693082,11719,2786
2021-05-03T23:59:59+02:00,39712,44894,75762,92163,87332,121781,125382,178121,214813,239369,258546,290959,203457,262899,54702,103456,12889,13122,22523,28951,25055,42198,33890,60884,46429,56830,57374,60714,123127,160298,47344,89167,1503023,766894,201225,103876,688210,8976,1151
2021-05-02T23:59:59+02:00,39296,44490,74543,91283,85860,120677,122754,176096,211939,236979,257758,290020,203214,262530,54642,103360,12807,13046,22335,28735,24827,41897,33552,60481,45940,56293,55605,58674,120760,157344,47270,89059,1492532,761965,198472,98372,684403,8097,293
2021-05-01T23:59:59+02:00,38921,44068,73755,90460,84770,119633,121258,174679,208906,233976,257176,289311,203037,262277,54633,103331,12789,13030,22286,28706,24770,41858,33484,60425,45859,56209,55352,58360,120626,157184,47261,89044,1477552,760668,198471,98335,684136,8052,290
2021-04-30T23:59:59+02:00,38272,43354,72532,89218,83274,117909,116792,170593,202066,227150,255524,287333,202644,261756,54583,103240,12425,12813,21958,28427,24493,41426,33165,59842,45371,55596,54373,57082,119812,156167,47218,88947,1444901,757024,198149,96362,683349,5733,98
2021-04-29T23:59:59+02:00,36544,42253,69556,87189,79680,115276,111230,166125,188721,214704,248902,279697,201683,260374,54476,102943,12085,12560,21483,27983,24077,40910,32563,59094,44541,54632,52410,54716,118233,154246,47134,88779,1390520,748311,190942,93714,678066,3444,79
2021-04-28T23:59:59+02:00,35146,41554,67674,85848,77158,113424,107663,163120,178420,204667,239018,268150,200588,258933,54317,102675,11882,12371,21179,27632,23728,40436,32132,58422,43756,53758,50098,51852,115983,151424,47034,88595,1338175,738899,187615,89206,672762,2223,55
2021-04-27T23:59:59+02:00,34253,40742,66079,84368,75186,111636,104790,160645,173601,199654,230862,258737,199675,257596,54217,102491,11744,12239,20894,27348,23501,40100,31745,57912,43031,52993,47862,49052,113678,148398,46940,88434,1304505,729173,185331,85231,664893,1514,54
2021-04-26T23:59:59+02:00,33733,40283,64973,83492,73680,110463,102299,158797,164631,191073,227409,254705,199113,256773,54144,102316,11638,12137,20685,27172,23266,39881,31434,57569,42360,52329,45903,46681,112070,146274,46861,88311,1275939,721321,183900,82163,658243,1136,52
2021-04-25T23:59:59+02:00,33429,40002,64175,82974,72600,109717,100493,157544,158042,184687,224584,251457,198592,256102,54090,102210,11575,12093,20606,27100,23176,39794,31319,57441,42186,52159,45427,46105,111476,145466,46838,88250,1263365,719644,177778,80408,649751,1009,51
2021-04-24T23:59:59+02:00,33008,39476,63222,81748,71416,108256,98876,155852,152743,179081,222359,248727,198209,255538,54059,102169,11561,12075,20561,27057,23126,39731,31231,57354,42032,52003,45175,45792,111259,145209,46821,88224,1238686,718580,177755,79716,648493,966,50
2021-04-23T23:59:59+02:00,32129,38737,61637,80214,69646,106189,96119,153140,147779,174335,218346,243773,197626,254691,54012,102069,11507,12011,20443,26972,22989,39574,30993,57143,41664,51653,44498,44969,110275,143995,46697,88008,1214006,715271,176586,77257,640042,915,49
2021-04-22T23:59:59+02:00,31395,38018,60056,78737,67136,103907,91445,149257,139733,166472,209894,233462,195936,252489,53842,101736,11358,11876,20197,26683,22632,39143,30463,56627,40883,50998,43254,43547,108419,141667,46526,87697,1172748,707900,169182,73331,631775,791,49
2021-04-21T23:59:59+02:00,30821,37425,58673,77579,65215,102274,88248,146443,131969,158857,197546,218895,194171,250096,53649,101369,11220,11774,19963,26440,22350,38818,30099,56180,40335,50470,42313,42423,106355,138999,46332,87361,1121637,701462,166312,69290,625468,732,49
2021-04-20T23:59:59+02:00,30313,36867,57488,76428,63522,100643,85548,143751,126434,153181,186529,205894,192166,247514,53457,101004,11109,11679,19738,26243,22064,38542,29676,55752,39802,49946,41424,41337,104211,136151,46074,86920,1079302,694012,162847,66054,618776,655,48
2021-04-19T23:59:59+02:00,29892,36451,56503,75600,62213,99440,83300,141700,122710,149535,181066,199292,190724,245633,53304,100725,10975,11572,19526,26026,21816,38268,29350,55348,39302,49421,40538,40313,101224,132279,45757,86338,1054977,683810,161026,63678,612271,619,47
2021-04-18T23:59:59+02:00,29533,36147,55709,75037,61060,98465,81291,140206,119212,146911,176278,194040,189874,244563,53217,100563,10891,11484,19334,25855,21643,38102,29137,55069,39053,49182,40158,39864,100042,130769,45615,86106,1041117,679993,159364,61757,601809,608,47
2021-04-17T23:59:59+02:00,29405,36050,55299,74825,60561,98107,80607,139575,118133,145864,172278,189415,189423,243976,53191,100507,10835,11407,19200,25665,21447,37877,28901,54776,38797,48936,39847,39508,99317,129890,45567,86040,1030283,676028,159338,61444,597779,592,47
2021-04-16T23:59:59+02:00,28966,35744,54286,74200,59283,97205,78885,138164,113704,141360,164954,180898,188041,242130,53102,100335,10600,11198,18802,25252,20876,37299,27722,53819,36705,47297,36586,36578,96419,126617,45246,85502,1004544,661340,158558,54663,588338,568,47
2021-04-15T23:59:59+02:00,28410,35210,52987,72996,57266,95422,75445,135145,107863,135601,157306,172071,184062,237038,52861,99814,10406,11002,18426,24812,20382,36660,26999,52987,35289,46039,34418,34468,93490,123022,44846,84811,972505,648473,156511,49121,570662,516,47
2021-04-14T23:59:59+02:00,27997,34811,52044,72043,55868,93989,72961,132878,103458,131377,148153,161594,177089,228049,52586,99260,9944,10690,17972,24305,19850,36020,26022,52063,34025,44920,32223,32141,90746,119581,44457,84111,934849,633788,153847,44917,555641,419,46
2021-04-13T23:59:59+02:00,27718,34551,51325,71480,54937,93158,71193,131368,99025,127185,136610,148582,171482,220657,52309,98770,9678,10485,17628,23887,19428,35489,25327,51257,32960,43907,30812,30731,88716,117324,44186,83664,901808,624690,149350,40545,539372,298,46
2021-04-12T23:59:59+02:00,27467,34319,50742,70957,54069,92417,69641,129991,96074,124462,129328,140317,169035,217589,52083,98347,9416,10266,17273,23594,19066,35037,24841,50728,32252,43267,29244,29139,87156,115456,43928,83237,885512,616358,147824,37307,523680,287,46
2021-04-11T23:59:59+02:00,27247,34135,50221,70540,53337,91948,68437,129134,93976,122701,123021,133410,166382,214340,51951,98099,9265,10116,16968,23313,18765,34734,24466,50342,31832,42901,28565,28433,86187,114257,43759,82973,878126,611122,143434,35530,507497,275,46
2021-04-10T23:59:59+02:00,27167,34066,50066,70414,53129,91793,68102,128852,93394,122168,120517,130371,165488,213136,51916,98009,8592,9435,16072,22553,17824,33875,23303,49286,30788,41959,27884,27702,84160,111692,43532,82590,871179,595874,142586,35152,505001,271,45
2021-04-09T23:59:59+02:00,26874,33776,49588,69931,52470,91096,67031,127654,91325,119910,111438,119043,162822,209639,51754,97724,7503,8429,14539,21192,16078,32311,21072,47272,28743,40041,26039,25837,80790,107590,43101,81908,851890,568590,135569,33649,494797,258,41
2021-04-08T23:59:59+02:00,26548,33501,48988,69422,51723,90383,65642,126522,88671,117362,100889,106734,158030,203683,51491,97242,6752,7764,13351,20151,14805,30951,19365,45514,26224,37681,23048,22803,76219,101929,42208,80467,833357,537335,126722,31717,476937,233,37
2021-04-07T23:59:59+02:00,26176,33236,48178,68974,50807,89765,64122,125445,85099,114436,91629,96184,151903,195918,51246,96760,6330,7392,12670,19459,13975,30126,18299,44405,24219,35683,20504,20268,72369,97196,41413,79143,813112,514051,121155,29254,455797,200,33
2021-04-06T23:59:59+02:00,25920,33047,47671,68594,50230,89231,62994,124620,82729,112346,83362,86715,146515,189102,50976,96225,6114,7213,12313,19109,13636,29680,17734,43824,23335,34897,19376,19174,69167,93018,40688,78028,793941,500832,117959,26341,438561,187,33
2021-04-05T23:59:59+02:00,25800,32903,47361,68242,49843,88825,62407,123902,81371,111015,78379,81008,142353,183907,50807,95970,5960,7052,12036,18855,13351,29366,17406,43447,22894,34443,18889,18661,66188,89313,40185,77219,784575,491583,116216,23554,423485,183,31
2021-04-04T23:59:59+02:00,25750,32835,47232,67964,49665,88504,62134,123385,80804,110357,76936,79249,141750,183068,50779,95903,5957,7043,12023,18847,13340,29350,17391,43425,22756,34352,18502,18311,64710,87418,40052,77016,782059,486823,116117,23552,418324,175,29
2021-04-03T23:59:59+02:00,25677,32748,47110,67851,49505,88327,61781,123040,80249,109754,75464,77485,140802,181731,50711,95780,5949,7034,12007,18831,13317,29327,17352,43380,22652,34269,18358,18164,64352,86843,39990,76905,775728,485061,116079,23552,416394,175,28
2021-04-02T23:59:59+02:00,25591,32655,46948,67688,49270,88064,61272,122565,79352,108887,73725,75328,138785,179087,50557,95494,5927,6994,11963,18790,13263,29246,17255,43198,22374,33806,17980,17808,61900,83811,39356,76011,766666,476650,114310,22916,414478,175,27
2021-04-01T23:59:59+02:00,25355,32391,46524,67181,48623,87301,60384,121609,77430,107193,69747,70966,135542,174929,50312,95041,5751,6809,11708,18552,13038,29023,16930,42880,21862,33353,17124,17016,56908,77483,38015,74001,755079,458803,108260,21551,407375,160,24
2021-03-31T23:59:59+02:00,24999,32127,46107,66661,48142,86657,59635,120607,76251,105956,67406,68247,131171,169270,49981,94439,5665,6752,11604,18427,12890,28877,16669,42580,21239,32828,15945,16094,51604,70825,36924,72425,745388,440643,101138,20610,401317,157,23
2021-03-30T23:59:59+02:00,24807,31858,45695,66032,47645,85851,58897,119515,75101,104589,65286,65915,127122,163857,49608,93685,5593,6657,11499,18304,12691,28695,16328,42245,20657,32262,15077,15271,48768,67261,36037,70907,735263,428911,96938,19278,393451,128,19
2021-03-29T23:59:59+02:00,24574,31570,45232,65484,47165,85145,58140,118393,73827,103149,62266,62371,121015,156026,48989,92530,5494,6583,11403,18199,12530,28528,16082,41907,20188,31793,14419,14719,46022,64019,35180,69430,714877,417793,93526,18655,387662,112,19
2021-03-28T23:59:59+02:00,24327,31222,44734,64798,46658,84406,57444,117383,72888,102038,60334,60160,117018,150842,48629,91903,5434,6513,11256,18054,12275,28222,15913,41685,20019,31565,14176,14483,44892,62514,34926,69026,708386,413544,86246,17383,380341,90,19
2021-03-27T23:59:59+01:00,24189,31029,44447,64431,46278,83863,56934,116688,72157,101289,59229,59071,115632,149241,48580,91841,5421,6501,11226,18033,12256,28192,15506,41194,19650,31174,13895,14286,44300,61639,34579,68417,703171,409521,85550,16731,376366,81,19
2021-03-26T23:59:59+01:00,23893,30357,43605,62756,45323,81787,55541,113499,70144,97952,57081,57081,113146,146217,48325,91422,5399,6463,11202,17983,12184,28098,15423,41080,19283,30534,13416,13672,40781,57183,33061,65867,691864,395110,82254,16514,364196,69,19
2021-03-25T23:59:59+01:00,23419,29524,42690,60959,44225,79184,53943,109869,67771,94395,54366,54355,110076,142447,47875,90611,5348,6402,11109,17875,12063,27960,15240,40848,18990,30222,12913,13151,36350,51283,30783,62357,680508,376970,78067,15922,347318,65,18
2021-03-24T23:59:59+01:00,22945,28977,41928,59690,43224,77653,52474,107896,65697,92122,51445,51303,106104,137580,47356,89712,5286,6329,11012,17731,11893,27757,14998,40539,18625,29821,12455,12686,33237,47264,28287,58410,667784,361510,73212,14824,335295,62,15
2021-03-23T23:59:59+01:00,22665,28593,41339,58786,42519,76548,51395,106336,64027,90281,49115,48842,103468,134584,46924,89003,5220,6252,10913,17598,11744,27575,14740,40220,18210,29418,11940,12203,30293,43374,25230,53393,659780,344093,69879,14236,324950,60,14
2021-03-22T23:59:59+01:00,22380,28108,40720,57906,41858,75506,50400,104901,62540,88666,47235,46923,101208,131940,46554,88355,5147,6197,10838,17470,11609,27407,14576,39983,17966,29100,11637,11836,27920,40265,21898,47882,653551,328050,67081,13688,314751,59,14
2021-03-21T23:59:59+01:00,22214,27777,40217,57151,41320,74649,49737,103736,61589,87481,46147,45856,99645,130153,46251,87857,5132,6188,10802,17420,11561,27319,14518,39891,17881,28997,11514,11712,27460,39762,21598,47397,650992,325888,65060,13276,305908,54,13
2021-03-20T23:59:59+01:00,22143,27593,40006,56634,41077,74118,49418,103069,61137,86903,45423,45033,97139,126985,46006,87428,5123,6181,10791,17409,11534,27302,14473,39851,17787,28913,11354,11550,26737,38895,20945,46425,644559,322195,64615,13087,301117,54,13
2021-03-19T23:59:59+01:00,21718,26858,38837,54549,39798,72110,47577,100910,58160,84105,40921,41110,92245,121439,45451,86539,5100,6168,10759,17349,11470,27196,14384,39671,17533,28608,11012,11282,24776,36465,19595,44284,626884,312946,57430,12725,288188,46,13
2021-03-18T23:59:59+01:00,21254,26025,37586,52384,38258,69183,45293,96220,54281,78604,36884,37268,87711,116126,44582,85160,5074,6130,10692,17247,11390,27041,14233,39476,17315,28420,10771,11095,23266,34537,18193,42141,610053,304928,51702,12116,265234,41,13
2021-03-17T23:59:59+01:00,20775,25609,36863,51455,37481,68227,44166,94774,52459,76807,34058,34289,83910,111449,43798,83931,5044,6100,10631,17151,11321,26902,14113,39288,17098,28230,10550,10874,21789,32807,16868,40098,593483,297476,47316,11412,259419,38,13
2021-03-16T23:59:59+01:00,20366,25110,36093,50379,36682,67007,42981,93079,50608,74851,31824,32177,80010,106596,43082,82837,4986,6042,10559,17021,11230,26744,14016,39047,16953,28002,10382,10694,20289,31001,15640,38107,580348,289762,42636,10978,250863,36,11
2021-03-15T23:59:59+01:00,20041,24663,35367,49401,35897,65767,42043,91584,49328,73282,30072,30277,76773,102542,42542,81891,4962,5998,10495,16896,11158,26540,13896,38753,16804,27736,10214,10536,19373,29802,14605,36514,569272,283993,39324,10330,243047,33,0
2021-03-14T23:59:59+01:00,19721,24127,34465,48187,35031,64443,40941,89688,48133,71657,28877,29029,74813,100013,42195,81337,4936,5975,10444,16814,11101,26389,13839,38526,16713,27594,10139,10450,19189,29499,14359,35987,562189,282809,37462,9196,233176,23,0
2021-03-13T23:59:59+01:00,18799,22965,32984,46282,33518,62393,38847,86626,46125,69375,27606,27716,72828,97421,42017,81062,4935,5975,10442,16809,11096,26382,13834,38520,16708,27586,10092,10409,18318,28422,13458,34738,545875,278581,37177,9195,223673,21,0
2021-03-12T23:59:59+01:00,17508,21350,30461,43612,30906,59156,35862,81562,43009,65208,24801,24573,68554,92101,41281,79963,4923,5939,10423,16748,11077,26327,13787,38400,16609,27432,9823,10208,17274,26964,12571,33456,517932,272828,35867,9185,206266,18,0
2021-03-11T23:59:59+01:00,16275,19596,28189,40974,28621,55882,33150,77029,39259,60472,21412,21074,62540,84683,39753,77661,4876,5895,10346,16631,10966,26086,13664,38083,16435,27156,9527,9990,16600,26060,11975,32279,486012,268870,34280,7754,186427,15,0
2021-03-10T23:59:59+01:00,15589,18738,26700,39356,27020,54043,31540,74597,36640,57393,18719,18553,56569,77347,38548,75805,4833,5835,10247,16459,10852,25824,13509,37656,16229,26818,9299,9807,15775,25174,11423,31384,459696,264163,32244,7019,175364,12,0
2021-03-09T23:59:59+01:00,15250,18167,25490,38325,25678,52827,30455,72892,35261,55633,17554,17466,52997,72758,37647,74296,4802,5797,10165,16282,10742,25566,13345,37335,16072,26601,9172,9702,15050,24257,11009,30715,446192,260483,29726,6186,166916,12,0
2021-03-08T23:59:59+01:00,14858,17465,24322,37242,24475,51660,29502,71361,34035,54080,16474,16616,48749,67493,36678,72686,4786,5742,10098,16081,10637,25309,13204,36974,15954,26368,9101,9613,14496,23600,10759,30343,430774,257335,27721,5796,159337,3,0
2021-03-07T23:59:59+01:00,14592,17101,23703,36397,23758,50763,28922,70482,33471,53407,16218,16375,47610,65950,36414,72254,4772,5727,10079,16040,10609,25221,13171,36802,15898,26276,9081,9579,14281,23318,10647,30177,426050,256288,25913,5458,155588,0,0
2021-03-06T23:59:59+01:00,14456,16734,23272,35683,23233,49935,27812,68852,32405,51756,15912,16138,46895,64932,36206,71931,4768,5707,10067,16019,10594,25187,13161,36760,15880,26244,9061,9542,14234,23277,10549,29973,422004,255914,25850,5177,148430,0,0
2021-03-05T23:59:59+01:00,13982,16014,22579,34521,22567,48658,27025,67174,31178,49411,15289,15385,42978,59991,34596,69194,4738,5646,9997,15921,10539,25039,13094,36564,15797,26043,8966,9486,14043,23056,10203,29388,406852,254245,24403,4343,139413,0,0
2021-03-04T23:59:59+01:00,13123,14827,21371,32813,21381,46581,25610,64402,29545,47316,14577,14669,38349,53888,32255,65561,4687,5541,9886,15624,10441,24673,12962,36040,15652,25690,8809,9352,13882,22840,10133,29258,388470,251285,22333,4252,125589,0,0
2021-03-03T23:59:59+01:00,12765,14239,20672,31606,20611,45198,24683,62646,28567,45814,14112,14199,35204,49760,29773,61664,4643,5465,9803,15445,10361,24420,12851,35605,15460,25378,8656,9233,13748,22614,10003,29010,373082,248671,21564,4091,116987,0,0
2021-03-02T23:59:59+01:00,12466,13728,20023,30649,19899,44165,23881,61239,27636,44610,13487,13589,31991,45561,26514,56351,4589,5382,9741,15280,10292,24141,12752,35175,15358,25097,8538,9137,13605,22420,9939,28883,354967,246304,20113,4090,110825,0,0
2021-03-01T23:59:59+01:00,12253,13386,19509,29829,19347,43316,23289,60150,26954,43536,13083,13152,29339,42167,22909,50371,4566,5321,9690,15118,10224,23841,12672,34762,15259,24826,8461,9083,13411,22127,9851,28741,337840,243928,19055,4090,105809,0,0
2021-02-28T23:59:59+01:00,12052,13142,19022,29180,18844,42547,22795,59304,26483,42787,12884,12944,28710,41453,22565,49852,4547,5306,9670,15086,10203,23789,12655,34695,15232,24791,8437,9058,13270,21923,9802,28623,335428,243096,18198,4056,101050,0,0
2021-02-27T23:59:59+01:00,11828,12494,18705,28375,18590,41768,22508,58280,26155,42063,12618,12661,27925,40506,21786,48603,4536,5293,9646,15067,10171,23728,12616,34621,15193,24725,8419,9042,13258,21908,9801,28619,331526,242752,17478,3956,95971,0,0
2021-02-26T23:59:59+01:00,10919,11559,17836,26916,17811,39474,21555,55345,24685,39469,12252,12373,26066,38172,20568,46677,4445,5207,9571,14912,10101,23458,12531,34245,15076,24471,8344,8971,13192,21828,9766,28563,322443,240862,17225,3883,82116,0,0
2021-02-25T23:59:59+01:00,9634,10549,16518,25299,16559,37154,20264,52329,23040,36934,11858,12085,24564,36230,19342,44786,4314,5038,9397,14593,9890,22812,12269,33384,14766,23902,8162,8827,12926,21476,9647,28338,314839,236762,16458,3043,65952,0,0
2021-02-24T23:59:59+01:00,9194,9923,15883,24258,15942,35880,19517,50772,22268,35882,11501,11770,23029,34386,17927,42550,4229,4939,9257,14308,9713,22341,12072,32751,14505,23413,8032,8697,12789,21302,9591,28146,306623,234014,15497,2133,58664,0,0
2021-02-23T23:59:59+01:00,8627,9329,15078,23101,15283,34626,18762,49355,21582,34932,11235,11471,21437,32484,16597,40360,4186,4853,9128,14082,9575,21921,11877,32176,14197,22967,7886,8556,12671,21091,9530,27930,298541,231212,14699,1475,51119,0,0
2021-02-22T23:59:59+01:00,8488,9069,14692,22481,14927,33898,18287,48312,21111,34273,11056,11231,20491,31223,15509,38693,4152,4728,8981,13778,9404,21392,11610,31430,13818,22425,7674,8376,12474,20840,9442,27644,292709,227928,14089,300,47042,0,0
2021-02-21T23:59:59+01:00,8381,8894,14355,22040,14515,33317,17862,47626,20700,33849,10956,11141,20323,30997,15281,38381,4104,4674,8902,13646,9327,21172,11537,31135,13704,22176,7613,8325,12411,20728,9382,27493,291576,226101,13720,287,43419,0,0
2021-02-20T23:59:59+01:00,8247,8837,14239,21955,14400,33191,17738,47455,20545,33686,10850,11053,19426,29899,14364,37109,4101,4668,8894,13637,9316,21151,11522,31108,13691,22170,7610,8317,12339,20652,9339,27440,287336,225728,13524,286,42230,0,0
2021-02-19T23:59:59+01:00,7909,8548,13892,21505,14023,32495,17252,46647,19797,32817,10318,10720,18213,28352,13404,35746,4009,4643,8828,13609,9273,21088,11490,31013,13626,22085,7568,8261,12094,20339,9175,27153,280964,224028,13149,285,37617,0,0
2021-02-18T23:59:59+01:00,7455,7945,13268,20389,13385,31089,16414,44697,18950,31412,10143,10539,17557,27516,12909,34967,3801,4455,8488,13062,8981,20318,11139,29959,13272,21355,7363,7945,11463,19307,8750,26128,277412,215559,12569,285,28744,0,0
2021-02-17T23:59:59+01:00,7256,7507,12817,19510,12877,29847,15708,42893,18337,30275,9939,10317,16692,26560,12261,33935,3522,4237,8144,12557,8693,19481,10754,28880,12902,20621,7138,7712,10855,18374,8381,25422,272740,207446,11838,283,22241,0,0
2021-02-16T23:59:59+01:00,6860,7128,12300,18657,12381,28717,15158,41519,17770,29362,9798,10213,15963,25643,11833,33252,3313,4083,7840,12089,8383,18730,10344,27766,12464,19822,6878,7407,10075,17107,7739,24018,269188,197985,11342,129,16109,0,0
2021-02-15T23:59:59+01:00,6736,6886,12007,18024,12109,27913,14796,40515,17444,28668,9680,10112,15342,24921,11550,32794,3213,3975,7642,11753,8165,18214,10035,26913,12119,19179,6602,7131,9337,15949,7290,22886,266098,190375,10739,84,12745,0,0
2021-02-14T23:59:59+01:00,6444,6745,11767,17746,11890,27467,14564,40070,17258,28428,9638,10063,15089,24550,11409,32439,3158,3928,7526,11587,8032,18009,9863,26563,11947,18905,6495,6999,9116,15545,7128,22392,265098,187164,9803,84,10749,0,0
2021-02-13T23:59:59+01:00,6372,6699,11726,17715,11859,27435,14540,40041,17240,28406,9625,10038,15060,24523,11402,32424,3153,3923,7519,11582,8022,17989,9845,26528,11917,18864,6472,6967,8950,15312,6790,21791,264864,185672,9802,7,10522,0,0
2021-02-12T23:59:59+01:00,5774,6336,11204,17344,11554,26886,14217,39373,16925,27810,9525,9964,14867,24297,11340,32332,3097,3876,7426,11428,7916,17739,9688,26139,11707,18423,6291,6745,8566,14705,6240,20526,263175,180561,9792,6,6863,0,0
2021-02-11T23:59:59+01:00,5243,5967,10649,16675,11137,26030,13726,38122,16456,27030,9232,9717,14581,23842,11086,31685,2899,3504,6790,10203,7242,15934,8807,23467,10669,16560,5675,6065,7479,12923,5529,18443,259978,162237,8155,3,3126,0,0
2021-02-10T23:59:59+01:00,4969,5755,10299,16219,10842,25485,13386,37194,16064,26364,9043,9589,14407,23629,11000,31494,2477,3106,5851,8726,6440,13805,7799,20523,9611,14795,5161,5493,6434,11164,4872,16578,257331,142877,7661,1,828,0,0
2021-02-09T23:59:59+01:00,4893,5630,10176,15946,10735,25074,13208,36551,15853,25938,8867,9460,14206,23416,10882,31291,2038,2644,5051,7458,5658,11952,6886,17957,8556,13045,4606,4847,5350,9486,4244,14708,254896,124524,6884,1,426,0,0
2021-02-08T23:59:59+01:00,4851,5560,10088,15722,10622,24708,13088,36058,15720,25640,8779,9398,13989,23102,10800,31143,1835,2368,4484,6454,5001,10300,6045,15384,7560,11421,4092,4320,4323,7802,3589,12833,252555,107845,6370,1,421,0,0
2021-02-07T23:59:59+01:00,4663,5480,9948,15588,10522,24530,13001,35791,15618,25473,8744,9354,13835,22892,10741,31032,1588,2052,4062,5794,4600,9387,5607,14216,7093,10557,3850,4072,4096,7398,3451,12283,251462,100137,5826,1,0,0,0
2021-02-06T23:59:59+01:00,4654,5467,9936,15573,10508,24490,12981,35742,15600,25422,8726,9337,13813,22859,10641,30838,1406,1804,3835,5517,4420,8931,5381,13611,6812,10036,3731,3967,3974,7240,3180,11840,251120,95715,5543,1,0,0,0
2021-02-05T23:59:59+01:00,4572,5382,9867,15433,10443,24220,12889,35367,15487,25168,8648,9269,13741,22779,10297,30252,1241,1518,3550,5088,4155,8336,5072,12816,6416,9356,3491,3744,3816,7000,2697,10989,249236,89313,4652,0,0,0,0
2021-02-04T23:59:59+01:00,4505,5230,9738,15106,10278,23638,12689,34562,15276,24685,8532,9160,13507,22467,10203,30081,917,1072,2693,3817,3245,6539,4078,10196,5115,7383,2863,3070,3220,5975,2350,9607,245302,72160,4429,0,0,0,0
2021-02-03T23:59:59+01:00,4427,5135,9623,14885,10173,23266,12553,34029,15123,24304,8426,9037,13348,22259,10134,29869,755,836,2030,2884,2505,5052,3119,7811,3891,5587,2071,2223,2366,4477,1718,7225,242404,54565,4261,0,0,0,0
2021-02-02T23:59:59+01:00,4355,5028,9521,14677,10070,22864,12401,33448,14922,23902,8319,8917,13226,22043,10056,29618,599,655,1533,2128,1919,3805,2349,5944,2886,4184,1458,1490,1612,2979,1195,4807,239180,39554,4259,0,0,0,0
2021-02-01T23:59:59+01:00,4310,4917,9430,14439,9963,22441,12261,32799,14741,23450,8205,8782,13128,21907,10012,29451,455,470,1051,1466,1266,2531,1507,3850,1790,2665,913,949,967,1824,683,2774,236049,25169,4259,0,0,0,0
2021-01-31T23:59:59+01:00,4288,4869,9376,14325,9891,22237,12193,32495,14649,23274,8151,8730,13075,21791,9973,29332,415,433,921,1271,1082,2142,1300,3271,1562,2361,826,860,862,1630,620,2490,234572,22051,4148,0,0,0,0
2021-01-30T23:59:59+01:00,4288,4866,9366,14312,9875,22212,12181,32476,14636,23264,8149,8725,13009,21715,9932,29284,397,401,855,1186,1028,2016,1231,3081,1491,2237,803,836,843,1590,607,2441,234258,21047,4103,0,0,0,0
2021-01-29T23:59:59+01:00,4218,4852,9316,14279,9843,22160,12151,32402,14589,23202,8127,8698,12798,21455,9779,29082,320,300,732,1009,883,1640,1078,2693,1285,1945,724,750,794,1534,592,2395,233044,18676,3978,0,0,0,0
2021-01-28T23:59:59+01:00,4081,4730,9111,13884,9626,21637,11906,31818,14279,22757,7996,8603,12323,20760,9480,28586,152,82,291,376,375,637,470,1174,594,866,390,419,469,891,338,1448,228268,8972,3379,0,0,0,0
2021-01-27T23:59:59+01:00,3821,4547,8807,13473,9327,20977,11527,30972,13905,22098,7789,8393,11726,19871,9121,27935,93,52,199,230,245,434,309,817,427,594,293,305,346,660,255,1060,221576,6319,2779,0,0,0,0
2021-01-26T23:59:59+01:00,3634,4420,8522,13113,9065,20393,11211,30189,13512,21543,7569,8170,11093,18878,8546,26886,88,48,185,220,227,394,295,760,394,544,281,279,316,587,233,944,214872,5795,1938,0,0,0,0
2021-01-25T23:59:59+01:00,3535,4286,8223,12617,8770,19663,10810,29177,13033,20854,7322,7978,10425,17965,8155,26110,79,38,164,196,197,335,252,633,344,452,242,238,264,504,188,766,208591,4892,396,0,0,0,0
2021-01-24T23:59:59+01:00,3486,4258,8138,12535,8698,19539,10698,29001,12908,20698,7288,7939,10356,17856,8113,26018,78,36,160,192,195,322,250,612,335,439,234,235,262,496,184,752,207294,4782,298,0,0,0,0
2021-01-23T23:59:59+01:00,3484,4256,8138,12534,8694,19530,10697,28989,12900,20693,7284,7938,10219,17673,7798,25451,78,36,160,192,194,321,247,612,334,439,234,235,262,496,184,752,206044,4776,297,0,0,0,0
2021-01-22T23:59:59+01:00,3413,4204,8014,12421,8613,19379,10589,28829,12828,20586,7254,7908,9991,17328,7312,24472,78,36,159,192,194,321,247,612,333,439,234,235,262,496,184,752,202907,4774,297,0,0,0,0
2021-01-21T23:59:59+01:00,3301,3959,7498,11494,8143,18207,10032,27169,12242,19493,6988,7605,9291,16244,6868,23543,71,33,143,176,178,288,222,537,294,402,211,208,229,409,157,632,191840,4190,297,0,0,0,0
2021-01-20T23:59:59+01:00,2879,3507,6609,10047,7391,16159,9048,24291,11170,17662,6424,6943,8132,14379,6175,21531,70,33,142,170,175,287,214,520,283,383,200,200,220,383,147,597,172106,4024,294,0,0,0,0
2021-01-19T23:59:59+01:00,2378,3033,5690,8663,6511,14173,8023,21432,9926,15644,5689,6052,6695,12007,5286,18774,46,23,95,124,118,177,151,353,182,271,122,112,141,262,99,440,149809,2716,213,0,0,0,0
2021-01-18T23:59:59+01:00,2060,2627,4899,7249,5549,11821,6796,17726,8536,13244,4845,5179,5264,9587,4343,15588,25,12,36,46,54,84,66,155,68,134,59,53,61,140,56,207,125267,1256,90,0,0,0,0
2021-01-17T23:59:59+01:00,1743,2250,4378,6473,5049,10632,6251,16117,7904,12095,4518,4838,4896,8893,4047,14646,11,4,6,14,15,32,19,44,25,49,25,23,15,36,12,41,114680,371,88,0,0,0,0
2021-01-16T23:59:59+01:00,1547,1992,4165,6180,4868,10157,5985,15428,7575,11443,4349,4645,4685,8601,3705,14068,0,0,0,0,2,3,0,0,1,2,0,1,0,0,0,1,109425,10,5,0,0,0,0
2021-01-15T23:59:59+01:00,1375,1709,3908,5776,4610,9572,5694,14562,7158,10680,4070,4379,4501,8279,3194,13064,0,0,0,0,0,0,0,0,0,0,0,0,0,0,0,0,102562,0,3,0,0,0,0
2021-01-14T23:59:59+01:00,1042,1281,3133,4564,3754,7668,4709,11744,5772,8567,3320,3545,3803,7017,2766,11390,0,0,0,0,0,0,0,0,0,0,0,0,0,0,0,0,84102,0,0,0,0,0,0
2021-01-13T23:59:59+01:00,883,1079,2635,3800,3155,6384,3930,9678,4657,6895,2444,2642,2886,5353,2120,8667,0,0,0,0,0,0,0,0,0,0,0,0,0,0,0,0,67231,0,0,0,0,0,0
2021-01-12T23:59:59+01:00,738,909,2203,3109,2589,5188,3159,7813,3649,5396,1735,1799,1981,3675,1504,5944,0,0,0,0,0,0,0,0,0,0,0,0,0,0,0,0,51410,0,0,0,0,0,0
2021-01-11T23:59:59+01:00,589,731,1831,2507,2077,4155,2424,5875,2689,3901,1094,1099,1181,2171,827,3359,0,0,0,0,0,0,0,0,0,0,0,0,0,0,0,0,36525,0,0,0,0,0,0
2021-01-10T23:59:59+01:00,516,628,1558,2063,1730,3401,1997,4856,2235,3284,977,981,1037,1906,737,2942,0,0,0,0,0,0,0,0,0,0,0,0,0,0,0,0,30860,0,0,0,0,0,0
2021-01-09T23:59:59+01:00,481,567,1429,1887,1584,3092,1833,4393,2060,2999,908,916,981,1853,722,2904,0,0,0,0,0,0,0,0,0,0,0,0,0,0,0,0,28619,0,0,0,0,0,0
2021-01-08T23:59:59+01:00,364,415,1173,1516,1312,2418,1505,3604,1708,2465,789,810,895,1725,684,2772,0,0,0,0,0,0,0,0,0,0,0,0,0,0,0,0,24163,0,0,0,0,0,0
2021-01-07T23:59:59+01:00,172,113,405,524,475,820,612,1415,757,1075,448,475,562,1060,415,1764,0,0,0,0,0,0,0,0,0,0,0,0,0,0,0,0,11092,0,0,0,0,0,0
2021-01-06T23:59:59+01:00,130,67,266,293,309,530,411,961,521,740,338,357,422,821,324,1332,0,0,0,0,0,0,0,0,0,0,0,0,0,0,0,0,7822,0,0,0,0,0,0
2021-01-05T23:59:59+01:00,100,51,190,239,242,444,327,843,446,637,326,341,406,786,318,1279,0,0,0,0,0,0,0,0,0,0,0,0,0,0,0,0,6975,0,0,0,0,0,0
2021-01-04T23:59:59+01:00,83,41,169,199,200,350,258,636,356,469,247,252,285,558,210,857,0,0,0,0,0,0,0,0,0,0,0,0,0,0,0,0,5170,0,0,0,0,0,0
2021-01-03T23:59:59+01:00,81,37,163,194,196,334,257,622,346,453,242,249,281,546,208,840,0,0,0,0,0,0,0,0,0,0,0,0,0,0,0,0,5049,0,0,0,0,0,0
2021-01-02T23:59:59+01:00,81,37,163,194,196,334,254,622,344,453,242,249,281,546,208,840,0,0,0,0,0,0,0,0,0,0,0,0,0,0,0,0,5044,0,0,0,0,0,0
2021-01-01T23:59:59+01:00,81,37,162,194,196,333,254,622,342,451,242,249,281,545,208,840,0,0,0,0,0,0,0,0,0,0,0,0,0,0,0,0,5037,0,0,0,0,0,0
2020-12-31T23:59:59+01:00,81,37,162,192,196,332,253,621,341,450,242,249,281,545,208,840,0,0,0,0,0,0,0,0,0,0,0,0,0,0,0,0,5030,0,0,0,0,0,0
2020-12-30T23:59:59+01:00,80,37,162,190,194,330,253,620,341,448,242,249,281,545,208,840,0,0,0,0,0,0,0,0,0,0,0,0,0,0,0,0,5020,0,0,0,0,0,0
2020-12-29T23:59:59+01:00,56,24,115,144,147,224,184,446,240,346,159,159,199,412,152,654,0,0,0,0,0,0,0,0,0,0,0,0,0,0,0,0,3661,0,0,0,0,0,0
2020-12-28T23:59:59+01:00,29,17,65,77,83,127,103,254,112,209,92,92,102,218,93,364,0,0,0,0,0,0,0,0,0,0,0,0,0,0,0,0,2037,0,0,0,0,0,0
2020-12-27T23:59:59+01:00,14,8,17,24,37,53,35,84,35,83,32,28,36,80,30,137,0,0,0,0,0,0,0,0,0,0,0,0,0,0,0,0,733,0,0,0,0,0,0
