Datum,<24_1_m,<24_1_w,25-34_1_m,25-34_1_w,35-44_1_m,35-44_1_w,45-54_1_m,45-54_1_w,55-64_1_m,55-64_1_w,65-74_1_m,65-74_1_w,75-84_1_m,75-84_1_w,>84_1_m,>84_1_w,<24_2_m,<24_2_w,25-34_2_m,25-34_2_w,35-44_2_m,35-44_2_w,45-54_2_m,45-54_2_w,55-64_2_m,55-64_2_w,65-74_2_m,65-74_2_w,75-84_2_m,75-84_2_w,>84_2_m,>84_2_w,bp_1,bp_2,mo_1,mo_2,az_1,az_2,ja
2021-06-26T23:59:59+02:00,184621,180713,279105,260981,317083,319934,411255,425480,454347,464643,316141,357235,221839,288529,57816,109858,62973,65290,117423,123179,138298,162512,216776,251339,294363,316143,245981,279836,198250,258018,53494,101264,3295338,2049612,461129,270906,793071,464326,100475
2021-06-25T23:59:59+02:00,179254,175484,276557,258637,315175,318108,409984,424319,453514,463932,315896,356951,221735,288400,57795,109821,61623,63591,115171,120718,135289,159036,208588,243365,289602,311116,244520,278009,197783,257387,53439,101175,3272872,2012590,459827,269628,793033,458111,100263
2021-06-24T23:59:59+02:00,173735,170358,272178,255026,311045,314489,407949,422595,452353,462982,315531,356542,221603,288195,57771,109767,58675,60694,110050,116016,128094,152526,196278,232625,279099,301527,239601,272707,196280,255379,53281,100875,3243019,1952014,457878,258375,792878,444721,98777
2021-06-23T23:59:59+02:00,170040,166844,268682,252039,306045,309898,405706,420517,451098,461800,315086,356019,221419,287916,57733,109694,56518,58349,106215,112049,122315,146909,186240,223721,267666,290018,235803,268716,195154,253924,53158,100590,3216746,1897514,454431,248666,792732,434284,97060
2021-06-22T23:59:59+02:00,166452,163236,265050,248765,300060,304574,403351,418236,449760,460465,314586,355497,221231,287605,57699,109607,54568,56364,102573,108713,117547,142282,172979,212080,257674,280408,232044,264587,193573,251843,52954,100193,3185572,1839978,452546,241028,792557,423623,95931
2021-06-21T23:59:59+02:00,162560,159733,260430,244881,294998,299875,400542,415619,448463,459235,314113,355003,221035,287328,57668,109508,53160,54950,100229,106545,114800,139567,166499,206077,251223,274099,226353,258342,190496,248228,52811,99891,3154517,1809558,450552,235579,792343,404301,94010
2021-06-20T23:59:59+02:00,160706,157930,256806,241907,293046,298120,399218,414386,447820,458597,313936,354766,220939,287215,57652,109453,52030,53982,98303,105046,112827,137784,163612,203626,247156,270178,223507,254984,189875,247416,52747,99787,3139432,1791448,448816,232128,792171,396954,92508
2021-06-19T23:59:59+02:00,157938,155312,254104,239640,291354,296585,397450,412862,447108,457966,313730,354534,220852,287091,57635,109428,51393,53240,97057,103827,111421,136363,162083,202212,244098,267252,222900,254251,189737,247191,52730,99742,3123399,1775989,446028,230567,792165,396692,92426
2021-06-18T23:59:59+02:00,153431,151009,250619,236572,287517,293388,395181,410853,445949,456930,313389,354182,220719,286875,57612,109384,50523,52194,95456,102076,109076,133564,158416,198114,237647,260345,221391,252507,189312,246636,52673,99630,3098012,1747448,441724,230067,792143,390062,92160
2021-06-17T23:59:59+02:00,149097,147201,244801,232165,282536,289171,390630,407046,443990,455333,312873,353535,220503,286558,57560,109285,48034,50080,91448,98609,104190,128788,150341,190224,226552,249023,216775,247270,187917,244767,52466,99291,3063969,1692594,438803,225999,791897,379314,88044
2021-06-16T23:59:59+02:00,145286,143265,239889,227910,277999,285020,385660,402765,441745,453427,312235,352826,220250,286189,57501,109187,45937,48234,87873,95655,99744,124846,141344,182248,215081,237447,211345,240987,186277,242776,52267,98882,3031339,1633767,433360,220465,791397,371400,85486
2021-06-15T23:59:59+02:00,139493,137663,234077,222887,272863,280211,380633,398259,439276,451249,311480,351952,219947,285712,57434,109039,44086,46375,84547,92643,95738,120824,133332,175045,203290,225683,206219,235186,184583,240673,52019,98410,2987458,1577345,431463,214799,790852,363852,82829
2021-06-14T23:59:59+02:00,134768,132837,228818,217966,267707,275428,375289,393543,436553,448942,310789,351185,219664,285361,57383,108936,42970,45319,82236,90564,93064,118313,128630,170841,197250,219470,203481,232126,183604,239361,51847,98086,2945731,1548179,429139,212622,790591,356398,80133
2021-06-13T23:59:59+02:00,133016,131219,226349,215843,265294,273253,373042,391573,435562,448103,310539,350910,219550,285200,57358,108872,41985,44448,80370,88907,91124,116531,125621,168088,193193,215325,201058,229495,182697,238127,51663,97741,2930977,1534473,426721,205579,790273,348354,78136
2021-06-12T23:59:59+02:00,130036,128148,224540,214206,263960,272020,371614,390182,434740,447387,310296,350649,219468,285102,57345,108851,41561,43968,79353,87802,89865,115259,124039,166528,189719,212101,200100,228444,181410,236581,51655,97719,2914955,1521522,425749,205573,790244,341156,78020
2021-06-11T23:59:59+02:00,127100,125267,221654,211605,260386,268925,368438,387430,433264,446092,309921,350232,219351,284923,57319,108804,40771,42593,77343,84534,87673,111766,119326,160835,183616,205242,198302,226410,180892,235910,51608,97636,2890749,1494387,422979,204903,790058,327984,77348
2021-06-10T23:59:59+02:00,121550,120253,215729,206884,253461,263253,362339,382126,429381,442755,309178,349385,219069,284509,57249,108674,38908,40759,73249,80340,82778,106180,112253,152157,171654,192074,192841,220225,179393,234035,51406,97300,2847686,1447873,415995,203196,789217,301330,73318
2021-06-09T23:59:59+02:00,117035,116031,209975,202217,246875,257688,355550,376102,426374,440275,308620,348702,218828,284161,57193,108568,37148,39300,69985,77681,79103,102990,107360,147760,160201,180866,183141,209201,177810,232081,51184,96879,2809336,1394628,407840,199303,788710,290199,68725
2021-06-08T23:59:59+02:00,111792,110856,203349,196699,240102,251792,346954,368545,422168,436378,307902,347794,218494,283733,57125,108451,35879,38259,67329,75426,75910,100257,102599,143714,152519,173123,175031,200155,176279,230153,50997,96572,2758020,1356140,402119,194423,788135,279530,64273
2021-06-07T23:59:59+02:00,107947,107218,197122,191897,233795,246766,339178,362430,419688,434336,307428,347219,218300,283436,57081,108370,34852,37280,64782,73449,72985,98124,98626,140618,144357,165010,171622,196206,175029,228554,50827,96250,2719504,1329414,396047,191210,787565,268606,59503
2021-06-06T23:59:59+02:00,106088,105664,193840,189361,230517,244065,335002,359083,418505,433442,307179,346968,218204,283288,57062,108329,34149,36594,62948,71762,70920,96122,95316,137443,138612,159086,169567,194062,174031,227277,50644,95927,2704330,1317727,388779,181693,787058,258363,56836
2021-06-05T23:59:59+02:00,103733,103240,188925,185061,228271,242118,333289,357502,417567,432564,306904,346667,218074,283134,57052,108302,33607,35738,61761,69825,69540,94034,93594,135218,133524,153389,167123,191021,173638,226719,50613,95877,2681050,1294338,388663,181228,786610,253327,56486
2021-06-04T23:59:59+02:00,100964,100354,185256,181439,224195,238042,329796,354046,415557,430692,306508,346194,217906,282930,57021,108250,33046,34943,60654,68179,68281,91913,91748,132644,129975,149444,163240,186672,172806,225662,50575,95801,2652037,1275822,384889,180464,786487,243313,56142
2021-06-03T23:59:59+02:00,97214,96862,179552,176761,216902,231917,321643,347001,408987,424700,305647,345207,217579,282529,56980,108140,31996,33740,58767,66052,65916,89115,87631,128241,123433,142733,157299,179584,171556,223999,50482,95597,2603676,1246985,374949,175236,786061,230734,53338
2021-06-02T23:59:59+02:00,94755,94316,175576,173167,213435,228889,318053,343697,407270,423143,305285,344811,217449,282345,56956,108099,31491,33182,57573,64977,64416,87858,85442,126092,118189,137543,149993,171263,170949,223186,50417,95444,2575456,1215142,373578,173280,786028,227159,52584
2021-06-01T23:59:59+02:00,89740,89863,167250,166584,204275,221268,308957,335838,399811,415929,303965,343395,216980,281679,56858,107905,29652,31513,53149,62055,59692,84592,79837,121431,110837,130101,139315,158378,169262,220928,50245,95080,2517445,1165664,362087,169219,785282,215454,45877
2021-05-31T23:59:59+02:00,86506,86989,161576,162279,196905,215223,301647,329515,394711,411451,303097,342390,216633,281215,56782,107768,28547,30284,50465,59883,56624,82067,76148,118074,106436,125631,135389,153761,168166,219484,50097,94808,2477298,1143552,352893,166993,784659,205236,40230
2021-05-30T23:59:59+02:00,85259,85776,159108,160247,194317,212864,298878,327019,393107,409933,302763,342014,216494,281003,56748,107698,27839,29355,48876,58241,54926,80215,73871,115481,103884,122865,133393,151410,167486,218667,50022,94630,2461620,1133944,350412,165697,784054,194131,37534
2021-05-29T23:59:59+02:00,84567,85109,157491,158732,192031,210885,297173,325527,392310,409186,302585,341808,216419,280941,56742,107681,27460,28693,47893,56756,53596,78287,71873,112539,101546,120089,130815,148219,166908,217882,50000,94583,2447813,1120481,350276,165636,783974,183652,37514
2021-05-28T23:59:59+02:00,83296,83801,155011,156422,188390,207304,294056,322570,390606,407524,302257,341385,216287,280745,56724,107636,26832,27485,46203,54667,51858,75638,69742,108502,97241,114392,126632,143336,166076,216790,49964,94484,2424276,1098133,349239,165424,783742,169280,37146
2021-05-27T23:59:59+02:00,79374,80325,148466,151435,180411,201192,287718,317439,384653,402073,301230,340198,215889,280256,56667,107480,25267,25528,42876,51613,48062,71840,65033,102201,90994,107101,123062,139064,163505,213400,49818,94205,2380086,1069998,341684,162710,781960,149538,31460
2021-05-26T23:59:59+02:00,76813,77852,143413,147235,174243,196069,281054,311817,378197,395592,300053,338904,215463,279633,56584,107299,24393,24449,40995,49436,45721,69045,61882,98285,86391,102056,118328,133454,159996,208470,49645,93847,2343111,1038454,328560,161156,780176,138164,28754
2021-05-25T23:59:59+02:00,74427,75578,139229,143725,169102,191743,273815,305348,373276,390626,299013,337721,215109,279043,56515,107156,23718,23668,39559,47884,43897,66994,59317,95194,82125,97499,113687,128018,154813,201656,49505,93599,2305897,1007324,321101,157765,777667,129041,27138
2021-05-24T23:59:59+02:00,72957,74221,136485,141616,165418,189022,266860,299196,369028,386554,298326,336930,214853,278687,56457,107050,23313,23178,38510,46789,42558,65507,57596,93133,79896,95046,112435,126500,154289,200968,49415,93423,2282394,998163,310120,156485,775912,122434,25609
2021-05-23T23:59:59+02:00,72386,73632,135346,140726,164274,188027,265570,298108,367485,385164,297795,336337,214715,278506,56438,107018,23045,22960,37964,46231,41786,64804,56392,92117,78524,93730,111199,125049,153521,199988,49359,93298,2270997,990160,309557,153592,775862,120864,25486
2021-05-22T23:59:59+02:00,71595,72934,133825,139655,161813,186320,262614,295817,365258,383135,297320,335780,214569,278275,56414,106976,22669,22467,37361,45670,41139,64288,55750,91340,77805,92642,109291,122833,153159,199507,49339,93251,2253283,983547,309539,153591,775818,117475,24032
2021-05-21T23:59:59+02:00,70076,71268,130906,137064,158503,182991,257193,290891,359725,377845,296567,334886,214300,277910,56364,106884,22254,22025,36763,44913,40493,63224,54715,89862,76041,90341,106021,118780,152315,198430,49263,93108,2217815,970716,307917,153270,774255,110942,23754
2021-05-20T23:59:59+02:00,66592,68099,125099,132132,151232,176508,246838,281964,351433,370119,294413,332548,213634,277018,56258,106697,20768,20870,34577,42705,38118,60268,51715,85949,72124,85953,102202,114424,150069,195652,49117,92812,2160405,951735,301343,151349,768320,93493,20877
2021-05-19T23:59:59+02:00,64006,65566,119973,127293,143407,169534,236938,272971,340935,359223,292448,330357,212991,276103,56131,106459,20092,19928,33354,41143,36701,58163,49595,83055,68814,82339,98494,110140,146685,191193,48902,92397,2095102,928603,295134,149403,765396,84060,19057
2021-05-18T23:59:59+02:00,61579,63303,115076,122947,136674,163646,225427,262604,331595,349849,290186,327786,212219,275038,56001,106256,19485,19188,32149,39690,35358,56345,47691,80574,65717,78939,94762,105846,143734,187433,48728,92016,2035714,908597,285879,146568,761849,75527,17091
2021-05-17T23:59:59+02:00,60333,62137,112716,120880,133819,160870,218711,256406,324379,343109,288632,326051,211710,274296,55918,106086,18966,18629,31114,38668,34207,55063,46155,78736,63427,76461,89930,99984,142568,185881,48596,91752,2009147,897116,273732,139148,758478,68957,15043
2021-05-16T23:59:59+02:00,59434,61356,111276,119563,132062,159178,215592,253639,317128,336278,287805,325085,211434,273862,55872,106006,18616,18199,30376,37886,33349,54146,45045,77389,62130,74997,86491,95897,141964,185037,48528,91633,1993948,891133,263378,132434,755283,64935,13306
2021-05-15T23:59:59+02:00,58831,60663,110281,118591,131041,158018,213453,251553,313821,333303,287260,324474,211263,273614,55858,105950,18457,18014,30117,37579,33070,53706,44543,76714,61311,74065,85846,95044,141546,184469,48499,91597,1977924,885975,263362,132290,754421,63827,12610
2021-05-14T23:59:59+02:00,57378,59039,107953,116458,127358,154437,204884,244198,308216,328019,286458,323498,211011,273223,55816,105874,17884,17531,29336,36745,32316,52476,43414,74855,59716,72150,84061,92607,141028,183662,48469,91525,1940977,876453,261700,131438,749906,58430,11578
2021-05-13T23:59:59+02:00,55116,56763,104105,113243,122547,150250,194365,235153,298167,318568,283964,320602,210320,272229,55736,105696,16905,17014,28533,36060,31560,51563,42472,73777,58134,70449,79867,87752,138924,180872,48378,91337,1889688,864064,253165,124460,743734,54622,10573
2021-05-12T23:59:59+02:00,54042,55914,102177,111842,120485,148589,191814,233018,293221,312915,283249,319844,210105,271946,55705,105622,16703,16847,28224,35841,31176,51272,42027,73403,57560,69836,78530,86090,138263,179911,48302,91191,1866777,858470,251017,122696,743253,54355,9776
2021-05-11T23:59:59+02:00,51490,54208,98009,108633,114650,143752,177770,221240,282315,302587,280398,316484,209291,270713,55582,105371,16190,16142,27211,34409,30064,49475,40702,71063,55770,67592,75532,82552,137095,178317,48179,90877,1808293,846365,241373,120039,734834,46563,8324
2021-05-10T23:59:59+02:00,50032,53075,95350,106578,111409,141116,168833,213776,275038,295863,278517,314341,208785,269928,55478,105168,15789,15596,26453,33436,29287,48198,39674,69115,54494,65894,73505,80028,136099,176985,48076,90636,1772915,837597,235365,119004,727963,39415,7370
2021-05-09T23:59:59+02:00,48701,52135,92690,104861,108736,139354,163627,210165,269728,291017,277570,313245,208448,269453,55424,105038,15412,15320,25773,32778,28568,47378,38898,68149,53476,64937,72350,78636,135591,176267,48031,90527,1753775,833085,228315,118043,722039,34696,6387
2021-05-08T23:59:59+02:00,48345,51777,91812,104133,107678,138488,162095,208897,267348,289065,277134,312780,208341,269287,55411,105012,15295,15250,25651,32687,28420,47255,38704,67939,53067,64581,71338,77601,134690,175098,47992,90448,1741916,828532,227811,117304,721821,33922,6378
2021-05-07T23:59:59+02:00,47289,50950,89824,102791,104780,136181,157052,204800,261749,283963,276004,311423,208050,268872,55363,104910,14463,14679,24851,31967,27683,46173,37802,66640,51812,63004,68934,74750,132836,172698,47917,90307,1716536,818980,224631,115072,717724,27154,5430
2021-05-06T23:59:59+02:00,44310,48953,84922,99237,98710,131356,145464,195153,246606,270231,271664,306513,206967,267406,55215,104651,13681,14064,23935,30872,26688,44757,36385,64619,50017,60976,66375,71501,131060,170381,47824,90108,1651343,808013,214780,111998,707025,18830,4521
2021-05-05T23:59:59+02:00,42163,47558,81165,96609,94032,127576,136587,187715,232469,256447,266356,300241,205614,265692,55018,104207,13402,13717,23405,30157,26076,43800,35434,63174,48829,59518,63561,68146,128544,167173,47742,89903,1585453,795911,209748,108465,701104,14873,3451
2021-05-04T23:59:59+02:00,40841,46246,78388,94289,90463,124461,130511,182441,221706,245826,261786,294776,204382,264109,54846,103807,13206,13473,23008,29608,25611,43033,34692,62039,47645,58160,60722,64822,126511,164645,47626,89708,1536615,784214,204659,105855,695106,11756,2802
2021-05-03T23:59:59+02:00,39816,45028,76011,92429,87577,122093,125690,178477,215232,239800,258963,291421,203701,263159,54748,103549,12929,13155,22611,29040,25128,42308,34005,61052,46543,56956,57536,60859,123313,160540,47419,89342,1505039,768513,201557,104162,690232,9011,1166
2021-05-02T23:59:59+02:00,39399,44621,74789,91542,86095,120986,123056,176444,212355,237406,258172,290482,203456,262790,54687,103453,12847,13077,22422,28822,24900,42006,33664,60646,46053,56418,55766,58817,120942,157582,47345,89234,1494513,763568,198792,98653,686420,8131,305
2021-05-01T23:59:59+02:00,39022,44199,74000,90719,85002,119941,121559,175026,209318,234398,257591,289773,203279,262537,54677,103424,12829,13061,22370,28792,24843,41966,33596,60590,45971,56334,55514,58503,120808,157422,47336,89219,1479513,762268,198791,98615,686156,8086,301
2021-04-30T23:59:59+02:00,38373,43483,72776,89470,83506,118215,117086,170934,202470,227566,255939,287793,202886,262015,54627,103332,12465,12845,22038,28510,24566,41532,33276,60007,45482,55719,54534,57225,119994,156404,47293,89121,1446823,758619,198467,96641,685369,5761,106
2021-04-29T23:59:59+02:00,36634,42370,69785,87422,79899,115573,111505,166451,189100,215078,249293,280134,201921,260628,54520,103035,12125,12592,21561,28065,24148,41015,32672,59256,44647,54753,52564,54850,118414,154484,47209,88953,1392284,749881,191191,93986,680077,3470,87
2021-04-28T23:59:59+02:00,35235,41670,67898,86079,77367,113717,107927,163443,178783,205027,239390,268574,200824,259184,54361,102766,11922,12402,21254,27712,23797,40538,32239,58583,43858,53876,50247,51981,116164,151660,47109,88769,1339854,740444,187860,89473,674758,2247,62
2021-04-27T23:59:59+02:00,34341,40856,66297,84594,75388,111922,105043,160951,173947,200004,231227,259147,199904,257843,54260,102579,11783,12269,20969,27427,23573,40204,31853,58072,43134,53111,48011,49179,113854,148629,47015,88608,1306081,730718,185575,85490,666873,1537,61
2021-04-26T23:59:59+02:00,33817,40399,65188,83713,73881,110744,102545,159098,164934,191380,227767,255109,199342,257020,54187,102405,11677,12167,20759,27250,23338,39985,31541,57727,42461,52447,46051,46808,112245,146504,46936,88484,1277394,722856,184141,82420,660220,1159,59
2021-04-25T23:59:59+02:00,33513,40118,64387,83195,72801,109993,100735,157838,158339,184988,224938,251857,198820,256347,54132,102299,11614,12125,20685,27182,23251,39898,31430,57604,42294,52276,45574,46232,111652,145696,46913,88423,1264783,721212,178016,80661,651725,1032,58
2021-04-24T23:59:59+02:00,33092,39591,63431,81967,71613,108527,99112,156141,153035,179378,222713,249123,198437,255783,54101,102257,11599,12107,20641,27139,23201,39833,31342,57517,42140,52119,45322,45917,111435,145439,46896,88397,1240063,720141,177993,79969,650468,990,57
2021-04-23T23:59:59+02:00,32209,38850,61845,80430,69841,106458,96347,153425,148062,174629,218701,244166,197856,254936,54054,102157,11545,12043,20522,27054,23064,39675,31103,57306,41770,51768,44645,45093,110451,144225,46772,88181,1215356,716827,176821,77509,642009,939,55
2021-04-22T23:59:59+02:00,31474,38130,60254,78949,67324,104175,91666,149530,140007,166755,210247,233847,196165,252736,53884,101823,11396,11908,20274,26765,22705,39243,30572,56788,40986,51111,43399,43667,108591,141887,46600,87869,1174040,709430,169405,73575,633737,814,55
2021-04-21T23:59:59+02:00,30899,37538,58867,77788,65400,102537,88464,146712,132234,159135,197878,219262,194397,250337,53692,101456,11257,11806,20040,26519,22422,38916,30207,56337,40437,50583,42457,42540,106526,139218,46406,87532,1122846,702977,166538,69528,627425,756,55
2021-04-20T23:59:59+02:00,30389,36980,57677,76634,63707,100900,85757,144016,126688,153453,186849,206244,192391,247750,53497,101090,11145,11710,19814,26320,22135,38641,29782,55908,39908,50069,41570,41456,104379,136370,46148,87090,1080464,695537,163068,66288,620702,679,54
2021-04-19T23:59:59+02:00,29968,36563,56689,75803,62395,99691,83506,141958,122956,149799,181377,199632,190945,245863,53344,100811,11011,11603,19602,26101,21886,38366,29453,55503,39408,49545,40683,40430,101375,132485,45830,86505,1056075,685298,161248,63904,614189,644,53
2021-04-18T23:59:59+02:00,29606,36258,55892,75239,61238,98712,81496,140463,119454,147170,176589,194379,190096,244797,53257,100648,10926,11515,19410,25930,21712,38200,29240,55221,39159,49307,40302,39980,100192,130971,45688,86273,1042200,681473,159584,61981,603718,632,53
2021-04-17T23:59:59+02:00,29477,36159,55483,75027,60738,98354,80810,139830,118376,146124,172589,189752,189645,244210,53231,100592,10869,11438,19275,25740,21515,37973,29003,54928,38903,49061,39991,39624,99467,130091,45640,86207,1031359,677501,159557,61668,599688,616,53
2021-04-16T23:59:59+02:00,29037,35851,54469,74401,59461,97450,79086,138417,113947,141616,165269,181243,188263,242366,53142,100420,10634,11228,18874,25324,20941,37393,27821,53968,36804,47414,36715,36683,96562,126811,45319,85669,1005607,662765,158778,54875,590259,579,53
2021-04-15T23:59:59+02:00,28477,35315,53167,73195,57442,95664,75639,135395,108093,135849,157609,172403,184279,237262,52900,99897,10438,11032,18495,24881,20446,36753,27095,53134,35383,46153,34534,34559,93625,123209,44919,84978,973535,649839,156727,49328,572526,526,53
2021-04-14T23:59:59+02:00,28061,34914,52210,72235,56037,94223,73146,133117,103670,131614,148447,161910,177300,228271,52625,99344,9977,10718,18040,24373,19911,36113,26114,52208,34118,45033,32327,32225,90869,119763,44530,84276,935845,635104,154063,45122,557417,429,52
2021-04-13T23:59:59+02:00,27780,34655,51487,71673,55104,93389,71376,131602,99227,127414,136882,148867,171684,220868,52348,98854,9710,10513,17695,23952,19488,35580,25416,51396,33049,44014,30909,30809,88836,117500,44259,83827,902753,625961,149563,40744,541095,308,52
2021-04-12T23:59:59+02:00,27530,34422,50900,71147,54233,92645,69821,130226,96266,124688,129592,140592,169233,217791,52122,98431,9447,10294,17339,23658,19126,35127,24930,50866,32340,43373,29338,29215,87276,115631,44000,83400,886426,617617,148034,37504,525378,297,52
2021-04-11T23:59:59+02:00,27309,34236,50377,70728,53498,92174,68614,129364,94165,122922,123284,133675,166581,214541,51990,98181,9294,10141,17031,23373,18822,34819,24549,50470,31917,43003,28658,28508,86304,114431,43830,83129,879017,612364,143641,35687,509181,285,51
2021-04-10T23:59:59+02:00,27229,34167,50221,70601,53289,92018,68279,129081,93582,122389,120780,130637,165687,213338,51954,98091,8621,9460,16132,22610,17880,33960,23385,49413,30872,42061,27977,27776,84276,111866,43603,82746,872065,597104,142793,35309,506685,281,50
2021-04-09T23:59:59+02:00,26936,33877,49734,70117,52627,91317,67207,127876,91505,120124,111690,119304,163021,209839,51791,97806,7531,8453,14599,21248,16131,32397,21150,47398,28827,40143,26129,25908,80906,107759,43171,82063,852750,569797,135775,33804,496448,268,46
2021-04-08T23:59:59+02:00,26609,33599,49132,69605,51875,90605,65809,126742,88834,117567,101117,106967,158219,203876,51529,97323,6781,7787,13409,20206,14857,31035,19440,45635,26301,37776,23122,22864,76325,102086,42276,80623,834199,538474,126925,31866,478491,241,41
2021-04-07T23:59:59+02:00,26238,33331,48318,69154,50950,89985,64279,125663,85254,114633,91824,96396,152084,196106,51285,96840,6359,7414,12726,19513,14024,30209,18370,44526,24290,35777,20573,20328,72467,97347,41480,79299,813930,515151,121352,29402,457266,207,37
2021-04-06T23:59:59+02:00,25980,33140,47799,68772,50364,89450,63141,124830,82876,112538,83536,86908,146692,189285,51014,96302,6142,7234,12364,19161,13684,29762,17801,43941,23404,34989,19441,19231,69262,93165,40755,78183,794742,501899,118154,26485,439938,195,35
2021-04-05T23:59:59+02:00,25860,32994,47487,68418,49977,89042,62551,124108,81513,111202,78533,81182,142505,184070,50846,96046,5988,7073,12087,18907,13399,29448,17473,43564,22963,34534,18953,18718,66281,89457,40250,77374,785365,492644,116412,23696,424762,190,33
2021-04-04T23:59:59+02:00,25810,32925,47357,68140,49798,88720,62278,123590,80946,110544,77089,79422,141902,183230,50818,95979,5985,7063,12073,18899,13388,29432,17457,43543,22825,34443,18566,18368,64804,87559,40116,77171,782848,487879,116313,23695,419595,182,30
2021-04-03T23:59:59+02:00,25737,32838,47234,68026,49636,88541,61923,123245,80390,109941,75617,77656,140954,181892,50750,95856,5977,7054,12057,18883,13365,29409,17418,43498,22720,34360,18422,18221,64445,86984,40053,77060,776511,486114,116274,23695,417659,182,29
2021-04-02T23:59:59+02:00,25650,32745,47072,67863,49401,88276,61415,122770,79492,109074,73876,75495,138936,179247,50596,95570,5954,7013,12013,18842,13309,29328,17320,43316,22441,33897,18044,17864,61992,83947,39419,76165,767443,477690,114506,23057,415737,182,28
2021-04-01T23:59:59+02:00,25414,32480,46645,67352,48750,87513,60526,121810,77563,107376,69885,71129,135684,175081,50350,95116,5778,6827,11759,18603,13083,29102,16990,42997,21929,33444,17183,17070,56990,77614,38077,74154,755845,459807,108448,21693,408589,167,25
2021-03-31T23:59:59+02:00,25056,32215,46227,66830,48267,86868,59773,120806,76381,106135,67538,68399,131310,169417,50019,94512,5692,6770,11655,18478,12935,28955,16728,42694,21301,32918,16000,16145,51683,70949,36983,72577,746139,441615,101322,20752,402501,164,24
2021-03-30T23:59:59+02:00,24863,31946,45813,66199,47764,86055,59033,119714,75227,104766,65415,66062,127252,163998,49647,93755,5618,6675,11549,18352,12735,28767,16383,42353,20717,32351,15126,15319,48841,67380,36094,71059,736010,429853,97113,19400,394597,136,20
2021-03-29T23:59:59+02:00,24630,31657,45348,65651,47282,85344,58272,118589,73948,103317,62380,62498,121130,156154,49028,92598,5509,6598,11447,18245,12573,28596,16126,42010,20240,31879,14467,14765,46093,64140,35236,69580,715606,418725,93703,18728,388727,120,20
2021-03-28T23:59:59+02:00,24383,31308,44845,64965,46771,84600,57572,117576,73003,102205,60444,60284,117130,150962,48668,91971,5446,6527,11290,18094,12312,28283,15952,41781,20065,31644,14223,14529,44963,62633,34981,69174,709107,414466,86419,17405,381371,95,20
2021-03-27T23:59:59+01:00,24244,31115,44554,64596,46391,84055,57057,116881,72272,101456,59337,59195,115742,149361,48619,91909,5433,6515,11260,18073,12293,28253,15545,41290,19695,31253,13942,14332,44371,61757,34632,68564,703885,410436,85723,16753,377385,88,20
2021-03-26T23:59:59+01:00,23948,30441,43712,62917,45431,81976,55661,113688,70255,98109,57189,57204,113251,146334,48364,91492,5411,6477,11234,18023,12221,28158,15462,41176,19327,30611,13463,13715,40848,57296,33113,66012,692570,396006,82426,16536,365182,74,20
2021-03-25T23:59:59+01:00,23467,29603,42792,61117,44330,79361,54063,110049,67877,94543,54470,54469,110176,142554,47912,90671,5360,6416,11139,17915,12100,28019,15279,40944,19032,30299,12957,13192,36400,51376,30826,62487,681189,377795,78240,15944,348230,70,19
2021-03-24T23:59:59+01:00,22992,29052,42023,59835,43323,77816,52586,108061,65798,92265,51544,51407,106197,137679,47392,89769,5298,6342,11042,17771,11929,27815,15036,40634,18665,29898,12496,12725,33287,47350,28326,58539,668451,362313,73383,14846,336112,66,15
2021-03-23T23:59:59+01:00,22710,28667,41430,58924,42616,76707,51498,106497,64125,90419,49199,48933,103554,134678,46960,89058,5231,6264,10943,17637,11780,27632,14776,40312,18249,29495,11981,12240,30341,43455,25264,53516,660396,344867,70047,14258,325738,62,14
2021-03-22T23:59:59+01:00,22425,28182,40807,58038,41950,75664,50504,105062,62636,88799,47317,47012,101292,132031,46590,88409,5158,6207,10867,17507,11645,27463,14612,40073,18005,29176,11677,11873,27965,40338,21929,47997,654153,328795,67245,13707,315525,61,14
2021-03-21T23:59:59+01:00,22259,27850,40302,57283,41412,74805,49837,103892,61682,87611,46229,45943,99729,130243,46287,87912,5143,6198,10831,17457,11597,27375,14554,39981,17920,29073,11553,11748,27504,39834,21627,47509,651591,326624,65223,13295,306664,56,13
2021-03-20T23:59:59+01:00,22188,27665,40090,56766,41168,74274,49518,103224,61231,87034,45505,45120,97222,127075,46042,87483,5134,6191,10820,17446,11570,27358,14508,39941,17826,28989,11393,11585,26781,38967,20974,46537,645156,322929,64778,13106,301871,56,13
2021-03-19T23:59:59+01:00,21763,26930,38917,54680,39888,72266,47674,101063,58251,84235,40999,41191,92324,121524,45487,86594,5111,6177,10788,17386,11506,27251,14418,39761,17569,28682,11051,11317,24819,36534,19624,44395,627464,313667,57593,12744,288925,48,13
2021-03-18T23:59:59+01:00,21299,26096,37667,52514,38344,69333,45388,96368,54370,78728,36952,37335,87786,116206,44617,85215,5085,6139,10720,17284,11425,27095,14266,39563,17350,28494,10810,11130,23308,34605,18220,42250,610607,305637,51862,12134,265939,42,13
2021-03-17T23:59:59+01:00,20820,25676,36943,51587,37567,68374,44258,94923,52545,76930,34117,34352,83976,111526,43832,83986,5055,6109,10659,17188,11355,26956,14146,39372,17133,28302,10588,10908,21831,32875,16894,40202,594015,298172,47474,11429,260110,39,13
2021-03-16T23:59:59+01:00,20409,25175,36171,50510,36767,67153,43070,93224,50693,74973,31877,32230,80069,106661,43114,82892,4997,6051,10587,17058,11263,26797,14049,39131,16988,28074,10419,10727,20330,31069,15665,38210,580863,290451,42793,10995,251517,37,11
2021-03-15T23:59:59+01:00,20083,24724,35443,49530,35981,65914,42129,91728,49412,73402,30122,30328,76832,102607,42571,81946,4973,6007,10523,16933,11190,26593,13929,38837,16838,27808,10251,10569,19414,29869,14628,36616,569786,284677,39478,10347,243680,33,0
2021-03-14T23:59:59+01:00,19762,24186,34540,48312,35114,64587,41025,89828,48214,71776,28924,29078,74872,100077,42223,81391,4947,5984,10472,16851,11133,26442,13872,38610,16747,27666,10176,10483,19230,29565,14382,36089,562700,283492,37609,9213,233788,23,0
2021-03-13T23:59:59+01:00,18831,22987,33035,46340,33574,62475,38910,86710,46183,69451,27645,27754,72882,97482,42045,81116,4947,5984,10470,16846,11128,26435,13867,38603,16743,27658,10129,10442,18359,28488,13481,34840,546380,279263,37324,9212,223894,22,0
2021-03-12T23:59:59+01:00,17539,21371,30509,43665,30956,59240,35923,81646,43066,65284,24840,24611,68605,92159,41309,80017,4935,5946,10451,16784,11109,26380,13820,38482,16644,27504,9860,10241,17314,27029,12594,33557,518417,273504,36015,9201,206481,19,0
2021-03-11T23:59:59+01:00,16305,19613,28230,41025,28667,55957,33207,77113,39311,60548,21452,21107,62586,84739,39781,77715,4888,5902,10374,16666,10997,26139,13696,38165,16470,27224,9562,10023,16639,26124,11998,32380,486480,269536,34427,7769,186611,16,0
2021-03-10T23:59:59+01:00,15619,18753,26744,39408,27067,54115,31594,74682,36685,57467,18759,18588,56610,77396,38575,75859,4845,5842,10275,16493,10883,25877,13540,37738,16264,26887,9334,9839,15814,25238,11446,31485,460136,264827,32390,7033,175554,13,0
2021-03-09T23:59:59+01:00,15280,18181,25531,38377,25725,52896,30506,72973,35305,55705,17588,17498,53028,72803,37671,74350,4814,5804,10192,16316,10773,25619,13376,37416,16107,26669,9206,9734,15090,24319,11032,30815,446600,261141,29871,6201,167094,12,0
2021-03-08T23:59:59+01:00,14886,17477,24364,37290,24521,51729,29552,71440,34078,54151,16508,16646,48779,67538,36701,72740,4797,5749,10125,16115,10668,25362,13235,37055,15989,26436,9135,9645,14537,23662,10782,30443,431174,257993,27867,5811,159504,3,0
2021-03-07T23:59:59+01:00,14619,17113,23748,36442,23804,50831,28970,70560,33513,53477,16251,16405,47640,65993,36436,72307,4783,5734,10106,16074,10640,25274,13202,36883,15933,26344,9115,9611,14322,23379,10670,30277,426445,256945,26057,5473,155749,0,0
2021-03-06T23:59:59+01:00,14483,16746,23316,35728,23278,50003,27860,68929,32447,51823,15944,16168,46923,64975,36228,71984,4779,5714,10094,16052,10624,25240,13192,36841,15915,26312,9095,9574,14275,23338,10572,30073,422397,256569,25993,5192,148585,0,0
2021-03-05T23:59:59+01:00,14009,16025,22623,34563,22612,48727,27073,67251,31218,49475,15321,15412,43004,60032,34617,69244,4749,5653,10024,15954,10570,25091,13125,36645,15831,26109,9000,9518,14084,23117,10225,29488,407231,254897,24545,4357,139563,0,0
2021-03-04T23:59:59+01:00,13150,14837,21414,32853,21426,46645,25658,64478,29583,47378,14606,14695,38374,53925,32276,65608,4696,5548,9913,15656,10470,24725,12993,36120,15686,25753,8841,9382,13922,22901,10155,29358,388841,251923,22476,4265,125720,0,0
2021-03-03T23:59:59+01:00,12789,14247,20708,31638,20654,45252,24725,62710,28601,45867,14139,14224,35228,49795,29794,61711,4652,5472,9830,15477,10390,24472,12883,35684,15494,25441,8688,9263,13788,22675,10025,29110,373441,249310,21687,4103,117081,0,0
2021-03-02T23:59:59+01:00,12480,13732,20052,30674,19941,44214,23913,61295,27661,44660,13513,13612,32015,45592,26531,56396,4598,5389,9768,15312,10321,24192,12784,35253,15391,25160,8570,9167,13645,22481,9961,28983,355308,246940,20185,4102,110909,0,0
2021-03-01T23:59:59+01:00,12265,13388,19526,29848,19383,43357,23315,60198,26972,43578,13108,13174,29362,42196,22924,50408,4575,5328,9717,15149,10253,23891,12702,34840,15290,24889,8493,9113,13450,22188,9873,28841,338160,244556,19075,4102,105886,0,0
2021-02-28T23:59:59+01:00,12064,13144,19038,29198,18880,42588,22820,59352,26500,42828,12908,12965,28731,41481,22579,49886,4556,5313,9697,15117,10232,23839,12685,34773,15263,24854,8469,9088,13309,21984,9824,28723,335736,243724,18218,4068,101125,0,0
2021-02-27T23:59:59+01:00,11840,12497,18721,28393,18625,41808,22533,58328,26172,42104,12642,12682,27946,40534,21800,48637,4545,5300,9673,15098,10200,23777,12646,34699,15224,24788,8450,9072,13297,21969,9823,28719,331834,243379,17498,3967,96045,0,0
2021-02-26T23:59:59+01:00,10930,11562,17852,26933,17846,39510,21578,55394,24701,39507,12276,12394,26087,38199,20582,46710,4454,5214,9598,14943,10130,23506,12561,34322,15106,24533,8375,9000,13231,21889,9787,28662,322743,241483,17245,3893,82184,0,0
2021-02-25T23:59:59+01:00,9644,10552,16534,25315,16590,37190,20286,52377,23054,36971,11881,12105,24585,36257,19355,44817,4321,5045,9424,14624,9918,22860,12298,33459,14796,23964,8193,8856,12964,21537,9668,28436,315135,237376,16477,3052,66010,0,0
2021-02-24T23:59:59+01:00,9204,9926,15898,24274,15972,35915,19538,50820,22282,35917,11524,11788,23050,34413,17938,42576,4236,4946,9284,14339,9741,22389,12101,32824,14533,23475,8063,8726,12827,21363,9612,28244,306909,234625,15514,2141,58719,0,0
2021-02-23T23:59:59+01:00,8637,9333,15092,23115,15310,34660,18781,49402,21596,34966,11257,11488,21459,32511,16608,40385,4193,4859,9155,14113,9603,21969,11906,32248,14224,23029,7916,8585,12708,21150,9551,28028,298823,231817,14714,1482,51168,0,0
2021-02-22T23:59:59+01:00,8498,9072,14705,22495,14953,33932,18305,48356,21125,34304,11079,11248,20513,31249,15518,38717,4158,4734,9008,13809,9432,21439,11639,31503,13844,22486,7703,8405,12509,20899,9463,27742,292986,228532,14103,302,47084,0,0
2021-02-21T23:59:59+01:00,8391,8897,14367,22053,14540,33350,17879,47670,20714,33880,10979,11158,20345,31023,15290,38405,4110,4680,8929,13677,9355,21219,11566,31208,13730,22237,7642,8354,12446,20787,9403,27591,291852,226705,13732,289,43459,0,0
2021-02-20T23:59:59+01:00,8257,8840,14251,21968,14425,33224,17755,47500,20560,33717,10873,11070,19448,29925,14373,37133,4107,4674,8921,13668,9344,21198,11551,31181,13717,22231,7639,8346,12374,20711,9359,27538,287612,226331,13536,288,42270,0,0
2021-02-19T23:59:59+01:00,7919,8551,13904,21518,14047,32528,17269,46691,19816,32850,10340,10737,18235,28377,13413,35770,4015,4649,8855,13640,9301,21135,11519,31086,13652,22146,7597,8290,12129,20398,9195,27250,281245,224630,13161,287,37654,0,0
2021-02-18T23:59:59+01:00,7464,7948,13280,20401,13407,31121,16430,44741,18968,31443,10164,10555,17578,27540,12917,34991,3807,4460,8513,13092,9009,20365,11166,30027,13297,21414,7392,7973,11498,19365,8770,26223,277687,216143,12579,287,28775,0,0
2021-02-17T23:59:59+01:00,7265,7509,12829,19522,12899,29878,15723,42937,18355,30308,9960,10332,16713,26583,12269,33959,3527,4243,8168,12586,8720,19528,10781,28948,12927,20679,7167,7741,10888,18432,8401,25517,273020,208025,11848,285,22263,0,0
2021-02-16T23:59:59+01:00,6869,7130,12312,18669,12403,28748,15173,41564,17787,29395,9819,10228,15984,25666,11841,33276,3318,4089,7864,12118,8409,18774,10370,27830,12487,19876,6906,7435,10108,17164,7759,24112,269478,198545,11352,131,16121,0,0
2021-02-15T23:59:59+01:00,6744,6888,12019,18035,12131,27944,14811,40560,17461,28701,9701,10127,15362,24944,11558,32818,3218,3981,7666,11781,8190,18256,10060,26976,12142,19232,6630,7159,9370,16005,7310,22980,266385,190927,10749,86,12757,0,0
2021-02-14T23:59:59+01:00,6452,6747,11779,17757,11912,27498,14580,40115,17275,28460,9659,10078,15110,24572,11417,32463,3162,3934,7550,11615,8057,18051,9888,26626,11970,18958,6523,7027,9148,15601,7148,22486,265385,187714,9814,86,10761,0,0
2021-02-13T23:59:59+01:00,6380,6701,11738,17726,11881,27466,14556,40086,17257,28438,9646,10053,15081,24545,11410,32448,3157,3929,7543,11610,8047,18031,9870,26590,11940,18916,6500,6995,8982,15367,6810,21884,265151,186219,9813,8,10534,0,0
2021-02-12T23:59:59+01:00,5782,6338,11213,17355,11575,26915,14233,39416,16942,27840,9546,9979,14888,24319,11348,32356,3101,3882,7450,11456,7941,17780,9713,26201,11729,18475,6318,6773,8598,14760,6260,20618,263461,181104,9802,7,6867,0,0
2021-02-11T23:59:59+01:00,5251,5969,10658,16685,11158,26058,13741,38163,16473,27059,9254,9731,14602,23864,11094,31709,2903,3510,6813,10229,7267,15975,8831,23522,10690,16611,5702,6091,7509,12976,5549,18535,260258,162761,8164,4,3130,0,0
2021-02-10T23:59:59+01:00,4976,5757,10308,16229,10862,25513,13401,37234,16081,26393,9065,9603,14427,23651,11009,31518,2481,3110,5871,8748,6463,13842,7821,20572,9631,14841,5186,5518,6461,11213,4892,16669,257610,143361,7669,2,831,0,0
2021-02-09T23:59:59+01:00,4900,5633,10186,15957,10755,25100,13223,36592,15870,25967,8888,9474,14226,23438,10891,31316,2041,2645,5068,7478,5680,11984,6905,18001,8574,13085,4627,4869,5374,9532,4262,14785,255178,124949,6892,1,428,0,0
2021-02-08T23:59:59+01:00,4858,5563,10098,15734,10641,24733,13102,36099,15736,25669,8800,9412,14007,23124,10808,31167,1838,2369,4499,6474,5022,10328,6063,15425,7578,11459,4110,4341,4344,7848,3606,12907,252829,108247,6378,1,423,0,0
2021-02-07T23:59:59+01:00,4670,5483,9956,15600,10541,24555,13015,35834,15634,25502,8764,9368,13853,22914,10749,31056,1591,2053,4077,5814,4620,9414,5624,14253,7111,10594,3868,4092,4117,7443,3468,12357,251737,100529,5834,1,0,0,0
2021-02-06T23:59:59+01:00,4661,5470,9944,15586,10527,24515,12995,35785,15616,25451,8745,9351,13831,22881,10649,30862,1409,1806,3850,5536,4440,8958,5398,13647,6830,10073,3749,3987,3995,7285,3197,11914,251395,96105,5551,1,0,0,0
2021-02-05T23:59:59+01:00,4578,5386,9875,15447,10462,24245,12903,35410,15503,25196,8667,9283,13759,22801,10304,30276,1244,1520,3565,5105,4175,8363,5088,12852,6434,9393,3507,3764,3837,7045,2714,11063,249511,89698,4659,0,0,0,0
2021-02-04T23:59:59+01:00,4511,5234,9746,15121,10295,23663,12703,34605,15293,24713,8551,9174,13525,22488,10210,30105,921,1074,2706,3830,3261,6557,4093,10227,5129,7411,2874,3085,3237,6014,2366,9681,245577,72486,4435,0,0,0,0
2021-02-03T23:59:59+01:00,4432,5139,9637,14905,10191,23296,12572,34078,15140,24340,8447,9060,13377,22310,10152,29952,757,837,2034,2891,2513,5061,3126,7832,3900,5599,2077,2225,2370,4482,1719,7237,242836,54675,4267,0,0,0,0
2021-02-02T23:59:59+01:00,4360,5031,9536,14697,10088,22895,12420,33500,14938,23940,8340,8940,13255,22096,10075,29701,600,656,1535,2135,1924,3813,2354,5955,2893,4191,1461,1492,1613,2979,1195,4808,239620,39614,4265,0,0,0,0
2021-02-01T23:59:59+01:00,4315,4920,9445,14459,9981,22472,12280,32852,14757,23489,8225,8805,13157,21960,10031,29534,456,471,1053,1471,1270,2537,1509,3860,1796,2671,914,950,968,1824,683,2775,236490,25215,4265,0,0,0,0
2021-01-31T23:59:59+01:00,4293,4872,9391,14345,9909,22268,12212,32548,14665,23313,8171,8753,13104,21844,9992,29415,416,434,923,1276,1086,2148,1301,3280,1567,2367,827,861,863,1630,620,2491,235013,22095,4154,0,0,0,0
2021-01-30T23:59:59+01:00,4293,4869,9381,14332,9893,22242,12200,32529,14652,23303,8169,8748,13038,21768,9951,29367,398,402,857,1190,1032,2021,1232,3090,1496,2243,804,837,844,1590,607,2442,234699,21089,4108,0,0,0,0
2021-01-29T23:59:59+01:00,4223,4855,9331,14299,9861,22190,12170,32455,14605,23241,8147,8721,12827,21508,9798,29165,321,301,734,1012,887,1644,1079,2702,1289,1950,725,751,795,1534,592,2396,233485,18714,3983,0,0,0,0
2021-01-28T23:59:59+01:00,4086,4734,9124,13903,9643,21667,11924,31871,14296,22796,8016,8625,12352,20812,9499,28669,153,82,293,378,379,639,471,1180,596,871,390,419,469,891,338,1449,228705,8998,3383,0,0,0,0
2021-01-27T23:59:59+01:00,3826,4551,8821,13492,9344,21007,11545,31025,13921,22136,7809,8415,11755,19923,9140,28018,94,52,201,230,246,436,310,823,429,598,293,305,346,660,255,1061,222013,6339,2782,0,0,0,0
2021-01-26T23:59:59+01:00,3639,4424,8536,13132,9080,20423,11229,30242,13528,21580,7589,8192,11122,18930,8565,26969,89,48,186,220,228,396,296,765,395,548,281,279,316,587,233,945,215306,5812,1941,0,0,0,0
2021-01-25T23:59:59+01:00,3541,4290,8237,12635,8784,19691,10828,29230,13049,20890,7341,8000,10454,18017,8174,26193,80,38,165,196,198,337,252,637,345,456,242,238,264,504,188,767,209022,4907,397,0,0,0,0
2021-01-24T23:59:59+01:00,3492,4262,8152,12553,8712,19567,10716,29054,12923,20734,7307,7961,10385,17908,8132,26101,79,36,161,192,195,324,250,616,336,443,234,235,262,496,184,753,207725,4796,298,0,0,0,0
2021-01-23T23:59:59+01:00,3490,4260,8152,12552,8708,19558,10715,29041,12915,20729,7303,7960,10248,17724,7817,25534,78,36,161,192,194,323,247,616,335,443,234,235,262,496,184,752,206473,4788,297,0,0,0,0
2021-01-22T23:59:59+01:00,3419,4208,8028,12439,8627,19407,10607,28881,12842,20622,7273,7930,10020,17379,7331,24555,78,36,160,192,194,323,247,616,334,443,234,235,262,496,184,752,203335,4786,297,0,0,0,0
2021-01-21T23:59:59+01:00,3307,3963,7511,11511,8157,18235,10050,27218,12256,19529,7006,7627,9320,16294,6887,23626,71,33,144,176,178,290,222,541,295,406,211,208,229,409,157,632,192261,4202,297,0,0,0,0
2021-01-20T23:59:59+01:00,2885,3511,6621,10064,7405,16187,9066,24336,11183,17695,6440,6964,8158,14425,6194,21610,70,33,143,170,175,289,214,524,284,387,200,200,220,383,147,597,172504,4036,294,0,0,0,0
2021-01-19T23:59:59+01:00,2383,3035,5702,8677,6525,14200,8039,21471,9936,15673,5701,6072,6717,12051,5302,18842,46,23,96,124,118,177,151,357,182,274,122,112,141,262,99,440,150160,2724,213,0,0,0,0
2021-01-18T23:59:59+01:00,2065,2628,4910,7262,5563,11843,6808,17760,8546,13270,4856,5198,5285,9629,4359,15654,25,12,36,46,54,84,66,158,68,135,59,53,61,140,56,207,125591,1260,90,0,0,0,0
2021-01-17T23:59:59+01:00,1748,2252,4389,6485,5063,10654,6263,16148,7915,12122,4529,4857,4916,8935,4063,14712,11,4,6,14,15,32,19,47,25,50,25,23,15,36,12,41,115001,375,88,0,0,0,0
2021-01-16T23:59:59+01:00,1552,1994,4176,6190,4882,10179,5997,15459,7586,11470,4360,4664,4705,8643,3721,14134,0,0,0,0,2,3,0,0,1,2,0,1,0,0,0,1,109744,10,5,0,0,0,0
2021-01-15T23:59:59+01:00,1380,1711,3919,5787,4624,9594,5706,14593,7170,10707,4079,4398,4521,8321,3210,13129,0,0,0,0,0,0,0,0,0,0,0,0,0,0,0,0,102880,0,3,0,0,0,0
2021-01-14T23:59:59+01:00,1047,1283,3144,4574,3764,7683,4717,11772,5782,8586,3325,3559,3818,7054,2781,11456,0,0,0,0,0,0,0,0,0,0,0,0,0,0,0,0,84371,0,0,0,0,0,0
2021-01-13T23:59:59+01:00,887,1081,2645,3810,3165,6398,3937,9704,4665,6911,2448,2654,2899,5387,2132,8732,0,0,0,0,0,0,0,0,0,0,0,0,0,0,0,0,67477,0,0,0,0,0,0
2021-01-12T23:59:59+01:00,741,910,2205,3114,2597,5194,3160,7826,3656,5405,1737,1801,1983,3676,1505,5946,0,0,0,0,0,0,0,0,0,0,0,0,0,0,0,0,51475,0,0,0,0,0,0
2021-01-11T23:59:59+01:00,592,732,1833,2511,2082,4157,2424,5886,2696,3908,1095,1099,1182,2173,828,3361,0,0,0,0,0,0,0,0,0,0,0,0,0,0,0,0,36574,0,0,0,0,0,0
2021-01-10T23:59:59+01:00,518,629,1560,2067,1735,3404,1997,4867,2242,3291,978,981,1038,1908,738,2944,0,0,0,0,0,0,0,0,0,0,0,0,0,0,0,0,30908,0,0,0,0,0,0
2021-01-09T23:59:59+01:00,483,568,1431,1891,1589,3095,1833,4404,2067,3006,909,916,982,1855,723,2905,0,0,0,0,0,0,0,0,0,0,0,0,0,0,0,0,28666,0,0,0,0,0,0
2021-01-08T23:59:59+01:00,366,416,1174,1520,1317,2420,1505,3612,1714,2469,790,810,896,1725,684,2772,0,0,0,0,0,0,0,0,0,0,0,0,0,0,0,0,24197,0,0,0,0,0,0
2021-01-07T23:59:59+01:00,173,114,405,525,476,822,612,1422,759,1078,448,475,563,1060,415,1764,0,0,0,0,0,0,0,0,0,0,0,0,0,0,0,0,11111,0,0,0,0,0,0
2021-01-06T23:59:59+01:00,131,68,266,294,310,532,410,968,523,743,338,357,423,821,324,1333,0,0,0,0,0,0,0,0,0,0,0,0,0,0,0,0,7841,0,0,0,0,0,0
2021-01-05T23:59:59+01:00,101,51,189,240,243,446,326,848,448,640,326,341,407,786,318,1280,0,0,0,0,0,0,0,0,0,0,0,0,0,0,0,0,6990,0,0,0,0,0,0
2021-01-04T23:59:59+01:00,84,41,169,199,201,352,258,640,357,472,247,252,286,558,210,858,0,0,0,0,0,0,0,0,0,0,0,0,0,0,0,0,5184,0,0,0,0,0,0
2021-01-03T23:59:59+01:00,82,37,163,194,196,336,257,626,347,456,242,249,282,546,208,841,0,0,0,0,0,0,0,0,0,0,0,0,0,0,0,0,5062,0,0,0,0,0,0
2021-01-02T23:59:59+01:00,82,37,163,194,196,336,254,626,345,456,242,249,282,546,208,840,0,0,0,0,0,0,0,0,0,0,0,0,0,0,0,0,5056,0,0,0,0,0,0
2021-01-01T23:59:59+01:00,81,37,162,194,196,335,254,626,343,454,242,249,282,545,208,840,0,0,0,0,0,0,0,0,0,0,0,0,0,0,0,0,5048,0,0,0,0,0,0
2020-12-31T23:59:59+01:00,81,37,162,192,196,334,253,625,342,453,242,249,282,545,208,840,0,0,0,0,0,0,0,0,0,0,0,0,0,0,0,0,5041,0,0,0,0,0,0
2020-12-30T23:59:59+01:00,80,37,162,190,194,332,253,624,342,451,242,249,282,545,208,840,0,0,0,0,0,0,0,0,0,0,0,0,0,0,0,0,5031,0,0,0,0,0,0
2020-12-29T23:59:59+01:00,56,24,115,144,147,226,184,449,241,348,159,159,199,412,152,654,0,0,0,0,0,0,0,0,0,0,0,0,0,0,0,0,3669,0,0,0,0,0,0
2020-12-28T23:59:59+01:00,29,17,65,77,83,129,103,257,113,210,92,92,102,218,93,364,0,0,0,0,0,0,0,0,0,0,0,0,0,0,0,0,2044,0,0,0,0,0,0
2020-12-27T23:59:59+01:00,14,8,17,24,37,53,35,87,35,84,32,28,36,80,30,137,0,0,0,0,0,0,0,0,0,0,0,0,0,0,0,0,737,0,0,0,0,0,0
