Datum,<24_1_m,<24_1_w,25-34_1_m,25-34_1_w,35-44_1_m,35-44_1_w,45-54_1_m,45-54_1_w,55-64_1_m,55-64_1_w,65-74_1_m,65-74_1_w,75-84_1_m,75-84_1_w,>84_1_m,>84_1_w,<24_2_m,<24_2_w,25-34_2_m,25-34_2_w,35-44_2_m,35-44_2_w,45-54_2_m,45-54_2_w,55-64_2_m,55-64_2_w,65-74_2_m,65-74_2_w,75-84_2_m,75-84_2_w,>84_2_m,>84_2_w,bp_1,bp_2,mo_1,mo_2,az_1,az_2,ja
2021-07-05T23:59:59+02:00,199711,194117,307111,285741,337864,335375,410637,424413,473251,479950,333107,372841,237397,303774,70274,128414,75522,75234,147912,150044,175258,192676,263620,291808,350708,368641,288416,324323,219475,280516,65871,119711,3485051,2358733,481291,318477,798001,582611,130125
2021-07-04T23:59:59+02:00,195895,190287,304622,283841,336669,334380,409822,423691,472697,479506,332907,372603,237316,303668,70254,128372,73412,73395,144944,147598,173091,190796,261281,289830,347683,366487,285192,321036,218920,279880,65821,119609,3473770,2345668,480028,316222,797460,571533,125763
2021-07-03T23:59:59+02:00,188839,183838,300795,280717,334573,332438,408183,422076,471616,478580,332553,372216,237159,303442,70232,128333,71702,71902,142675,145821,170806,188854,258429,287315,345545,364753,283475,319102,218666,279532,65790,119565,3450057,2330892,478637,316050,797291,567105,120096
2021-07-02T23:59:59+02:00,184229,179504,298585,278692,332939,330822,406973,420927,470865,477910,332302,371908,237044,303263,70204,128286,69060,69261,138893,142658,166499,184969,252519,282055,340500,360232,280278,315458,218045,278774,65743,119484,3433005,2298589,477196,313482,797120,554945,117623
2021-07-01T23:59:59+02:00,179587,175239,294669,275492,330524,328620,405238,419396,469814,476985,331899,371468,236850,303004,70162,128210,64192,64557,132771,137473,159411,178650,242490,273410,329895,350646,275580,310272,216224,276570,65571,119187,3411072,2243425,475150,301433,796791,537617,114635
2021-06-30T23:59:59+02:00,175914,171859,289286,271036,326943,325359,403507,417906,468827,476038,331492,371000,236663,302712,70130,128128,61063,61722,127250,132906,152896,172773,232616,264415,316803,337652,270435,304801,214353,274269,65405,118871,3386756,2189258,473067,289041,796511,519185,110957
2021-06-29T23:59:59+02:00,171663,167672,284849,266851,323464,322110,401448,415863,467320,474655,330911,370375,236416,302362,70076,128022,58259,58721,122432,128597,147021,167319,220906,253839,308363,329405,264094,297717,212405,271836,65205,118530,3359765,2130810,471112,284517,796195,502057,107476
2021-06-28T23:59:59+02:00,167987,163902,279952,262630,320213,319296,399344,413963,465854,473371,330400,369777,236187,302056,70033,127928,55973,56380,118594,125166,142736,163303,211771,245507,302643,324065,259184,292463,210650,269621,65060,118270,3336336,2095577,467176,276060,795557,485644,104315
2021-06-27T23:59:59+02:00,166385,162286,277892,260860,318432,317780,397680,412618,464991,472682,330115,369492,236086,301901,70015,127880,54797,55278,116519,123503,140226,161217,207741,242191,299346,321240,255409,288505,208203,266726,64950,118084,3326535,2080444,465142,272651,794531,469671,101378
2021-06-26T23:59:59+02:00,162032,157910,275819,258998,316051,315576,396506,411482,464302,471994,329855,369211,235982,301744,69990,127850,54255,54695,115225,122389,138838,160007,205543,240226,296871,318886,253892,286868,207871,266319,64924,118015,3307672,2064019,462349,272575,794525,467192,101246
2021-06-25T23:59:59+02:00,156568,152561,272470,256090,314018,313630,395217,410247,463312,471177,329571,368880,235860,301594,69963,127802,52962,53071,112778,119726,134810,155503,196866,231850,291232,313078,252181,284770,207283,265516,64853,117899,3282993,2021968,460948,270917,794482,460671,101027
2021-06-24T23:59:59+02:00,151387,147720,267744,252229,309807,309901,393079,408412,461965,470073,329158,368422,235696,301365,69930,127717,50335,50500,107731,115083,127591,148948,184977,221494,279898,302931,246860,278991,205465,263192,64650,117501,3252361,1960567,458987,259296,794320,447061,99427
2021-06-23T23:59:59+02:00,148064,144483,264115,249141,304644,305178,390614,406106,460584,468772,328637,367812,235470,301057,69884,127614,48421,48431,103978,111234,121985,143350,175188,212912,268038,291064,242305,274253,204142,261513,64490,117141,3225330,1905006,455512,249522,794166,436461,97657
2021-06-22T23:59:59+02:00,144794,141181,260473,245809,298591,299813,388018,403589,459062,467315,328099,367218,235254,300709,69837,127509,46729,46688,100436,107970,117259,138824,162682,201854,257235,280855,238297,269832,202246,259129,64241,116674,3193707,1847138,453629,241868,793985,425708,96437
2021-06-21T23:59:59+02:00,141293,138029,255827,241965,293399,294994,385021,400756,457607,465970,327584,366667,235030,300404,69796,127400,45513,45478,98076,105780,114545,136149,156516,196132,250399,274268,233004,264055,198351,254642,64057,116304,3162344,1816459,451613,236387,793768,406119,94503
2021-06-20T23:59:59+02:00,139679,136452,251799,238662,290902,292830,383657,399468,456836,465249,327370,366400,234922,300274,69776,127341,44440,44593,95919,104056,112358,134234,153576,193678,246164,270263,230125,260660,197405,253438,63976,116185,3145635,1796768,449876,232907,793594,398597,92997
2021-06-19T23:59:59+02:00,137143,134040,249089,236382,289153,291221,381839,397922,456001,464520,327151,366153,234819,300139,69757,127309,43907,43958,94664,102818,110905,132795,152096,192261,242973,267279,229420,259823,197237,253179,63954,116132,3129532,1781017,447090,231343,793588,398328,92911
2021-06-18T23:59:59+02:00,132952,130014,245615,233371,285196,287873,379485,395827,454666,463363,326779,365759,234666,299905,69731,127260,43136,43062,93118,101064,108641,130160,148601,188275,236213,260125,227718,257837,196756,252547,63879,115999,3104004,1752160,442735,230832,793560,391692,92645
2021-06-17T23:59:59+02:00,129067,126563,239774,229038,280131,283556,374786,391886,452405,461556,326198,365054,234431,299551,69666,127148,40941,41266,89160,97662,103871,125480,140860,180691,224959,248862,222574,251977,195124,250413,63621,115581,3069757,1697132,439786,226756,793310,380911,88439
2021-06-16T23:59:59+02:00,125643,123009,234943,224756,275485,279335,369684,387447,449847,459447,325481,364268,234146,299143,69601,127035,39142,39701,85666,94680,99580,121711,132695,173435,212963,237064,216410,244949,193224,248110,63369,115092,3036785,1637946,434306,221209,792798,372970,85861
2021-06-15T23:59:59+02:00,120394,117871,229027,219685,270201,274407,364662,382858,447036,457060,324627,363307,233801,298632,69521,126853,37536,38115,82384,91688,95659,117724,125728,167119,200714,225148,210439,238216,191288,245708,63059,114529,2992573,1581197,432403,215452,792248,365403,83195
2021-06-14T23:59:59+02:00,116128,113487,223850,214823,264888,269480,359426,378140,443934,454494,323846,362460,233490,298245,69459,126734,36595,37236,80157,89638,92993,115251,121677,163436,194192,218712,207364,234745,190169,244255,62846,114144,2950803,1551943,430078,213246,791988,357922,80490
2021-06-13T23:59:59+02:00,114576,112043,221432,212742,262380,267247,357190,376205,442767,453463,323572,362156,233355,298077,69428,126661,35745,36517,78328,87994,91013,113465,118876,160859,190403,215054,204316,231347,189140,242895,62616,113735,2935969,1538163,427658,206065,791673,349797,78468
2021-06-12T23:59:59+02:00,111793,109177,219551,211027,261011,265978,355769,374809,441878,452696,323286,361851,233263,297976,69410,126634,35378,36118,77350,86916,89782,112198,117333,159322,186895,211785,203300,230242,187757,241255,62606,113706,2919900,1525196,426686,206058,791647,342528,78349
2021-06-11T23:59:59+02:00,109135,106564,216681,208433,257387,262827,352664,372098,440172,451224,322850,361403,233131,297770,69382,126579,34715,35014,75379,83589,87581,108697,113278,154228,180273,204410,201224,227888,187158,240492,62545,113608,2895721,1498004,423915,205389,791459,329196,77676
2021-06-10T23:59:59+02:00,104269,102047,210684,203736,250405,257066,346650,366848,435730,447491,321996,360438,232813,297322,69298,126430,33144,33542,71429,79472,82711,103256,106675,146113,168065,190892,195208,221049,185445,238373,62295,113207,2852540,1451385,416928,203679,790613,302390,73608
2021-06-09T23:59:59+02:00,100299,98294,204910,199066,243714,251429,340063,360947,432090,444497,321334,359700,232548,296948,69234,126300,31626,32307,68235,76846,79054,100132,102016,141893,157049,180253,184670,209155,183592,236137,62024,112717,2814031,1397874,408701,199774,790102,291243,69001
2021-06-08T23:59:59+02:00,95633,93636,198363,193562,236796,245464,331876,353729,427035,439866,320506,358708,232179,296467,69154,126164,30561,31465,65667,74577,75815,97433,97476,138026,149535,172837,176032,199522,181797,233912,61792,112352,2762543,1359011,402980,194890,789527,280538,64544
2021-06-07T23:59:59+02:00,92292,90422,192364,188894,230284,240268,324083,347595,424013,437444,319971,358081,231966,296141,69100,126069,29705,30628,63227,72649,72882,95294,93744,135117,141527,165109,172028,194943,180395,232123,61576,111975,2723831,1332127,396894,191639,788958,269583,59755
2021-06-06T23:59:59+02:00,90702,89083,189105,186383,226969,237537,319844,344218,422601,436374,319703,357794,231855,295981,69076,126023,29113,30080,61481,70991,70829,93321,90603,132092,135902,159382,169520,192341,179297,230733,61348,111597,2708595,1320403,389568,182068,788459,259263,57074
2021-06-05T23:59:59+02:00,88688,86976,184264,182172,224508,235390,318032,342578,421599,435440,319413,357469,231706,295814,69062,125991,28668,29356,60315,69097,69455,91225,88947,129887,131195,154108,166541,188708,178817,230080,61314,111532,2685288,1296961,389452,181601,788091,254140,56719
2021-06-04T23:59:59+02:00,86275,84406,180648,178606,220546,231473,314479,338987,419247,433265,318957,356940,231515,295585,69024,125928,28212,28694,59222,67471,68203,89180,87206,127311,127880,150488,162325,183972,177836,228821,61266,111446,2656313,1278387,385676,180838,787969,244113,56370
2021-06-03T23:59:59+02:00,82934,81292,174960,174008,213350,225445,306860,332350,411552,426442,317939,355779,231147,295143,68969,125797,27332,27694,57355,65327,65857,86485,83622,123262,121201,143867,156031,176438,176280,226812,61153,111209,2607845,1249490,375489,175602,787542,231469,53533
2021-06-02T23:59:59+02:00,80849,79102,170968,170374,209775,222373,303338,329065,409537,424628,317534,355334,230995,294940,68941,125748,26885,27224,56254,64247,64325,85251,81607,121361,116280,139025,148194,167523,175567,225862,61068,111039,2579549,1217580,374115,173646,787509,227886,52767
2021-06-01T23:59:59+02:00,76540,75252,162791,163884,200529,214726,294315,321257,401389,416856,316035,353739,230459,294214,68830,125524,25349,25817,51989,61331,59553,82013,76254,116924,108920,131880,137159,154208,173478,223145,60861,110614,2521413,1167872,362575,169579,786752,216173,46032
2021-05-31T23:59:59+02:00,73799,72772,157176,159609,193278,208813,286975,314935,395675,411905,315048,352639,230077,293700,68740,125353,24448,24780,49421,59160,56448,79538,72714,113707,104489,127501,133051,149355,172118,221438,60692,110285,2481195,1145670,353240,167345,786130,205930,40360
2021-05-30T23:59:59+02:00,72747,71712,154736,157610,190701,206489,284246,312445,393804,410179,314693,352233,229918,293464,68703,125273,23860,24019,47867,57471,54754,77728,70545,111205,101872,124676,130912,146855,171335,220515,60600,110077,2465472,1136031,350746,166042,785525,194736,37640
2021-05-29T23:59:59+02:00,72145,71125,153236,156217,188422,204474,282415,310868,392964,409403,314472,351989,229839,293386,68692,125255,23539,23501,46962,55986,53425,75859,68639,108380,99580,121900,128129,143455,170686,219612,60573,110025,2451660,1122554,350604,165981,785446,184253,37620
2021-05-28T23:59:59+02:00,71064,70013,150876,153976,184806,200971,279172,307748,391124,407645,314062,351491,229693,293174,68673,125198,23018,22505,45370,53877,51617,73324,66620,104464,95295,116045,123794,138444,169717,218308,60527,109912,2428077,1100165,349566,165768,785219,169807,37251
2021-05-27T23:59:59+02:00,67760,67013,144428,149072,176669,194752,272825,302619,384848,402003,312807,350061,229235,292644,68605,125016,21709,20833,42150,50848,47769,69554,62108,98508,88988,108591,119915,133872,166938,214631,60355,109600,2383799,1071966,342005,163054,783435,149959,31540
2021-05-26T23:59:59+02:00,65626,64856,139505,145019,170613,189724,266111,296977,378131,395335,311296,348465,228750,291954,68504,124806,20979,19930,40345,48726,45434,66837,59103,94740,84442,103525,114977,128186,163167,209319,60148,109176,2346747,1040280,328875,161499,781642,138578,28825
2021-05-25T23:59:59+02:00,63604,62885,135339,141562,165590,185456,259084,290732,372733,389981,310030,347076,228350,291310,68423,124630,20414,19276,38959,47227,43626,64832,56660,91778,80412,99191,110100,122545,157680,202140,59983,108876,2309462,1009113,321411,158103,779129,129434,27197
2021-05-24T23:59:59+02:00,62381,61695,132615,139493,162338,183067,252188,284788,367833,385327,309216,346164,228064,290931,68352,124503,20075,18880,37951,46170,42301,63366,55012,89792,78201,96711,108705,120910,157083,201366,59875,108680,2285920,999926,310419,156823,777362,122813,25664
2021-05-23T23:59:59+02:00,61882,61184,131526,138617,161151,182040,250954,283774,366253,383903,308608,345507,227893,290709,68332,124467,19850,18702,37413,45626,41563,62686,53871,88814,76737,95370,107547,119531,156110,200155,59809,108543,2274503,991913,309852,153780,777313,121241,25541
2021-05-22T23:59:59+02:00,61188,60564,130058,137558,158801,180432,248006,281496,363786,381701,308085,344914,227716,290443,68307,124417,19534,18283,36807,45030,40928,62166,53228,88096,75980,94238,106006,117742,155346,199188,59782,108489,2256687,985281,309835,153778,777270,117845,24086
2021-05-21T23:59:59+02:00,59882,59138,127200,135000,155585,177152,242856,276777,357742,376045,307154,343829,227420,290046,68247,124310,19176,17921,36200,44269,40286,61128,52286,86715,74285,91974,102797,113825,154217,197751,59691,108315,2221061,972416,308208,153457,775711,111305,23805
2021-05-20T23:59:59+02:00,56838,56360,121496,130158,148692,170868,232597,268064,348752,367796,304627,341096,226657,289044,68115,124094,17889,16991,34046,42036,37858,58253,49485,82975,70386,87513,98722,109249,151786,194768,59515,107961,2163341,953343,301601,151533,769780,93774,20927
2021-05-19T23:59:59+02:00,54641,54176,116506,125505,141565,164297,222105,258744,338267,356958,302002,338240,225914,288008,67966,123818,17314,16214,32833,40463,36463,56209,47492,80220,67171,83958,94869,104812,148178,190069,59255,107469,2097776,930119,295375,149580,766845,84327,19103
2021-05-18T23:59:59+02:00,52565,52222,111747,121271,135243,158750,210581,248410,328445,347215,299341,335281,225042,286815,67815,123563,16800,15619,31641,39021,35127,54435,45703,77841,64302,80748,90894,100309,145007,186029,59045,107034,2038164,910045,286100,146743,763290,75773,17132
2021-05-17T23:59:59+02:00,51539,51237,109434,119237,132473,156119,204102,242441,320912,340167,297566,333321,224458,285998,67708,123355,16370,15183,30618,37989,33982,53164,44240,76064,62076,78372,86088,94484,143552,184150,58895,106719,2011521,898502,273924,139317,759919,69181,15082
2021-05-16T23:59:59+02:00,50762,50582,108009,117926,130738,154465,201155,239775,313498,333241,296550,332194,224151,285516,67656,123258,16091,14815,29877,37219,33117,52251,43189,74765,60760,76917,82691,90446,142769,183080,58810,106582,1996267,892504,263538,132595,756709,65075,13339
2021-05-15T23:59:59+02:00,50229,49951,107013,116945,129731,153361,199235,237857,309956,330052,295932,331507,223955,285245,67636,123194,15953,14655,29624,36916,32830,51823,42709,74121,59927,75943,82098,89633,142256,182417,58774,106535,1980164,887295,263522,132450,755846,63962,12641
2021-05-14T23:59:59+02:00,48989,48541,104783,114869,126162,149934,191082,230839,303687,324206,294962,330375,223668,284799,67589,123100,15455,14233,28847,36108,32071,50643,41640,72352,58375,74005,80210,87160,141651,181435,58734,106448,1943169,877756,261852,131575,751326,58560,11608
2021-05-13T23:59:59+02:00,47082,46604,100979,111668,121481,145845,181108,222297,293118,314440,292000,326960,222857,283662,67489,122894,14599,13792,27999,35416,31312,49754,40708,71278,56884,72454,76464,82846,138912,177851,58624,106234,1891791,865326,253311,124589,745145,54740,10601
2021-05-12T23:59:59+02:00,46177,45903,99073,110248,119437,144199,178574,220198,288391,309131,290837,325691,222615,283340,67451,122809,14437,13643,27687,35202,30917,49470,40271,70907,56359,71894,75152,81254,138144,176737,58538,106074,1868811,859715,251158,122823,744662,54472,9804
2021-05-11T23:59:59+02:00,43951,44435,95085,107195,113666,139489,165273,208976,276800,298425,287454,321799,221662,281943,67302,122512,14015,13082,26689,33790,29804,47695,38990,68653,54668,69647,72099,77697,136804,174922,58381,105718,1810235,847589,241511,120164,736228,46679,8350
2021-05-10T23:59:59+02:00,42711,43473,92512,105210,110437,136875,156921,201989,268971,291345,285287,319361,221088,281084,67177,122273,13678,12641,25937,32810,29020,46449,38010,66808,53459,67922,70030,75166,135666,173421,58262,105432,1774839,838793,235498,119128,729337,39526,7392
2021-05-09T23:59:59+02:00,41599,42705,89861,103482,107794,135120,151935,198593,263494,286450,284056,317981,220712,280556,67112,122128,13369,12427,25251,32148,28296,45649,37227,65857,52527,66976,68808,73770,135075,172596,58208,105302,1755671,834267,228440,118142,723408,34794,6409
2021-05-08T23:59:59+02:00,41308,42410,89023,102757,106728,134290,150517,197395,260972,284416,283558,317440,220592,280377,67096,122096,13268,12366,25123,32059,28151,45522,37040,65667,52195,66664,67862,72859,134018,171241,58161,105209,1743800,829709,227935,117403,723189,34019,6400
2021-05-07T23:59:59+02:00,40384,41696,87112,101429,103927,132096,145929,193618,254777,278945,282232,315848,220246,279918,67044,121973,12525,11883,24306,31336,27396,44472,36180,64414,51023,65162,65628,70190,131817,168446,58072,105031,1718231,820142,224748,115169,719090,27245,5451
2021-05-06T23:59:59+02:00,37753,39981,82405,97988,97983,127375,135815,185149,238414,264595,277135,310084,218960,278239,66870,121657,11842,11368,23376,30235,26409,43130,34829,62417,49297,63203,63152,67090,129734,165714,57959,104812,1652920,809155,214898,112091,708378,18904,4542
2021-05-05T23:59:59+02:00,35877,38793,78780,95415,93416,123744,128028,178646,223722,250611,270968,302961,217391,276253,66624,121134,11614,11095,22847,29514,25815,42211,33911,61026,48157,61801,60573,64007,126829,162052,57861,104564,1586936,797034,209858,108554,702430,14944,3470
2021-05-04T23:59:59+02:00,34786,37694,76072,93118,89933,120716,122486,173931,213146,240375,265496,296523,215954,274413,66416,120665,11454,10895,22449,28979,25363,41455,33211,59956,47069,60543,57876,60857,124482,159137,57711,104331,1538049,785309,204763,105941,696419,11821,2821
2021-05-03T23:59:59+02:00,33923,36646,73803,91316,87070,118380,118063,170305,206528,234390,262232,292674,215156,273334,66295,120371,11214,10628,22062,28410,24892,40761,32535,58994,46052,59409,55115,57533,120736,154266,57455,103896,1506432,769580,201660,104246,691539,9075,1179
2021-05-02T23:59:59+02:00,33580,36330,72640,90423,85619,117291,115654,168451,203449,231893,261276,291588,214868,272925,66230,120263,11148,10560,21877,28203,24669,40477,32200,58592,45601,58939,53931,56089,117698,150611,57372,103766,1495888,764625,198877,98733,687719,8181,316
2021-05-01T23:59:59+02:00,33266,35959,71882,89636,84553,116255,114197,167095,200381,228867,260589,290770,214660,272644,66219,120225,11135,10545,21824,28174,24611,40441,32141,58535,45519,58864,53691,55798,117540,150416,57363,103749,1480874,763326,198875,98694,687456,8136,312
2021-04-30T23:59:59+02:00,32722,35358,70680,88429,83100,114539,110446,163554,193028,221777,258602,288408,214211,272038,66159,120119,10817,10352,21465,27901,24338,40020,31818,57974,45061,58238,52799,54638,116593,149234,57309,103632,1448150,759672,198550,96718,686669,5804,117
2021-04-29T23:59:59+02:00,31233,34419,67799,86430,79494,111954,105363,159474,180283,210280,250702,279327,213018,270414,66025,119773,10515,10143,20993,27456,23916,39524,31245,57236,44268,57312,50982,52459,114756,147015,57209,103439,1393561,750926,191277,94058,681366,3509,97
2021-04-28T23:59:59+02:00,30004,33811,65945,85130,77020,110147,101958,156639,170640,201135,239878,266766,211742,268731,65828,119447,10333,9989,20698,27109,23560,39059,30831,56585,43544,56496,48879,49861,112195,143802,57087,103228,1341074,741483,187945,89542,676043,2282,70
2021-04-27T23:59:59+02:00,29254,33133,64385,83676,75050,108354,99229,154265,165957,196437,231412,256994,210603,267124,65709,119225,10212,9881,20419,26821,23327,38737,30480,56093,42867,55814,46885,47331,109563,140389,56970,103029,1307241,731744,185657,85557,668148,1569,69
2021-04-26T23:59:59+02:00,28827,32757,63301,82804,73571,107206,96973,152573,157383,188460,227233,252166,209898,266137,65619,119028,10121,9794,20209,26641,23093,38521,30188,55760,42261,55244,45091,45200,107683,137920,56875,102876,1278462,723856,184223,82485,661489,1190,66
2021-04-25T23:59:59+02:00,28580,32520,62529,82289,72518,106480,95261,151361,152090,183630,222940,247331,209314,265364,65554,118907,10066,9761,20132,26569,23009,38442,30079,55636,42102,55085,44679,44705,107007,137015,56847,102806,1265825,722210,178091,80725,652989,1061,64
2021-04-24T23:59:59+02:00,28238,32094,61597,81078,71340,105042,93724,149713,147216,178506,220164,244015,208845,264695,65520,118857,10052,9744,20091,26530,22961,38378,30000,55552,41953,54950,44442,44398,106759,136722,56826,102778,1241083,721140,178067,80033,651730,1019,63
2021-04-23T23:59:59+02:00,27495,31478,60047,79581,69565,103032,91152,147095,142476,174143,215628,238493,208192,263705,65458,118742,10002,9685,19982,26445,22830,38231,29768,55348,41592,54623,43826,43643,105705,135448,56670,102504,1216355,717820,176895,77572,643264,967,62
2021-04-22T23:59:59+02:00,26883,30878,58528,78153,67109,100836,87053,143624,134470,166689,206627,227533,206154,261077,65261,118347,9876,9589,19736,26155,22481,37801,29257,54837,40837,53988,42663,42321,103722,133013,56442,102107,1174997,710412,169476,73629,634977,841,62
2021-04-21T23:59:59+02:00,26399,30361,57212,77058,65243,99224,84038,140996,127320,159907,193599,212245,204009,258192,65036,117924,9748,9504,19508,25912,22198,37484,28909,54393,40293,53461,41825,41309,101551,130251,56193,101699,1123719,703947,166608,69577,628661,771,62
2021-04-20T23:59:59+02:00,25976,29896,56064,75922,63589,97655,81512,138436,122262,154871,182164,198845,201590,255070,64804,117503,9650,9415,19293,25727,21907,37219,28508,53988,39760,52931,41018,40385,99349,127284,55859,101164,1081301,696486,163134,66335,621948,694,61
2021-04-19T23:59:59+02:00,25617,29543,55109,75108,62317,96489,79404,136522,118761,151513,176455,192034,199887,252852,64624,117176,9544,9325,19067,25513,21668,36953,28201,53604,39263,52410,40227,39482,96270,123331,55455,100457,1056893,686219,161315,63951,615427,659,60
2021-04-18T23:59:59+02:00,25314,29283,54344,74565,61197,95552,77563,135111,115411,149130,171367,186507,198878,251627,64516,116986,9472,9251,18882,25343,21493,36789,27988,53331,39006,52163,39903,39100,95059,121793,55274,100162,1043003,682392,159651,62029,604917,647,60
2021-04-17T23:59:59+02:00,25204,29191,53973,74371,60684,95202,76914,134515,114568,148394,167133,181638,198344,250903,64481,116921,9427,9193,18744,25158,21307,36559,27765,53057,38743,51898,39609,38781,94304,120869,55210,100080,1032157,678417,159624,61715,600874,631,60
2021-04-16T23:59:59+02:00,24835,28945,52992,73772,59412,94328,75306,133192,110453,144278,159536,172910,196696,248700,64372,116713,9222,9021,18361,24740,20735,35992,26685,52172,36756,50322,36360,35914,91159,117398,54808,99426,1006396,663621,158844,54913,591418,595,60
2021-04-15T23:59:59+02:00,24359,28493,51752,72609,57469,92610,72055,130360,104997,139020,151707,163971,192052,242838,64077,116096,9049,8861,17995,24321,20245,35338,26012,51384,35379,49100,34271,33913,88080,113694,54303,98571,974298,650667,156794,49365,573588,543,59
2021-04-14T23:59:59+02:00,24016,28167,50821,71676,56132,91226,69683,128210,101028,135268,142545,153626,184325,232970,63738,115432,8646,8596,17522,23820,19716,34700,25106,50512,34104,47986,32244,31779,85119,110072,53814,97715,936525,635908,154131,45158,558419,445,58
2021-04-13T23:59:59+02:00,23781,27951,50132,71139,55200,90411,68057,126812,97312,131852,130761,140542,177957,224657,63398,114845,8413,8427,17183,23419,19298,34175,24449,49721,33046,46983,30869,30427,83014,107725,53459,97176,903417,626742,149628,40780,541973,322,58
2021-04-12T23:59:59+02:00,23574,27767,49588,70635,54345,89685,66612,125533,94700,129535,123681,132544,174738,220715,63129,114355,8177,8243,16830,23126,18935,33743,23983,49189,32381,46365,29355,28897,81361,105795,53134,96656,887082,618381,148103,37539,526159,308,58
2021-04-11T23:59:59+02:00,23404,27609,49069,70216,53621,89234,65485,124734,92855,128066,118216,126558,170825,216124,62961,114061,8047,8109,16534,22848,18620,33439,23627,48810,31938,45984,28722,28236,80345,104555,52926,96339,879662,613123,143708,35717,509876,296,57
2021-04-10T23:59:59+02:00,23344,27555,48904,70085,53425,89079,65165,124468,92334,127632,116140,124036,169394,214277,62920,113960,7464,7507,15647,22070,17666,32602,22508,47781,30829,44993,28064,27524,78259,101955,52659,95904,872702,597857,142860,35339,507365,292,55
2021-04-09T23:59:59+02:00,23099,27308,48408,69599,52791,88402,64180,123347,90517,125733,107350,113128,166028,209883,62720,113604,6506,6611,14127,20751,15951,31052,20379,45823,28636,42995,26296,25712,74772,97793,52119,95066,853371,570533,135836,33834,497101,279,50
2021-04-08T23:59:59+02:00,22807,27066,47832,69114,52049,87707,62886,122273,88111,123573,97083,101182,160512,203055,62395,113040,5867,6028,12945,19742,14696,29721,18746,44125,26147,40667,23292,22759,70150,92058,50987,93321,834808,539174,126977,31894,479116,241,45
2021-04-07T23:59:59+02:00,22496,26840,47033,68663,51132,87110,61507,121299,84997,121145,87939,90952,153533,194292,62103,112479,5488,5709,12292,19070,13886,28899,17707,43084,24248,38777,20761,20246,66215,87314,49998,91712,814519,515827,121404,29429,457813,207,41
2021-04-06T23:59:59+02:00,22288,26683,46511,68285,50549,86593,60481,120524,82901,119406,80196,82179,147195,186350,61761,111852,5299,5553,11947,18722,13540,28474,17174,42529,23391,37974,19642,19221,63077,83242,49081,90340,795318,502561,118204,26509,440447,195,39
2021-04-05T23:59:59+02:00,22192,26559,46202,67946,50171,86195,59938,119835,81727,118254,75737,77108,142209,180266,61559,111536,5161,5414,11686,18472,13247,28162,16857,42161,22948,37514,19180,18753,60222,79703,48386,89277,785931,493293,116462,23720,425254,190,37
2021-04-04T23:59:59+02:00,22145,26502,46084,67682,50003,85883,59663,119335,81222,117626,74304,75407,141510,179292,61522,111454,5159,5408,11671,18460,13236,28146,16840,42145,22854,37442,18774,18430,58789,77861,48182,88966,783414,488525,116363,23719,420073,182,34
2021-04-03T23:59:59+02:00,22083,26422,45962,67576,49842,85708,59347,119025,80655,117053,72964,73778,140398,177757,61439,111306,5151,5401,11658,18442,13213,28126,16806,42099,22749,37371,18639,18281,58439,77304,48093,88822,777077,486757,116322,23719,418132,182,33
2021-04-02T23:59:59+02:00,22007,26340,45804,67413,49626,85462,58881,118575,79781,116243,71412,71901,138127,174783,61242,110948,5133,5364,11613,18403,13160,28045,16719,41953,22478,36895,18282,17920,56107,74431,47284,87730,768000,478319,114553,23080,416208,182,32
2021-04-01T23:59:59+02:00,21806,26134,45390,66894,48991,84727,58012,117640,77902,114581,68160,68485,134061,169626,60924,110383,4990,5225,11348,18143,12938,27812,16398,41645,21981,36457,17477,17183,51306,68428,45616,85279,756397,460411,108486,21715,409050,167,28
2021-03-31T23:59:59+02:00,21479,25915,44990,66377,48503,84082,57292,116704,76753,113345,66126,66176,129324,163523,60521,109661,4912,5175,11253,18026,12781,27663,16163,41379,21394,35952,16355,16287,46121,62044,44247,83310,746680,442194,101357,20774,402954,164,25
2021-03-30T23:59:59+02:00,21308,25695,44595,65762,48004,83288,56592,115655,75622,111981,64295,64161,124956,157786,60055,108762,4845,5092,11151,17902,12592,27475,15841,41056,20826,35406,15528,15487,43376,58649,43138,81526,736550,430409,97150,19418,395039,134,21
2021-03-29T23:59:59+02:00,21111,25456,44138,65213,47531,82599,55860,114584,74413,110554,61821,61430,118244,149168,59285,107369,4750,5024,11047,17794,12441,27311,15595,40739,20371,34941,14880,14949,40797,55673,42036,79714,716105,419267,93739,18745,389153,120,21
2021-03-28T23:59:59+02:00,20908,25169,43643,64531,47018,81863,55185,113585,73476,109456,60568,60002,113555,143210,58841,106613,4696,4966,10902,17652,12192,27013,15404,40493,20205,34712,14645,14708,39724,54268,41688,79180,709605,415000,86453,17423,381786,95,21
2021-03-27T23:59:59+01:00,20792,25015,43351,64169,46660,81337,54689,112896,72815,108724,59428,58929,112079,141508,58774,106534,4683,4954,10875,17633,12174,26984,15045,40070,19809,34276,14353,14496,39240,53585,41215,78365,704383,410967,85757,16771,377780,89,21
2021-03-26T23:59:59+01:00,20541,24505,42555,62476,45700,79325,53361,109886,70813,105133,57424,57056,109335,138285,58448,106021,4663,4921,10852,17582,12105,26894,14967,39961,19475,33693,13888,13850,36188,49760,39162,75131,693054,396533,82460,16554,365567,75,21
2021-03-25T23:59:59+01:00,20109,23833,41685,60721,44614,76779,51853,106378,68430,101381,54841,54427,106033,134326,57877,105033,4617,4869,10762,17480,11987,26754,14785,39744,19203,33389,13414,13364,32359,44741,36177,70619,681664,378301,78271,15962,348602,71,19
2021-03-24T23:59:59+01:00,19713,23396,40919,59465,43610,75261,50490,104469,66355,99063,52073,51523,101796,129244,57240,103958,4563,4803,10670,17344,11824,26555,14557,39461,18838,32971,12961,12914,29802,41536,33070,65794,668918,362806,73410,14864,336466,67,15
2021-03-23T23:59:59+01:00,19467,23099,40364,58561,42895,74178,49463,102963,64715,97213,49790,49188,99048,126041,56682,103126,4504,4735,10572,17220,11678,26376,14317,39154,18428,32587,12460,12409,27380,38449,29416,59911,660856,345331,70072,14276,326083,62,14
2021-03-22T23:59:59+01:00,19251,22692,39733,57688,42234,73145,48527,101582,63248,95593,47973,47322,96657,123303,56209,102351,4444,4688,10487,17106,11549,26201,14161,38915,18192,32287,12153,12040,25555,36108,25486,53563,654601,329222,67269,13725,315855,61,14
2021-03-21T23:59:59+01:00,19116,22435,39248,56936,41692,72304,47884,100433,62311,94370,46931,46303,95018,121459,55840,101773,4431,4681,10452,17059,11505,26116,14101,38825,18112,32188,12034,11909,25127,35659,25133,53006,652039,327043,65246,13312,306982,56,13
2021-03-20T23:59:59+01:00,19056,22289,39038,56446,41456,71746,47576,99804,61874,93769,46282,45538,92426,118234,55555,101288,4422,4674,10443,17047,11478,26100,14059,38789,18030,32114,11875,11749,24490,34885,24372,51923,645602,323344,64801,13123,302186,56,13
2021-03-19T23:59:59+01:00,18705,21726,37910,54333,40182,69762,45857,97726,59004,91016,41858,41682,87226,112487,54857,100208,4403,4661,10411,17001,11415,25990,13972,38621,17796,31820,11525,11473,22826,32833,22696,49367,627911,314073,57616,12761,289220,48,13
2021-03-18T23:59:59+01:00,18314,21081,36740,52186,38647,66977,43712,93275,55167,85231,37846,37903,82506,107018,53772,98550,4383,4634,10343,16899,11337,25838,13824,38426,17576,31617,11293,11292,21583,31324,20989,46774,611042,306012,51885,12151,266200,40,13
2021-03-17T23:59:59+01:00,17897,20732,36018,51273,37889,66029,42636,91926,53387,83408,35188,35129,78489,102200,52828,97078,4360,4610,10281,16806,11265,25705,13711,38240,17379,31427,11058,11071,20349,29919,19401,44376,594440,298544,47496,11446,260369,37,13
2021-03-16T23:59:59+01:00,17541,20316,35276,50209,37077,64841,41542,90265,51553,81424,32992,33118,74498,97287,51949,95768,4310,4561,10209,16680,11175,25555,13614,38004,17244,31185,10888,10896,19075,28409,17925,42062,581271,290815,42815,11012,251766,35,11
2021-03-15T23:59:59+01:00,17264,19955,34573,49234,36290,63654,40643,88788,50300,79826,31277,31285,71222,93203,51253,94635,4289,4529,10144,16558,11109,25355,13500,37717,17095,30914,10722,10737,18353,27449,16673,40206,570181,285036,39499,10364,243925,31,0
2021-03-14T23:59:59+01:00,16996,19528,33723,48030,35391,62340,39595,86963,49057,78107,30115,30056,69233,90646,50810,93960,4264,4511,10099,16481,11052,25214,13440,37495,17005,30751,10654,10655,18172,27168,16411,39647,563091,283849,37628,9230,234030,21,0
2021-03-13T23:59:59+01:00,16191,18493,32254,46042,33829,60247,37572,83941,46944,75598,28775,28713,67222,88031,50540,93569,4264,4511,10097,16476,11049,25207,13432,37488,17000,30742,10617,10622,17432,26283,15368,38198,546767,279615,37343,9229,224038,21,0
2021-03-12T23:59:59+01:00,15088,17119,29817,43399,31168,57113,34715,79089,43741,71148,25944,25531,62925,82733,49562,92169,4253,4477,10080,16414,11031,25156,13386,37373,16910,30613,10345,10396,16553,25042,14301,36681,518797,273851,36034,9218,206612,18,0
2021-03-11T23:59:59+01:00,14053,15661,27582,40713,28852,53931,32129,74710,39998,66267,22551,22067,56937,75431,47635,89332,4212,4443,10001,16297,10921,24932,13270,37063,16746,30311,10045,10185,15924,24208,13634,35409,486846,269878,34447,7784,186725,15,0
2021-03-10T23:59:59+01:00,13459,14963,26180,39102,27209,52117,30574,72402,37486,63151,19812,19522,51031,68302,46087,86994,4179,4399,9903,16131,10803,24682,13124,36644,16547,29942,9814,10003,15183,23434,12975,34385,460486,265166,32409,7045,175662,12,0
2021-03-09T23:59:59+01:00,13176,14497,25066,38065,25801,50939,29522,70751,36108,61321,18640,18404,47529,63875,44964,85209,4155,4374,9819,15965,10701,24423,12972,36329,16374,29707,9691,9901,14523,22599,12481,33613,446935,261476,29889,6213,167196,12,0
2021-03-08T23:59:59+01:00,12847,13897,23986,36964,24535,49800,28587,69271,34879,59707,17565,17527,43420,58891,43736,83227,4140,4339,9758,15767,10599,24170,12840,35973,16248,29442,9612,9824,14029,21995,12167,33173,431503,258324,27884,5822,159602,4,0
2021-03-07T23:59:59+01:00,12614,13605,23394,36115,23840,48926,27989,68402,34276,58957,17305,17279,42355,57448,43371,82664,4128,4326,9738,15726,10572,24097,12809,35804,16191,29329,9591,9796,13833,21742,12031,32971,426768,257273,26074,5484,155845,0,0
2021-03-06T23:59:59+01:00,12502,13315,22994,35382,23313,48139,26948,66881,33181,57197,16920,16951,41711,56561,43070,82197,4125,4312,9727,15701,10554,24064,12799,35762,16173,29298,9574,9755,13787,21704,11929,32763,422720,256897,26010,5203,148677,0,0
2021-03-05T23:59:59+01:00,12092,12716,22316,34185,22633,46913,26195,65260,31951,54781,16278,16121,38254,52259,40914,78755,4097,4266,9657,15602,10505,23917,12731,35568,16089,29093,9479,9686,13603,21496,11567,32161,407548,255222,24561,4368,139652,0,0
2021-03-04T23:59:59+01:00,11332,11711,21131,32465,21419,44874,24842,62609,30261,52428,15551,15407,34256,47099,37842,74073,4052,4180,9550,15319,10403,23563,12599,35046,15945,28699,9309,9537,13447,21286,11483,32016,389144,252229,22492,4276,125800,0,0
2021-03-03T23:59:59+01:00,11027,11225,20445,31255,20651,43531,23943,60869,29223,50796,15077,14906,31652,43780,34759,69308,4012,4118,9471,15152,10324,23316,12495,34627,15769,28353,9129,9411,13323,21072,11337,31747,373735,249613,21701,4114,117143,0,0
2021-03-02T23:59:59+01:00,10764,10803,19802,30290,19938,42518,23164,59488,28256,49525,14450,14262,28979,40410,30877,63095,3965,4047,9410,14989,10257,23057,12395,34201,15669,28047,9005,9309,13186,20884,11261,31602,355581,247240,20195,4113,110970,0,0
2021-03-01T23:59:59+01:00,10592,10544,19292,29489,19378,41641,22576,58419,27545,48403,14036,13808,26913,37825,26630,56220,3950,3999,9356,14835,10195,22760,12316,33824,15564,27724,8923,9249,13007,20620,11151,31424,338404,244852,19086,4113,105944,0,0
2021-02-28T23:59:59+01:00,10425,10345,18826,28847,18849,40907,22099,57570,27060,47614,13829,13569,26308,37166,26226,55618,3935,3985,9331,14803,10177,22709,12299,33754,15538,27678,8897,9225,12877,20445,11089,31275,335972,244006,18229,4079,101178,0,0
2021-02-27T23:59:59+01:00,10245,9830,18497,27980,18591,40123,21814,56590,26732,46822,13553,13267,25642,36363,25305,54200,3924,3975,9310,14783,10146,22661,12260,33673,15497,27605,8876,9209,12868,20429,11085,31270,332068,243661,17508,3978,96097,0,0
2021-02-26T23:59:59+01:00,9450,9044,17597,26542,17810,37918,20888,53745,25276,44002,13088,12868,24056,34377,23784,51896,3843,3908,9232,14623,10073,22406,12179,33308,15381,27313,8796,9127,12802,20361,11044,31200,322972,241759,17255,3904,82228,0,0
2021-02-25T23:59:59+01:00,8293,8193,16278,24943,16545,35658,19653,50865,23571,41224,12615,12473,22778,32787,22290,49614,3721,3765,9071,14312,9856,21805,11928,32461,15059,26664,8602,8975,12544,20039,10903,30932,315361,237645,16488,3059,66043,0,0
2021-02-24T23:59:59+01:00,7928,7671,15625,23908,15917,34419,18938,49355,22781,40026,12220,12138,21477,31291,20611,46991,3648,3699,8931,14023,9683,21355,11731,31839,14798,26130,8463,8838,12402,19867,10838,30721,307132,234887,15525,2144,58749,0,0
2021-02-23T23:59:59+01:00,7444,7196,14815,22740,15233,33202,18219,47949,22062,38959,11916,11816,20141,29722,19000,44439,3608,3626,8811,13821,9548,20960,11545,31263,14500,25633,8294,8696,12277,19657,10768,30490,299042,232076,14725,1485,51194,0,0
2021-02-22T23:59:59+01:00,7337,6990,14432,22123,14884,32477,17757,46943,21568,38226,11721,11568,19396,28717,17689,42489,3578,3525,8675,13529,9384,20460,11291,30528,14128,25039,8048,8506,12079,19406,10664,30186,293201,228786,14114,303,47109,0,0
2021-02-21T23:59:59+01:00,7247,6865,14112,21684,14465,31895,17343,46289,21133,37733,11617,11468,19234,28504,17442,42156,3540,3486,8593,13406,9309,20243,11220,30238,14007,24771,7986,8444,12023,19299,10593,30025,292065,226956,13743,289,43483,0,0
2021-02-20T23:59:59+01:00,7130,6816,13987,21604,14349,31761,17224,46139,20976,37552,11518,11386,18457,27588,16388,40687,3538,3480,8583,13398,9299,20222,11206,30213,13994,24761,7981,8436,11960,19237,10540,29958,287823,226580,13547,288,42293,0,0
2021-02-19T23:59:59+01:00,6829,6563,13634,21166,13979,31092,16751,45345,20272,36684,10918,10987,17414,26257,15231,39079,3458,3457,8508,13371,9258,20167,11168,30122,13935,24667,7938,8377,11738,18964,10347,29627,281452,224877,13172,287,37674,0,0
2021-02-18T23:59:59+01:00,6434,6091,13007,20027,13340,29718,15936,43473,19402,35107,10691,10769,16824,25506,14655,38196,3273,3321,8175,12835,8966,19422,10819,29086,13571,23846,7732,8069,11153,18013,9850,28477,277889,216383,12590,287,28792,0,0
2021-02-17T23:59:59+01:00,6270,5747,12562,19147,12852,28526,15238,41750,18755,33783,10469,10518,16069,24692,13878,37006,3023,3161,7836,12323,8664,18636,10450,28045,13180,22997,7501,7833,10597,17166,9412,27661,273221,208260,11859,285,22274,0,0
2021-02-16T23:59:59+01:00,5946,5447,12025,18312,12352,27444,14693,40369,18164,32749,10317,10414,15401,23863,13371,36219,2841,3042,7535,11875,8359,17913,10056,26962,12716,22103,7231,7541,9880,15996,8686,26112,269683,198777,11363,131,16129,0,0
2021-02-15T23:59:59+01:00,5841,5271,11733,17673,12086,26663,14345,39377,17817,31979,10192,10305,14843,23210,13010,35680,2752,2962,7346,11555,8142,17411,9758,26123,12367,21423,6950,7259,9180,14941,8172,24834,266590,191149,10760,86,12764,0,0
2021-02-14T23:59:59+01:00,5574,5157,11485,17401,11865,26227,14112,38932,17626,31702,10147,10254,14609,22871,12845,35286,2702,2924,7232,11391,8015,17206,9583,25792,12190,21122,6855,7136,8960,14557,7985,24300,265589,187923,9825,86,10767,0,0
2021-02-13T23:59:59+01:00,5514,5119,11435,17365,11835,26196,14085,38900,17607,31683,10134,10227,14582,22843,12835,35270,2698,2921,7227,11384,8003,17187,9568,25759,12163,21078,6826,7103,8806,14346,7634,23674,265354,186428,9824,8,10540,0,0
2021-02-12T23:59:59+01:00,4998,4800,10864,17003,11517,25647,13766,38256,17280,31042,10024,10121,14400,22629,12755,35161,2648,2888,7135,11229,7902,16957,9418,25369,11948,20635,6646,6873,8445,13786,7042,22335,263665,181308,9813,7,6872,0,0
2021-02-11T23:59:59+01:00,4537,4500,10279,16324,11105,24844,13287,36996,16790,30183,9712,9865,14119,22182,12475,34478,2481,2616,6537,10044,7215,15230,8565,22765,10902,18562,6001,6161,7402,12172,6227,20017,260454,162948,8174,4,3133,0,0
2021-02-10T23:59:59+01:00,4290,4334,9943,15873,10797,24305,12976,36114,16374,29432,9500,9727,13939,21976,12383,34271,2122,2329,5606,8600,6427,13197,7581,19879,9792,16544,5458,5577,6422,10519,5455,17973,257807,143526,7678,2,834,0,0
2021-02-09T23:59:59+01:00,4227,4236,9820,15605,10688,23906,12806,35493,16161,28960,9322,9593,13746,21767,12242,34049,1727,1979,4833,7343,5659,11411,6665,17383,8710,14557,4881,4950,5381,8973,4727,15883,255374,125104,6901,1,430,0,0
2021-02-08T23:59:59+01:00,4195,4183,9728,15396,10579,23547,12688,35030,16021,28601,9228,9527,13545,21487,12137,33860,1563,1786,4278,6362,5003,9847,5856,14874,7698,12718,4330,4428,4406,7401,3968,13823,253022,108380,6386,1,425,0,0
2021-02-07T23:59:59+01:00,4028,4118,9573,15262,10477,23380,12609,34767,15909,28408,9188,9482,13402,21306,12065,33717,1350,1540,3861,5691,4593,8970,5432,13720,7216,11771,4074,4170,4178,7010,3810,13229,251928,100651,5842,1,0,0,0
2021-02-06T23:59:59+01:00,4019,4109,9563,15247,10464,23344,12587,34718,15892,28351,9168,9468,13384,21271,11960,33521,1198,1344,3630,5384,4407,8545,5212,13133,6936,11214,3937,4033,4054,6861,3532,12772,251586,96225,5559,1,0,0,0
2021-02-05T23:59:59+01:00,3946,4042,9491,15106,10397,23094,12502,34347,15777,28070,9085,9393,13311,21196,11611,32924,1056,1115,3350,4941,4149,7966,4895,12358,6551,10487,3676,3789,3894,6634,3030,11889,249702,89811,4667,0,0,0,0
2021-02-04T23:59:59+01:00,3889,3919,9371,14790,10222,22549,12313,33553,15560,27508,8962,9282,13087,20904,11498,32723,793,781,2529,3697,3215,6231,3946,9821,5231,8279,2997,3081,3273,5656,2638,10399,245764,72589,4443,0,0,0,0
2021-02-03T23:59:59+01:00,3821,3848,9265,14568,10118,22212,12181,33043,15409,27082,8853,9167,12945,20726,11422,32557,658,613,1909,2788,2483,4816,2982,7547,4000,6245,2191,2221,2393,4195,1911,7796,243019,54765,4275,0,0,0,0
2021-02-02T23:59:59+01:00,3755,3756,9164,14376,10022,21830,12037,32477,15209,26627,8730,9053,12823,20516,11338,32289,522,486,1443,2058,1900,3623,2242,5745,2981,4672,1552,1524,1630,2761,1330,5185,239804,39666,4273,0,0,0,0
2021-02-01T23:59:59+01:00,3715,3665,9083,14142,9916,21442,11900,31839,15028,26121,8612,8906,12715,20373,11287,32114,389,352,1003,1420,1252,2410,1458,3765,1850,2961,981,970,967,1684,762,3008,236660,25240,4273,0,0,0,0
2021-01-31T23:59:59+01:00,3697,3630,9030,14033,9847,21242,11836,31545,14928,25925,8557,8848,12664,20261,11243,31985,359,331,883,1232,1063,2040,1258,3213,1617,2595,883,879,863,1503,691,2703,235183,22119,4162,0,0,0,0
2021-01-30T23:59:59+01:00,3697,3627,9020,14021,9833,21220,11823,31525,14916,25911,8553,8843,12606,20199,11194,31923,342,307,824,1149,1006,1917,1194,3025,1542,2458,855,853,845,1463,676,2651,234869,21112,4116,0,0,0,0
2021-01-29T23:59:59+01:00,3637,3613,8960,13992,9804,21171,11791,31450,14872,25844,8529,8820,12420,19975,11014,31680,275,224,705,978,862,1557,1041,2636,1331,2134,767,763,796,1408,658,2598,233655,18736,3991,0,0,0,0
2021-01-28T23:59:59+01:00,3518,3527,8757,13605,9584,20659,11561,30872,14547,25347,8393,8720,11986,19355,10658,31099,129,57,287,358,376,603,455,1139,604,956,407,421,466,809,376,1570,228873,9014,3389,0,0,0,0
2021-01-27T23:59:59+01:00,3287,3392,8464,13190,9283,20039,11179,30040,14161,24610,8178,8508,11438,18554,10233,30338,77,33,199,220,241,408,302,792,425,658,309,307,346,603,283,1149,222180,6352,2784,0,0,0,0
2021-01-26T23:59:59+01:00,3119,3295,8183,12854,9020,19469,10875,29282,13764,23983,7942,8287,10860,17640,9586,29186,73,29,184,210,225,374,286,741,394,597,294,282,319,541,257,1019,215472,5825,1943,0,0,0,0
2021-01-25T23:59:59+01:00,3032,3200,7902,12373,8730,18762,10489,28282,13284,23221,7659,8089,10241,16824,9131,28286,65,21,164,189,193,318,247,622,342,494,257,238,265,465,209,831,209175,4920,398,0,0,0,0
2021-01-24T23:59:59+01:00,2988,3180,7817,12295,8658,18638,10380,28122,13156,23039,7618,8054,10176,16713,9083,28190,64,20,160,185,191,305,244,602,334,480,248,234,263,458,205,816,207876,4809,298,0,0,0,0
2021-01-23T23:59:59+01:00,2987,3179,7816,12293,8654,18629,10379,28110,13150,23034,7612,8052,10051,16549,8756,27603,63,20,160,185,190,304,242,602,332,480,248,234,263,458,205,815,206624,4801,297,0,0,0,0
2021-01-22T23:59:59+01:00,2925,3133,7693,12181,8571,18490,10270,27940,13070,22920,7582,8019,9853,16247,8238,26579,63,20,159,185,190,304,242,602,331,480,248,234,263,458,205,815,203481,4799,297,0,0,0,0
2021-01-21T23:59:59+01:00,2843,2965,7194,11269,8087,17349,9734,26320,12466,21703,7298,7690,9213,15286,7713,25508,57,18,144,171,173,274,217,526,294,441,222,207,232,378,175,684,192405,4213,297,0,0,0,0
2021-01-20T23:59:59+01:00,2484,2620,6316,9868,7344,15395,8782,23494,11357,19635,6698,7039,8123,13525,6900,23299,56,18,143,166,170,272,210,513,283,419,210,200,226,353,162,646,172642,4047,294,0,0,0,0
2021-01-19T23:59:59+01:00,2042,2263,5418,8489,6482,13506,7763,20707,10089,17396,5941,6157,6737,11335,5880,20246,39,11,94,123,114,169,147,349,184,291,133,115,137,235,113,479,150288,2733,213,0,0,0,0
2021-01-18T23:59:59+01:00,1768,1976,4664,7111,5529,11273,6574,17119,8665,14692,5067,5285,5355,9090,4809,16770,21,6,36,45,52,78,64,157,72,146,59,54,64,131,62,220,125705,1267,90,0,0,0,0
2021-01-17T23:59:59+01:00,1491,1688,4153,6318,5023,10142,6039,15545,8026,13430,4726,4934,4983,8416,4481,15765,8,2,8,14,15,27,18,47,26,56,23,23,18,31,13,47,115113,376,88,0,0,0,0
2021-01-16T23:59:59+01:00,1324,1483,3937,5998,4843,9702,5780,14879,7696,12737,4537,4706,4772,8141,4126,15161,0,0,0,0,1,2,1,1,1,2,0,1,0,0,0,1,109856,10,5,0,0,0,0
2021-01-15T23:59:59+01:00,1174,1257,3683,5578,4590,9137,5488,14040,7288,11938,4245,4413,4586,7834,3591,14115,0,0,0,0,0,0,0,0,0,0,0,0,0,0,0,0,102990,0,3,0,0,0,0
2021-01-14T23:59:59+01:00,899,941,2939,4393,3724,7322,4546,11300,5894,9594,3448,3550,3855,6620,3108,12312,0,0,0,0,0,0,0,0,0,0,0,0,0,0,0,0,84473,0,0,0,0,0,0
2021-01-13T23:59:59+01:00,763,787,2468,3665,3139,6104,3777,9369,4802,7724,2576,2638,2909,5040,2376,9411,0,0,0,0,0,0,0,0,0,0,0,0,0,0,0,0,67572,0,0,0,0,0,0
2021-01-12T23:59:59+01:00,632,658,2068,3009,2584,4964,3027,7553,3786,6072,1847,1819,1987,3408,1680,6419,0,0,0,0,0,0,0,0,0,0,0,0,0,0,0,0,51534,0,0,0,0,0,0
2021-01-11T23:59:59+01:00,491,524,1726,2437,2075,3965,2344,5742,2811,4407,1188,1124,1192,1999,920,3643,0,0,0,0,0,0,0,0,0,0,0,0,0,0,0,0,36605,0,0,0,0,0,0
2021-01-10T23:59:59+01:00,435,454,1468,2013,1734,3246,1935,4756,2335,3689,1047,1000,1048,1755,819,3192,0,0,0,0,0,0,0,0,0,0,0,0,0,0,0,0,30938,0,0,0,0,0,0
2021-01-09T23:59:59+01:00,403,410,1345,1837,1589,2956,1782,4310,2150,3358,972,930,989,1701,801,3150,0,0,0,0,0,0,0,0,0,0,0,0,0,0,0,0,28693,0,0,0,0,0,0
2021-01-08T23:59:59+01:00,306,282,1100,1497,1311,2291,1465,3536,1780,2745,840,825,901,1579,756,2999,0,0,0,0,0,0,0,0,0,0,0,0,0,0,0,0,24221,0,0,0,0,0,0
2021-01-07T23:59:59+01:00,143,76,393,505,476,783,588,1358,776,1198,466,478,559,961,463,1906,0,0,0,0,0,0,0,0,0,0,0,0,0,0,0,0,11130,0,0,0,0,0,0
2021-01-06T23:59:59+01:00,108,44,264,283,305,507,394,920,526,821,358,359,423,747,357,1440,0,0,0,0,0,0,0,0,0,0,0,0,0,0,0,0,7857,0,0,0,0,0,0
2021-01-05T23:59:59+01:00,84,31,186,229,238,421,316,811,443,702,342,343,406,714,350,1385,0,0,0,0,0,0,0,0,0,0,0,0,0,0,0,0,7002,0,0,0,0,0,0
2021-01-04T23:59:59+01:00,67,25,169,192,197,328,252,628,349,510,267,251,285,516,233,927,0,0,0,0,0,0,0,0,0,0,0,0,0,0,0,0,5196,0,0,0,0,0,0
2021-01-03T23:59:59+01:00,65,21,163,187,193,314,250,613,341,493,260,249,281,503,231,910,0,0,0,0,0,0,0,0,0,0,0,0,0,0,0,0,5074,0,0,0,0,0,0
2021-01-02T23:59:59+01:00,65,21,163,187,193,314,248,613,338,493,260,249,281,503,231,909,0,0,0,0,0,0,0,0,0,0,0,0,0,0,0,0,5068,0,0,0,0,0,0
2021-01-01T23:59:59+01:00,64,21,162,187,193,313,248,613,336,491,260,249,281,502,231,909,0,0,0,0,0,0,0,0,0,0,0,0,0,0,0,0,5060,0,0,0,0,0,0
2020-12-31T23:59:59+01:00,64,21,162,185,193,312,247,612,335,490,260,249,281,502,231,909,0,0,0,0,0,0,0,0,0,0,0,0,0,0,0,0,5053,0,0,0,0,0,0
2020-12-30T23:59:59+01:00,63,21,162,184,191,309,247,611,335,488,260,249,281,502,231,909,0,0,0,0,0,0,0,0,0,0,0,0,0,0,0,0,5043,0,0,0,0,0,0
2020-12-29T23:59:59+01:00,46,12,114,140,142,211,180,438,236,374,179,164,193,373,170,709,0,0,0,0,0,0,0,0,0,0,0,0,0,0,0,0,3681,0,0,0,0,0,0
2020-12-28T23:59:59+01:00,25,8,62,77,80,121,99,248,117,232,98,93,102,200,103,388,0,0,0,0,0,0,0,0,0,0,0,0,0,0,0,0,2053,0,0,0,0,0,0
2020-12-27T23:59:59+01:00,11,3,17,26,36,46,35,85,36,94,32,29,39,73,32,145,0,0,0,0,0,0,0,0,0,0,0,0,0,0,0,0,739,0,0,0,0,0,0
