Datum,<15_m,<15_w,15-24_1_m,15-24_1_w,25-34_1_m,25-34_1_w,35-44_1_m,35-44_1_w,45-54_1_m,45-54_1_w,55-64_1_m,55-64_1_w,65-74_1_m,65-74_1_w,75-84_1_m,75-84_1_w,>84_1_m,>84_1_w,<24_2_m,<24_2_w,25-34_2_m,25-34_2_w,35-44_2_m,35-44_2_w,45-54_2_m,45-54_2_w,55-64_2_m,55-64_2_w,65-74_2_m,65-74_2_w,75-84_2_m,75-84_2_w,>84_2_m,>84_2_w,bp_1,bp_2,mo_1,mo_2,az_1,az_2,ja,unb_1,unb_2
2021-08-29T23:59:59+02:00,32074,29911,262884,252942,370859,341352,388490,381233,453445,462863,507553,509464,347805,388427,244184,312673,71860,131568,235933,227674,346884,315737,367195,356810,431956,438327,486972,488523,336811,375777,236639,302311,68981,125547,3913969,3687611,517290,491575,807415,758584,251463,476,376
2021-08-28T23:59:59+02:00,31987,29819,262663,252768,370687,341202,388337,381114,453322,462749,507481,509414,347783,388406,244173,312662,71859,131564,235619,227422,346644,315550,366984,356650,431774,438167,486852,488434,336773,375737,236617,302286,68980,125543,3912958,3686076,517250,491464,807409,758559,250923,476,376
2021-08-27T23:59:59+02:00,31760,29576,262016,252207,370187,340696,387872,380676,452878,462363,507123,509136,347657,388274,244116,312578,71842,131545,235034,226937,346056,315067,366526,356242,431336,437822,486560,488193,336645,375623,236567,302225,68971,125537,3909245,3683002,517181,491254,807343,758503,249283,476,376
2021-08-26T23:59:59+02:00,31392,29195,261047,251250,369381,339920,387153,379963,452235,461716,506606,508671,347436,388027,243999,312470,71815,131488,233631,225638,344901,313958,365481,355297,430518,437066,485941,487652,336379,375329,236419,302062,68945,125495,3903264,3675141,516942,490623,807304,758160,246804,476,376
2021-08-25T23:59:59+02:00,31040,28867,260159,250413,368660,339169,386519,379281,451621,461136,506068,508233,347207,387778,243880,312315,71781,131422,231673,223830,343473,312602,364339,354140,429554,436128,485170,486956,336011,374950,236276,301832,68902,125411,3897738,3663642,516818,490219,807277,758012,244267,475,374
2021-08-24T23:59:59+02:00,30748,28614,259471,249678,368087,338571,386017,378742,451169,460664,505689,507895,347009,387570,243775,312162,71754,131354,230496,222797,342545,311707,363590,353431,428906,435511,484629,486435,335746,374654,236150,301678,68879,125350,3893115,3656676,516543,489785,807259,757713,242603,475,369
2021-08-23T23:59:59+02:00,30244,28101,258106,248391,367076,337676,385202,377968,450412,459996,505060,507338,346735,387291,243637,311976,71727,131296,229040,221509,341266,310674,362659,352595,428066,434776,483941,485872,335450,374331,236019,301494,68853,125291,3885866,3649459,516403,489330,807225,757441,239288,475,369
2021-08-22T23:59:59+02:00,30105,27989,257705,248029,366731,337357,384934,377706,450179,459756,504878,507195,346644,387198,243598,311918,71711,131270,228331,220848,340590,310024,362134,352101,427640,434375,483626,485613,335292,374156,235957,301392,68834,125254,3883701,3645154,516263,488879,807186,757151,238303,475,369
2021-08-21T23:59:59+02:00,29858,27786,257216,247571,366420,337040,384683,377451,449976,459583,504731,507058,346591,387142,243577,311880,71708,131261,227594,220198,340115,309633,361739,351702,427279,434070,483399,485424,335209,374090,235931,301349,68828,125242,3881187,3642228,516123,487686,807179,757095,237593,475,369
2021-08-20T23:59:59+02:00,29670,27590,256564,246917,365689,336424,384020,376932,449387,459094,504265,506741,346450,386987,243522,311784,71692,131228,225805,218596,338727,308462,360639,350758,426335,433281,482689,484880,334971,373843,235831,301231,68805,125213,3877770,3634098,515808,486543,807167,756730,234760,475,369
2021-08-19T23:59:59+02:00,29345,27281,255607,246083,364718,335655,383257,376255,448683,458478,503713,506264,346216,386730,243415,311640,71660,131157,223068,216179,336443,306656,358952,349300,424953,432030,481546,483932,334559,373423,235640,300994,68771,125143,3872406,3619901,515456,484799,807138,756265,231706,474,369
2021-08-18T23:59:59+02:00,29065,27023,254819,245385,364031,335055,382690,375689,448097,457993,503244,505863,345950,386494,243298,311494,71629,131092,220621,213676,334418,304907,357328,347665,423451,430718,480417,482912,334048,372880,235412,300705,68724,125051,3867391,3606791,515285,480923,807114,755891,229669,474,369
2021-08-17T23:59:59+02:00,28754,26748,254042,244682,363426,334393,382140,375151,447625,457525,502822,505451,345755,386290,243184,311366,71603,131041,217891,210943,332363,303093,355655,346213,422035,429465,479306,481938,333575,372347,235186,300424,68674,124977,3862493,3591919,514988,478160,807087,755474,227977,474,368
2021-08-16T23:59:59+02:00,28473,26491,253363,244045,362866,333845,381684,374697,447198,457091,502413,505088,345574,386086,243089,311206,71572,131002,214750,207896,330095,300999,354156,344779,420843,428344,478373,481104,333196,371917,235004,300155,68636,124891,3858169,3574702,514837,477467,807064,755131,226260,474,368
2021-08-15T23:59:59+02:00,28280,26331,252882,243609,362450,333466,381332,374366,446906,456843,502178,504900,345464,385973,243043,311127,71561,130982,210758,203856,328218,299398,352908,343578,419833,427416,477596,480451,332866,371587,234886,299981,68612,124841,3855399,3557224,514703,476559,807031,754811,225107,474,368
2021-08-14T23:59:59+02:00,28215,26277,252642,243411,362221,333292,381158,374218,446751,456715,502063,504794,345415,385941,243025,311104,71558,130978,209695,202763,327415,298638,352196,342908,419344,426960,477214,480132,332727,371461,234848,299924,68603,124824,3854245,3550594,514633,476197,807027,754736,224420,474,368
2021-08-13T23:59:59+02:00,27965,26037,251948,242830,361728,332869,380731,373794,446319,456356,501728,504539,345287,385792,242961,311030,71546,130950,207828,200987,326001,297335,350947,341733,418304,426025,476468,479498,332486,371173,234737,299782,68585,124772,3850479,3538752,514563,475603,807017,754547,222904,468,368
2021-08-12T23:59:59+02:00,27770,25817,251229,242201,361117,332292,380209,373320,445795,455921,501316,504194,345109,385594,242861,310928,71534,130902,205248,198734,323132,294819,348954,339953,416809,424793,475260,478448,332049,370647,234493,299506,68545,124691,3846602,3521482,514377,474443,806983,753528,220700,468,368
2021-08-11T23:59:59+02:00,27538,25568,250508,241524,360507,331727,379696,372849,445345,455512,500912,503774,344885,385358,242749,310796,71507,130851,202219,195759,319961,291896,346795,337894,415325,423397,473986,477167,331514,370015,234247,299108,68497,124570,3841859,3499756,514165,473384,806946,752595,219189,468,367
2021-08-10T23:59:59+02:00,27298,25312,249683,240802,359815,331196,379170,372313,444856,455043,500471,503386,344697,385166,242665,310661,71484,130807,198037,191657,315319,287715,343833,335137,413217,421463,472410,475725,330843,369349,233960,298706,68442,124454,3836872,3469799,513890,472312,806912,751448,217705,467,367
2021-08-09T23:59:59+02:00,27107,25116,249068,240239,359255,330736,378740,371940,444458,454707,500136,503108,344543,385023,242601,310552,71464,130772,193514,187085,309627,282981,341087,332659,411320,419701,470799,474269,330215,368665,233696,298340,68386,124322,3833294,3439562,513715,469573,806882,750365,216228,467,366
2021-08-08T23:59:59+02:00,26943,24965,248595,239846,358873,330396,378405,371664,444168,454460,499900,502920,344438,384920,242541,310474,71447,130739,192179,185730,308018,281661,339788,331516,410465,418954,470241,473763,329959,368400,233574,298175,68361,124272,3830838,3430580,513565,468222,806832,749891,215013,467,366
2021-08-07T23:59:59+02:00,26796,24792,248075,239399,358481,330067,378075,371386,443875,454225,499675,502748,344368,384827,242506,310425,71439,130729,188523,182150,305979,279816,338076,330003,409139,417699,469319,472976,329609,368030,233444,297987,68327,124236,3828021,3411051,513458,466895,806822,749677,214141,467,363
2021-08-06T23:59:59+02:00,26575,24559,247211,238740,357712,329468,377415,370813,443226,453706,499148,502364,344133,384623,242408,310310,71428,130707,184797,178614,302533,277032,335958,328178,407547,416370,468028,472015,329231,367646,233284,297833,68303,124190,3825496,3391841,512117,465174,806812,748590,210675,467,362
2021-08-05T23:59:59+02:00,26258,24239,246044,237818,356832,328615,376615,370101,442503,453038,498489,501833,343856,384326,242294,310137,71387,130645,180343,174682,297181,272666,331867,324652,404758,413895,465784,470234,328566,366947,233023,297468,68245,124080,3819275,3364104,511863,460488,806751,744902,207694,467,362
2021-08-04T23:59:59+02:00,25889,23898,244908,236836,355851,327715,375849,369396,441886,452443,497925,501316,343584,384059,242175,309968,71361,130575,176887,171391,293443,269548,327470,320765,402516,411811,464088,468690,327877,366252,232752,297122,68187,123979,3812866,3337075,511525,458737,806718,743156,205083,459,361
2021-08-03T23:59:59+02:00,25425,23481,243547,235659,354960,326897,375148,368717,441243,451789,497338,500790,343299,383761,242050,309793,71318,130509,173414,167958,289357,265923,322375,316173,399786,409265,461772,466607,327056,365396,232405,296659,68121,123844,3805002,3305136,511366,456871,806681,741087,203232,459,361
2021-08-02T23:59:59+02:00,25108,23174,242500,234707,354122,326154,374462,368125,440682,451251,496823,500345,343040,383489,241935,309643,71292,130451,169784,164373,284687,261979,316526,311238,397046,406720,459549,464624,326286,364564,232111,296263,68059,123727,3798724,3271792,511122,454918,806627,738563,201386,459,360
2021-08-01T23:59:59+02:00,24957,22987,241875,234110,353531,325651,374029,367746,440250,450931,496479,500068,342906,383328,241860,309525,71279,130424,168240,162929,282212,259994,311904,307527,395194,405152,458077,463383,325861,364085,231945,296048,68032,123668,3795102,3253962,510816,452791,806540,736122,200032,459,360
2021-07-31T23:59:59+02:00,24848,22883,241534,233796,353256,325431,373793,367579,440063,450780,496373,499969,342873,383291,241840,309512,71278,130419,164482,159095,279400,257461,309824,305537,393799,403870,456931,462397,325543,363709,231811,295876,68006,123622,3793511,3231108,510630,451854,806536,735334,199395,459,360
2021-07-30T23:59:59+02:00,24561,22626,240743,233087,352685,324908,373312,367118,439607,450381,496015,499679,342735,383152,241796,309433,71265,130403,160745,155336,276005,254363,306810,302727,391575,401767,455092,460820,325036,363182,231602,295584,67973,123566,3789461,3206099,510276,450656,806519,732148,197804,459,360
2021-07-29T23:59:59+02:00,24214,22289,239207,231825,351531,323840,372351,366213,438761,449593,495210,499057,342406,382842,241661,309254,71228,130339,155904,150871,270639,250200,300920,297966,387237,398294,452049,458423,324204,362343,231292,295178,67913,123470,3781938,3172313,509609,445823,806438,727054,194389,459,360
2021-07-28T23:59:59+02:00,23916,22005,238064,230796,350652,323005,371616,365537,438135,448933,494645,498573,342154,382546,241531,309070,71194,130268,152151,147232,266159,246558,296500,294026,383979,395454,449967,456584,323548,361588,231031,294794,67848,123347,3775275,3141697,509080,443906,806359,724426,192480,458,359
2021-07-27T23:59:59+02:00,23647,21781,237060,229830,349814,322269,370924,364951,437555,448326,494119,498117,341914,382245,241398,308877,71159,130170,147132,142120,260254,241429,291212,289277,379975,391766,446799,453786,322568,360491,230668,294291,67758,123191,3769032,3100214,508536,441614,806304,720696,190839,457,358
2021-07-26T23:59:59+02:00,23415,21545,236094,228868,349034,321570,370332,364407,437002,447843,493670,497755,341687,382008,241271,308721,71136,130113,142793,137739,254718,236651,286051,284811,375519,387821,443288,450768,321618,359528,230341,293813,67684,123054,3763418,3060874,507912,439367,806225,716354,189468,457,358
2021-07-25T23:59:59+02:00,23057,21244,234757,227717,348100,320813,369660,363753,436432,447306,493217,497353,341493,381795,241184,308591,71115,130049,140949,135991,252046,234443,283562,282725,373388,386054,441220,448992,321112,359016,230143,293585,67659,122978,3756401,3045953,507536,437196,806163,712009,188087,457,358
2021-07-24T23:59:59+02:00,22810,21050,233831,226861,347382,320164,369088,363231,435906,446869,492857,497077,341376,381698,241142,308529,71112,130038,138057,133192,249317,232125,281001,280520,371136,384201,439984,448009,320765,358680,229999,293407,67640,122944,3752412,3027640,506768,434191,806146,711673,186245,457,358
2021-07-23T23:59:59+02:00,22394,20664,232334,225528,346066,319236,368046,362373,435030,446084,492161,496546,341141,381428,241053,308416,71091,130002,132588,128356,243960,227836,276532,276743,367449,381015,437342,445813,320067,357959,229745,293098,67586,122863,3744988,2992185,506298,432425,806091,709536,182765,457,357
2021-07-22T23:59:59+02:00,21894,20188,230235,223564,344323,317704,366548,361090,433721,444947,491183,495654,340721,380981,240884,308172,71046,129922,128253,124311,237972,223339,270159,271691,360570,375530,431890,441318,318898,356709,229318,292581,67492,122712,3732607,2950221,504713,426453,805967,703228,180034,457,357
2021-07-21T23:59:59+02:00,21387,19669,228359,221754,342636,316182,364933,359523,432151,443564,489964,494490,340172,380462,240637,307888,70993,129827,124501,120753,232527,219110,264646,267176,352454,368615,427295,437584,317783,355562,228858,292017,67411,122534,3721668,2914810,500963,415602,805744,698453,176756,457,354
2021-07-20T23:59:59+02:00,21084,19390,226896,220289,341411,315023,363974,358652,431299,442778,489249,493853,339834,380094,240493,307667,70966,129738,120172,116533,226187,213947,258824,262013,345348,362520,422608,433281,316692,354309,228446,291435,67316,122353,3712427,2871121,500559,408400,805615,694072,174628,457,353
2021-07-19T23:59:59+02:00,20768,19096,225170,218604,340107,313778,362946,357683,430494,442008,488579,493241,339538,379733,240344,307437,70922,129640,117424,113944,221817,210362,254222,258064,341640,359353,419997,431108,315972,353582,228155,291046,67243,122229,3701909,2846160,500141,403023,805526,689762,173050,457,353
2021-07-18T23:59:59+02:00,20616,18965,223885,217339,338510,312360,361888,356771,429691,441292,488045,492699,339307,379448,240215,307260,70900,129578,115937,112564,219181,208196,251874,255976,339400,357510,417974,429422,315493,353099,227995,290828,67222,122162,3692523,2833925,499602,398758,805452,686074,171728,457,352
2021-07-17T23:59:59+02:00,20223,18544,222734,216285,337934,311824,361303,356261,429176,440843,487633,492412,339203,379331,240173,307205,70897,129568,113870,110466,216726,205897,249419,253788,336979,355380,416529,428162,315159,352710,227860,290661,67198,122122,3686982,2816460,499399,396040,805439,685289,170267,454,352
2021-07-16T23:59:59+02:00,19680,18031,220188,214142,336197,310532,359802,354974,427709,439639,486535,491551,338799,378962,240000,307047,70872,129531,110759,107664,211965,201969,244890,250151,332687,351690,413187,425444,314240,351786,227510,290245,67144,122040,3676793,2788805,498644,393691,805278,681479,164011,454,351
2021-07-15T23:59:59+02:00,19039,17407,217407,211721,334292,308832,358221,353538,426379,438460,485597,490702,338404,378537,239799,306792,70830,129427,106858,104461,203615,195737,237413,244554,326100,346464,406131,419017,312512,349982,226969,289581,67073,121842,3661790,2742350,498046,385277,805159,674065,160919,454,351
2021-07-14T23:59:59+02:00,18194,16681,214975,209404,332602,307306,356824,352202,425166,437264,484574,489748,337952,378075,239561,306482,70776,129341,103260,101139,197162,190590,231711,239899,321815,342998,401966,415397,311205,348672,226567,289024,66993,121688,3646903,2708830,497487,379753,805031,667275,158232,454,348
2021-07-13T23:59:59+02:00,17544,16022,212788,207379,331002,305937,355491,350983,423998,436180,483614,488889,337518,377603,239358,306237,70741,129249,99508,97609,190688,185206,224585,233845,315150,336942,393583,407556,309418,346750,225966,288237,66885,121491,3633096,2666138,496930,367092,804880,657818,156154,452,342
2021-07-12T23:59:59+02:00,16527,15090,209514,204201,328942,304212,353917,349517,422756,434982,482639,487989,337103,377135,239179,306008,70701,129172,96417,94896,185415,180919,217613,228177,308324,330913,388492,403286,307697,344889,225378,287505,66786,121323,3614663,2627906,496374,359970,804702,649415,154371,451,340
2021-07-11T23:59:59+02:00,16019,14617,208159,202931,328206,303500,353257,348898,422197,434483,482196,487648,336917,376932,239119,305903,70680,129132,94999,93611,182651,178614,214626,225896,305641,328765,385667,400901,305232,342268,225000,287036,66733,121225,3608458,2612963,495736,357983,804576,638939,152552,448,339
2021-07-10T23:59:59+02:00,15545,14158,206315,201150,326748,302241,352125,347928,421474,433889,481722,487250,336749,376767,239053,305817,70670,129112,93701,92341,180125,176507,211594,223412,303127,326607,384506,399866,304585,341598,224820,286848,66717,121198,3599883,2596182,495108,357754,804339,637189,149907,448,339
2021-07-09T23:59:59+02:00,15222,13879,204411,199311,325148,300794,351058,346970,420572,433177,481153,486774,336544,376546,238956,305697,70654,129078,90918,89619,176600,173285,207253,219267,298109,322007,381071,396892,303492,340373,224517,286481,66680,121134,3590755,2567228,494245,355699,804149,629602,147314,448,338
2021-07-08T23:59:59+02:00,14759,13451,200921,196330,321835,298128,348691,344987,418866,431731,479719,485708,336108,376103,238779,305451,70609,129003,86619,85860,169361,167643,199133,212880,290748,315910,374142,390692,300784,337464,223746,285548,66563,120876,3575444,2521105,490193,347062,803630,619274,142428,448,338
2021-07-07T23:59:59+02:00,14259,12997,197189,192472,318678,295275,346389,342947,417309,430262,478524,484611,335632,375543,238590,305180,70572,128898,82941,82420,162080,161945,190111,205716,282780,309357,367126,383889,297485,333864,222846,284449,66425,120630,3554199,2473213,488835,333651,803246,609306,139559,447,336
2021-07-06T23:59:59+02:00,13801,12625,193759,189092,315421,292542,343915,340658,415591,428703,477259,483478,335131,374987,238393,304890,70519,128812,79375,78844,155413,156441,182706,199516,273849,301411,360645,377809,294293,330625,221964,283359,66316,120399,3534364,2420771,485772,326678,802826,599809,137125,446,336
2021-07-05T23:59:59+02:00,13404,12289,189377,184854,311382,289218,341408,338334,413928,427163,476119,482406,334658,374469,238219,304646,70486,128727,76321,76029,150303,152368,177947,195397,266951,295153,354540,372277,291022,327183,221081,282244,66207,120230,3511583,2381779,484616,322199,802335,589458,133062,443,334
2021-07-04T23:59:59+02:00,13227,12132,185542,180988,308755,287200,340100,337266,413050,426386,475539,481921,334437,374217,238129,304522,70460,128674,74138,74163,147220,149821,175625,193361,264513,293096,351436,370075,287722,323795,220502,281580,66152,120111,3499378,2368050,483328,319912,801768,577954,128578,443,332
2021-07-03T23:59:59+02:00,12034,11077,179119,175001,304503,283749,337775,335103,411238,424579,474333,480861,334038,373771,237954,304276,70436,128631,72359,72591,144802,147946,173191,191282,261456,290374,349158,368222,285974,321815,220234,281220,66120,120062,3473063,2352353,481928,319714,801584,573470,122399,443,332
2021-07-02T23:59:59+02:00,10938,9985,175411,171543,302096,281555,336028,333407,409990,423394,473559,480177,333780,373457,237838,304095,70408,128583,69669,69907,140890,144665,168768,187254,255405,284938,343944,363519,282725,318093,219595,280450,66072,119978,3454994,2319209,480453,316931,801396,560898,119891,442,311
2021-07-01T23:59:59+02:00,9847,9060,171747,168116,298061,278276,333543,331145,408197,421820,472464,479216,333361,372998,237637,303823,70361,128505,64797,65193,134602,139344,161502,180760,245170,276100,333163,353756,277952,312828,217743,278198,65893,119666,3432491,2263010,478368,304594,801050,543206,116756,442,310
2021-06-30T23:59:59+02:00,9358,8668,168484,165046,292451,273657,329877,327812,406427,420290,471445,478247,332941,372516,237446,303525,70327,128417,61673,62355,128969,134670,154868,174767,235135,266970,319785,340501,272751,307295,215855,275879,65725,119348,3407445,2208097,476208,291799,800756,524394,113010,441,308
2021-06-29T23:59:59+02:00,8822,8146,164697,161281,287927,269406,326322,324519,404333,418213,469905,476836,332356,371880,237196,303171,70272,128308,58892,59370,124033,130274,148857,169251,223301,256293,311244,332153,266297,300115,213890,273425,65522,119003,3380001,2148964,474221,287149,800433,507013,109416,440,305
2021-06-28T23:59:59+02:00,8417,7766,161383,157830,282900,265096,323030,321670,402193,416287,468419,475528,331836,371269,236963,302860,70228,128214,56625,57030,120141,126773,144519,165176,214085,247889,305467,326759,261355,294824,212127,271194,65376,118739,3356122,2113317,470249,278554,799777,490504,106216,440,302
2021-06-27T23:59:59+02:00,8269,7643,159882,156308,280799,263290,321232,320138,400499,414927,467530,474818,331543,370977,236860,302699,70209,128165,55428,55924,118021,125070,141962,163052,209985,244514,302115,323907,257557,290832,209672,268287,65265,118551,3346137,2097912,468177,275080,798728,474391,103221,440,302
2021-06-26T23:59:59+02:00,7117,6547,156620,152971,278694,261404,318826,317904,399310,413776,466831,474116,331272,370694,236754,302542,70185,128135,54881,55340,116690,123923,140542,161819,207741,242513,299585,321498,256026,289174,209339,267877,65238,118481,3327037,2081163,465360,274992,798722,471896,103088,401,268
2021-06-25T23:59:59+02:00,5897,5431,152311,148696,275308,258450,316770,315944,398007,412532,465831,473293,330983,370360,236627,302387,70157,128085,53597,53717,114220,121230,136471,157256,198992,234070,293908,315634,254305,287057,208749,267077,65167,118363,3302106,2038730,463935,273302,798668,465328,102867,401,268
2021-06-24T23:59:59+02:00,5044,4647,147873,144574,270497,254527,312499,312175,395828,410663,464462,472164,330564,369898,236459,302151,70124,127998,50956,51132,109110,116526,129161,150625,186985,223638,282506,305418,248933,281230,206919,264736,64964,117963,3271012,1976804,461936,261553,798501,451595,101200,400,267
2021-06-23T23:59:59+02:00,4825,4440,144715,141464,266812,251380,307262,307382,393336,408320,463061,470849,330037,369280,236230,301842,70076,127893,49016,49054,105319,112621,123503,144955,177107,214986,270556,293453,244331,276428,205589,263040,64803,117603,3243519,1920596,458419,251713,798343,440911,99426,398,267
2021-06-22T23:59:59+02:00,4575,4211,141644,138341,263108,248008,301143,301948,390702,405765,461521,469368,329494,368677,236011,301492,70028,127787,47330,47317,101719,109329,118718,140390,164531,203859,259661,283170,240273,271965,203670,260633,64552,117134,3211509,1862348,456491,244011,798159,429964,98159,396,259
2021-06-21T23:59:59+02:00,4316,3966,138384,135404,258411,244122,295904,297087,387666,402901,460052,468022,328976,368120,235788,301182,69988,127674,46101,46090,99342,107116,115988,137691,158327,198094,252787,276533,234928,266140,199751,256128,64367,116759,3179836,1831423,454457,238500,797951,410220,96210,395,259
2021-06-20T23:59:59+02:00,4172,3848,136882,133900,254187,240659,293330,294853,386276,401589,459263,467278,328753,367840,235676,301050,69968,127612,44984,45173,97091,105332,113720,135709,155297,195561,248488,272476,231930,262615,198764,254876,64286,116633,3162441,1811137,452698,234954,797799,402365,94683,395,254
2021-06-19T23:59:59+02:00,3755,3497,134734,131804,251438,238341,291551,293209,384439,400023,458420,466550,328533,367588,235572,300910,69947,127580,44449,44527,95825,104080,112254,134246,153799,194127,245274,269463,231213,261769,198593,254613,64264,116580,3146114,1795224,449882,233377,797790,402089,94583,395,253
2021-06-18T23:59:59+02:00,2806,2584,131458,128666,247915,235299,287543,289806,382045,397900,457082,465388,328159,367188,235417,300674,69920,127531,43665,43615,94247,102305,109969,131582,150257,190099,238430,262201,229493,259770,198109,253975,64189,116446,3120334,1765970,445452,232857,797764,395403,94309,394,253
2021-06-17T23:59:59+02:00,2572,2361,127752,125382,241908,230866,282331,285423,377265,393918,454762,463558,327569,366469,235175,300319,69855,127418,41428,41792,90200,98837,105086,126841,142404,182431,227054,250834,224298,253844,196462,251824,63929,116027,3085619,1710394,442476,228721,797511,384512,89852,313,244
2021-06-16T23:59:59+02:00,2301,2128,124519,121982,237020,226533,277639,281163,372095,389429,452181,461428,326831,365673,234887,299909,69789,127305,39601,40201,86670,95820,100746,123026,134181,175104,214969,238942,218081,246752,194545,249502,63677,115539,3052168,1650720,436944,223123,797000,376443,87251,311,243
2021-06-15T23:59:59+02:00,1914,1796,119605,117120,231039,221392,272297,276183,367036,384800,449341,459020,325964,364704,234540,299395,69707,127122,37983,38595,83351,92778,96783,118983,127140,168738,202648,226945,212065,239972,192591,247077,63366,114970,3007514,1593549,435021,217292,796437,368778,84542,311,240
2021-06-14T23:59:59+02:00,1652,1522,115555,112964,225814,216483,266938,271211,361754,380060,446228,456430,325183,363849,234228,299006,69645,127002,37002,37707,81075,90694,94079,116470,123033,164999,196063,220462,208959,236469,191457,245607,63149,114583,2965412,1564030,432670,215022,796178,361127,81797,309,239
2021-06-13T23:59:59+02:00,1578,1437,114061,111588,223368,214382,264398,268952,359499,378105,445060,455398,324908,363545,234093,298838,69613,126928,36141,36978,79225,89031,92072,114658,120212,162406,192204,216765,205879,233034,190426,244241,62917,114172,2950430,1550080,430234,207761,795873,352936,79743,309,238
2021-06-12T23:59:59+02:00,1429,1300,111413,108843,221475,212654,263015,267678,358064,376708,444163,454629,324621,363236,234001,298735,69595,126900,35772,36574,78240,87936,90823,113365,118638,160847,188646,213463,204846,231909,189025,242584,62907,114142,2934265,1536952,429255,207752,795854,345554,79613,308,237
2021-06-11T23:59:59+02:00,1281,1163,108873,106332,218583,210033,259354,264493,354931,373980,442449,453158,324187,362786,233865,298531,69568,126845,35102,35462,76241,84569,88590,109841,114537,155707,181957,206024,202751,229543,188423,241816,62845,114045,2909868,1509507,426466,207060,795676,332113,78924,308,235
2021-06-10T23:59:59+02:00,1120,1010,104116,101929,212516,205277,252301,258672,348846,368687,437956,449385,323333,361819,233544,298084,69485,126693,33521,33980,72249,80399,83676,104341,107877,147511,169635,192396,196688,222670,186696,239678,62592,113643,2866280,1462463,419376,205323,794832,305119,74792,306,231
2021-06-09T23:59:59+02:00,972,880,100201,98231,206560,200550,245491,252968,342193,362740,434282,446365,322661,361078,233276,297706,69421,126561,31991,32725,69021,77750,79982,101174,103163,143235,158511,181661,186083,210697,184834,237433,62320,113148,2827329,1408515,410855,201351,794330,293859,70147,279,227
2021-06-08T23:59:59+02:00,789,699,95676,93690,199931,194991,238535,246963,333948,355465,429177,441702,321829,360079,232904,297222,69340,126424,30918,31872,66436,75454,76702,98455,98588,139320,150928,174180,177380,200991,183031,235189,62087,112782,2775393,1369370,405094,196442,793748,283008,65640,279,215
2021-06-07T23:59:59+02:00,631,557,92459,90593,193872,190292,231980,241725,326116,349296,426136,439261,321287,359448,232690,296899,69286,126328,30053,31026,63974,73502,73749,96301,94831,136388,142861,166400,173339,196381,181604,233378,61864,112399,2736427,1342302,398936,193152,793184,271921,60813,277,214
2021-06-06T23:59:59+02:00,593,521,90884,89277,190590,187751,228634,238960,321841,345895,424705,438188,321020,359155,232582,296741,69262,126281,29451,30471,62205,71823,71674,94297,91648,133322,137182,160625,170809,193764,180495,231979,61635,112019,2721036,1330467,391556,183508,792711,261484,58074,275,213
2021-06-05T23:59:59+02:00,513,441,88941,87263,185725,183536,226173,236831,320025,344269,423705,437274,320734,358835,232434,296572,69248,126249,28996,29717,61005,69872,70278,92151,89970,131061,132433,155299,167808,190100,180011,231322,61601,111953,2697568,1306872,391436,183028,792564,256110,57693,274,212
2021-06-04T23:59:59+02:00,413,356,86588,84735,182065,179932,222167,232883,316436,340632,421345,435082,320276,358300,232237,296343,69210,126186,28531,29047,59890,68221,69003,90075,88181,128450,129072,151645,163576,185335,179020,230055,61553,111867,2668323,1288071,387616,182256,792447,246033,57285,274,211
2021-06-03T23:59:59+02:00,320,282,83301,81669,176336,175275,214915,226791,308731,333940,413593,428226,319245,357123,231868,295895,69155,126055,27642,28038,57997,66035,66616,87334,84554,124344,122330,144983,157237,177737,177451,228029,61440,111630,2619425,1258906,377381,176952,792027,233300,54357,272,207
2021-06-02T23:59:59+02:00,271,223,81223,79504,172263,171555,211269,223636,305153,330594,411551,426397,318839,356671,231715,295689,69127,126004,27176,27560,56872,64922,65026,86064,82500,122409,117360,140102,149363,168779,176733,227075,61355,111461,2590684,1226734,375997,174983,791996,229685,53468,270,202
2021-06-01T23:59:59+02:00,172,155,76961,75680,163988,164999,201915,215906,296054,322721,403354,418564,317330,355064,231176,294953,69015,125776,25625,26144,52560,61974,60194,82778,77088,117909,109938,132899,138272,155385,174634,224343,61146,111034,2532032,1176648,364363,170872,791235,217910,46596,268,197
2021-05-31T23:59:59+02:00,150,138,74218,73205,158336,160686,194611,209946,288666,316350,397616,413602,316336,353955,230791,294433,68925,125605,24714,25088,49939,59761,57032,80247,73489,114636,105447,128458,134129,150488,173269,222624,60976,110702,2491638,1154248,354978,168545,790604,207518,40784,267,195
2021-05-30T23:59:59+02:00,139,130,73170,72139,155861,158658,191990,207594,285890,313835,395731,411862,315975,353544,230630,294199,68887,125525,24113,24301,48351,58035,55296,78395,71264,112076,102791,125597,131977,147966,172476,221689,60883,110491,2475826,1144485,352462,167239,789977,196147,37925,267,191
2021-05-29T23:59:59+02:00,136,128,72560,71547,154350,157257,189691,205562,284050,312249,394894,411089,315754,353299,230550,294121,68876,125507,23791,23776,47434,56540,53958,76522,69341,109231,100475,122800,129175,144547,171824,220781,60856,110439,2461933,1130892,352302,167174,789909,185612,37905,267,190
2021-05-28T23:59:59+02:00,132,125,71474,70429,151961,155001,186036,202027,280781,309113,393034,409323,315347,352797,230403,293906,68857,125450,23260,22774,45826,54414,52134,73964,67301,105284,96152,116909,124803,139500,170849,219474,60810,110325,2438136,1108298,351254,166961,789701,171085,37527,266,187
2021-05-27T23:59:59+02:00,121,115,68163,67415,145480,150065,177852,195776,274396,303957,386721,403642,314086,351353,229944,293376,68786,125268,21941,21091,42576,51364,48257,70148,62753,99273,89803,109402,120880,134882,168052,215773,60638,110012,2393591,1079886,343639,164220,787893,151024,31801,266,183
2021-05-26T23:59:59+02:00,117,112,66011,65239,140528,145985,171756,190715,267646,298291,379984,396955,312570,349750,229458,292680,68684,125057,21200,20175,40757,49228,45904,67417,59721,95481,85213,104293,115903,129166,164265,210442,60429,109586,2356339,1047996,330447,162647,786082,139551,29070,264,182
2021-05-25T23:59:59+02:00,116,105,63981,63250,136328,142497,166707,186429,260580,292016,374564,391570,311294,348347,229054,292037,68600,124880,20623,19512,39359,47711,44072,65404,57251,92484,81135,99921,110970,123482,158734,203208,60259,109282,2318830,1016509,322943,159226,783545,130325,27434,260,177
2021-05-24T23:59:59+02:00,113,103,62740,62039,133574,140394,163426,184017,253634,286030,369633,386898,310467,347428,228769,291652,68528,124751,20281,19106,38341,46640,42727,63921,55574,90474,78901,97416,109551,121827,158128,202419,60147,109080,2295097,1007166,311845,157928,781759,123642,25886,260,174
2021-05-23T23:59:59+02:00,108,103,62243,61523,132474,139503,162232,182983,252391,285010,368047,385470,309851,346771,228598,291426,68507,124715,20052,18919,37790,46084,41973,63222,54414,89478,77415,96051,108377,120431,157150,201200,60077,108940,2283607,999006,311263,154847,781713,122050,25761,260,172
2021-05-22T23:59:59+02:00,105,101,61549,60902,130986,138432,159862,181362,249422,282721,365569,383249,309322,346178,228421,291160,68481,124665,19733,18498,37178,45484,41333,62693,53758,88753,76644,94909,106827,118631,156378,200231,60050,108886,2265652,992306,311248,154843,781673,118626,24298,260,172
2021-05-21T23:59:59+02:00,101,97,60219,59462,128085,135839,156579,178041,244192,277958,359477,377565,308389,345088,228125,290764,68421,124557,19373,18132,36565,44715,40682,61643,52807,87360,74927,92607,103587,114681,155240,198781,59958,108711,2229609,979292,309610,154517,780106,112033,24015,257,170
2021-05-20T23:59:59+02:00,94,95,57170,56667,122353,130969,149655,171731,233888,269220,350455,369288,305859,342350,227359,289757,68289,124339,18077,17198,34392,42469,38229,58745,49992,83591,70999,88112,99470,110050,152782,195768,59778,108355,2171682,960023,302956,152575,774150,94371,21119,249,170
2021-05-19T23:59:59+02:00,93,93,54956,54474,117349,126291,142490,165121,223357,259868,339910,358401,303216,339483,226614,288715,68139,124063,17497,16414,33168,40882,36824,56683,47981,80814,67761,84537,95590,105575,149161,191050,59516,107864,2105818,936643,296701,150600,771173,84871,19291,249,157
2021-05-18T23:59:59+02:00,88,88,52860,52515,112566,122032,136114,159553,211793,249503,330043,348608,300548,336518,225738,287520,67987,123809,16980,15810,31958,39421,35469,54890,46176,78406,64876,81311,91594,101048,145969,186994,59303,107429,2045999,916436,287340,147743,767579,76231,17308,245,157
2021-05-17T23:59:59+02:00,85,85,51826,51522,110234,119976,133307,156898,205271,243490,322477,341526,298760,334549,225154,286697,67880,123597,16524,15361,30909,38376,34304,53600,44695,76610,62617,78919,86766,95193,144506,185110,59153,107114,2019218,904760,275048,140281,764157,69547,15251,244,154
2021-05-16T23:59:59+02:00,84,82,51039,50866,108792,118653,131568,155239,202302,240810,315047,334577,297743,333420,224847,286213,67828,123500,16240,14989,30160,37596,33432,52679,43631,75298,61284,77450,83349,91122,143718,184035,59066,106974,2003902,898685,264630,133515,760919,65408,13497,242,150
2021-05-15T23:59:59+02:00,84,82,50503,50233,107794,117667,130555,154130,200368,238876,311477,331369,297122,332734,224651,285942,67808,123436,16100,14826,29906,37290,33145,52248,43144,74653,60436,76468,82752,90305,143203,183368,59030,106927,1987716,893449,264612,133368,760052,64281,12786,240,149
2021-05-14T23:59:59+02:00,83,82,49243,48811,105544,115574,126968,150679,192164,231811,305166,325490,296142,331597,224366,285494,67761,123341,15602,14398,29123,36471,32377,51058,42066,72873,58875,74518,80850,87819,142590,182382,58990,106841,1950480,883814,262915,132498,755503,58860,11742,237,148
2021-05-13T23:59:59+02:00,79,81,47327,46866,101704,112349,122262,146575,182153,223233,294569,315679,293176,328179,223558,284355,67661,123134,14739,13952,28267,35775,31615,50156,41123,71780,57370,72953,77074,83474,139831,178779,58880,106625,1898940,871282,254310,125455,749275,55009,10725,234,145
2021-05-12T23:59:59+02:00,77,79,46416,46160,99786,110925,120203,144917,179609,221125,289838,310357,292013,326914,223317,284036,67623,123049,14574,13802,27947,35557,31215,49866,40678,71405,56831,72386,75738,81852,139055,177646,58794,106465,1875893,865557,252149,123666,748786,54739,9926,229,144
2021-05-11T23:59:59+02:00,73,73,44172,44685,95760,107849,114403,140192,166247,209860,278193,299598,288612,323003,222360,282635,67474,122750,14146,13235,26938,34132,30086,48065,39374,69127,55120,70122,72656,78270,137703,175817,58636,106107,1817058,853304,242455,120979,740278,46876,8450,225,142
2021-05-10T23:59:59+02:00,72,69,42920,43714,93161,105847,111150,137566,157864,202839,270325,292494,286439,320556,221786,281773,67350,122508,13802,12791,26179,33149,29293,46807,38378,67272,53895,68393,70572,75714,136559,174307,58516,105819,1781531,844443,236410,119928,733314,39676,7478,221,136
2021-05-09T23:59:59+02:00,71,69,41799,42944,90480,104096,108490,135798,152861,199423,264808,287560,285201,319175,221411,281244,67284,122362,13487,12573,25488,32481,28564,46005,37587,66313,52958,67446,69343,74312,135963,173474,58461,105688,1762236,839867,229317,118953,727331,34912,6488,217,134
2021-05-08T23:59:59+02:00,70,69,41508,42644,89635,103367,107399,134945,151416,198209,262247,285498,284700,318633,221292,281065,67268,122330,13385,12512,25361,32389,28420,45876,37398,66119,52618,67128,68379,73391,134895,172111,58414,105595,1750220,835266,228806,118209,727108,34134,6475,194,117
2021-05-07T23:59:59+02:00,68,68,40585,41928,87706,102030,104577,132737,146797,194405,255998,279994,283362,317035,220942,280608,67215,122207,12639,12029,24539,31655,27657,44816,36535,64856,51433,65619,66132,70705,132675,169294,58324,105417,1724461,825611,225599,115946,722987,27339,5522,193,115
2021-05-06T23:59:59+02:00,64,67,37942,40207,82961,98576,98584,127988,136617,185903,239555,265588,278239,311244,219656,278920,67040,121891,11952,11513,23601,30550,26663,43465,35180,62854,49695,63646,63646,67583,130565,166535,58210,105199,1658936,814527,215689,112841,712104,18972,4609,183,114
2021-05-05T23:59:59+02:00,62,64,36055,39013,79310,95993,93986,124344,128798,179375,224806,251553,272056,304106,218084,276931,66794,121368,11718,11238,23062,29826,26060,42541,34255,61455,48544,62233,61038,64478,127623,162837,58112,104949,1592757,802257,210618,109278,706075,14991,3536,183,112
2021-05-04T23:59:59+02:00,62,62,34952,37909,76592,93676,90485,121304,123237,174645,214193,241282,266569,297662,216644,275087,66585,120900,11556,11034,22658,29286,25603,41769,33538,60369,47436,60960,58319,61303,125260,159906,57962,104713,1543742,790392,205502,106643,700003,11847,2884,181,110
2021-05-03T23:59:59+02:00,61,60,34084,36855,74306,91862,87609,118958,118797,171002,207541,235282,263293,293799,215846,274006,66464,120605,11311,10761,22264,28710,25120,41070,32853,59403,46414,59821,55537,57967,121487,155015,57705,104276,1512008,774563,202392,104931,695081,9086,1227,179,109
2021-05-02T23:59:59+02:00,61,60,33732,36537,73133,90959,86142,117865,116372,169136,204446,232771,262334,292711,215562,273598,66398,120497,11240,10689,22076,28499,24891,40784,32512,58997,45963,59345,54348,56507,118424,151337,57621,104146,1501422,769551,199601,99379,691207,8186,358,178,106
2021-05-01T23:59:59+02:00,60,60,33415,36163,72373,90166,85072,116825,114906,167777,201368,229742,261644,291890,215353,273318,66387,120459,11226,10673,22023,28469,24832,40746,32450,58939,45880,59270,54106,56215,118265,151141,57612,104129,1486353,768242,199599,99339,690942,8137,353,177,106
2021-04-30T23:59:59+02:00,57,58,32875,35564,71167,88943,83613,115096,111129,164216,193974,222628,259653,289523,214904,272711,66327,120353,10906,10478,21662,28190,24556,40323,32125,58376,45417,58638,53210,55051,117313,149955,57557,104009,1453484,764565,199273,97349,690144,5794,156,174,103
2021-04-29T23:59:59+02:00,55,56,31375,34616,68250,86920,79980,112497,106028,160111,181166,211087,251724,280429,213707,271078,66191,120004,10603,10266,21186,27742,24126,39824,31540,57635,44609,57703,51378,52860,115467,147721,57457,103814,1398635,755741,191997,94670,684775,3483,135,166,101
2021-04-28T23:59:59+02:00,54,54,30141,34005,66384,85609,77501,110676,102601,157259,171489,201922,240872,267833,212428,269393,65994,119676,10419,10107,20888,27390,23763,39354,31116,56980,43882,56881,49257,50244,112887,144491,57334,103602,1346019,746205,188636,90125,679401,2259,105,159,97
2021-04-27T23:59:59+02:00,51,53,29383,33321,64809,84146,75495,108869,99849,154862,166769,197201,232370,258030,211280,267779,65874,119454,10294,9996,20607,27101,23527,39025,30756,56485,43199,56190,47252,47703,110248,141060,57217,103402,1312009,736404,186331,86117,671416,1541,104,156,92
2021-04-26T23:59:59+02:00,50,53,28954,32937,63710,83263,73996,107703,97567,153151,158160,189189,228186,253188,210573,266787,65782,119256,10199,9907,20392,26915,23292,38807,30460,56147,42582,55614,45447,45557,108354,138582,57121,103249,1283092,728445,184887,83024,664688,1161,100,152,90
2021-04-25T23:59:59+02:00,50,52,28703,32699,62936,82741,72934,106969,95839,151928,152777,184320,223856,248309,209984,266007,65716,119133,10144,9873,20314,26840,23206,38726,30349,56021,42423,55455,45033,45060,107673,137675,57093,103179,1270352,726790,178750,81254,656012,1030,97,151,88
2021-04-24T23:59:59+02:00,50,51,28361,32273,61999,81520,71749,105525,94294,150272,147878,179176,221070,244978,209514,265333,65682,119083,10129,9855,20273,26798,23155,38661,30268,55935,42274,55319,44791,44752,107424,137381,57072,103151,1245513,725708,178721,80555,654732,987,96,151,86
2021-04-23T23:59:59+02:00,48,51,27615,31648,60431,80013,69963,103507,91704,147635,143105,174786,216521,239434,208859,264344,65619,118968,10077,9793,20165,26711,23024,38511,30034,55728,41911,54989,44173,43995,106363,136096,56916,102876,1220670,722361,177541,78080,646195,935,95,148,84
2021-04-22T23:59:59+02:00,46,50,27000,31049,58895,78578,67499,101292,87583,144148,135074,167301,207489,228438,206821,261712,65421,118571,9952,9697,19916,26414,22668,38078,29519,55214,41158,54352,43004,42668,104373,133651,56687,102478,1179162,714893,170101,74140,637859,811,95,143,82
2021-04-21T23:59:59+02:00,46,48,26507,30527,57569,77477,65617,99663,84548,141512,127892,160493,194428,213110,204672,258823,65195,118146,9821,9611,19684,26166,22383,37753,29167,54764,40606,53822,42158,41651,102187,130871,56434,102067,1127718,708358,167222,70064,631489,739,95,137,81
2021-04-20T23:59:59+02:00,45,47,26082,30058,56411,76335,63944,98083,82003,138938,122814,155433,182957,199656,202248,255691,64959,117720,9718,9520,19466,25978,22091,37484,28756,54352,40068,53288,41342,40720,99970,127885,56098,101530,1085123,700817,163738,66813,624719,659,93,135,76
2021-04-19T23:59:59+02:00,45,46,25715,29702,55443,75516,62661,96905,79878,137012,119295,152055,177210,192816,200541,253457,64776,117387,9609,9427,19235,25758,21846,37211,28440,53961,39557,52759,40547,39811,96874,123921,55693,100818,1060592,690477,161910,64392,618117,622,92,130,76
2021-04-18T23:59:59+02:00,44,44,25411,29442,54675,74971,61541,95961,78027,135591,115932,149663,172103,187263,199531,252233,64665,117195,9535,9352,19046,25584,21669,37045,28223,53684,39298,52508,40219,39424,95658,122377,55512,100522,1046634,686613,160243,62460,607567,607,92,129,75
2021-04-17T23:59:59+02:00,43,43,25302,29350,54304,74776,61024,95609,77373,134992,115086,148922,167852,182381,198997,251508,64631,117130,9490,9293,18908,25396,21481,36815,27996,53409,39033,52240,39920,39102,94896,121449,55448,100438,1035755,682597,160215,62146,603504,595,92,129,75
2021-04-16T23:59:59+02:00,43,43,24928,29102,53316,74171,59740,94730,75748,133661,110941,144780,160218,173609,197341,249303,64522,116921,9282,9118,18515,24969,20901,36241,26890,52505,37009,50638,36612,36173,91711,117928,55045,99783,1009857,667546,159424,55237,593985,561,92,128,73
2021-04-15T23:59:59+02:00,39,39,24454,28650,52065,73002,57781,93001,72479,130817,105472,139501,152357,164636,192689,243431,64225,116302,9108,8956,18147,24547,20408,35582,26213,51711,35616,49408,34501,34143,88602,114202,54538,98926,977654,654472,157371,49651,576062,511,91,126,71
2021-04-14T23:59:59+02:00,37,35,24114,28325,51128,72065,56443,91615,70092,128660,101483,135734,143164,154254,184951,233554,63884,115634,8702,8684,17673,24041,19872,34937,25299,50833,34329,48285,32459,31987,85624,110555,54048,98066,939800,639585,154702,45424,560817,412,90,122,71
2021-04-13T23:59:59+02:00,37,35,23877,28108,50432,71530,55500,90791,68458,127251,97758,132302,131335,141138,178562,225225,63546,115046,8467,8512,17328,23635,19451,34401,24635,50040,33264,47271,31077,30626,83472,108176,53691,97522,906569,630275,150189,41032,544321,289,90,120,69
2021-04-12T23:59:59+02:00,36,34,23668,27920,49877,71021,54636,90058,66991,125961,95126,129978,124227,133106,175336,221276,63275,114555,8230,8327,16965,23339,19080,33966,24163,49503,32596,46645,29551,29089,81811,106240,53365,97001,890160,621850,148649,37776,528420,274,88,118,67
2021-04-11T23:59:59+02:00,35,34,23493,27760,49353,70600,53907,89604,65849,125158,93271,128501,118747,127092,171417,216672,63105,114257,8097,8193,16669,23060,18762,33658,23807,49123,32149,46259,28914,28424,80791,104995,53156,96682,882693,616566,144241,35950,512070,256,85,117,64
2021-04-10T23:59:59+02:00,35,34,23432,27703,49186,70465,53707,89446,65523,124888,92746,128066,116664,124566,169977,214822,63063,114157,7510,7590,15779,22275,17805,32818,22687,48091,31039,45263,28254,27712,78698,102388,52889,96246,875704,601255,143387,35571,509542,251,80,117,64
2021-04-09T23:59:59+02:00,34,34,23185,27453,48686,69974,53067,88763,64527,123765,90920,126159,107838,113631,166597,210417,62865,113801,6552,6690,14251,20953,16084,31258,20547,46127,28837,43257,26478,25888,75199,98215,52344,95407,856298,573821,136336,34058,499241,239,72,112,62
2021-04-08T23:59:59+02:00,34,34,22889,27207,48106,69483,52312,88063,63220,122682,88503,123992,97529,101646,161060,203573,62538,113237,5909,6103,13064,19935,14826,29919,18908,44409,26338,40923,23458,22921,70555,92447,51204,93657,837646,542286,127439,32118,481193,208,62,110,62
2021-04-07T23:59:59+02:00,32,33,22578,26982,47303,69026,51387,87452,61830,121703,85364,121553,88348,91356,154059,194787,62244,112677,5529,5782,12404,19262,14011,29092,17865,43357,24429,39026,20923,20396,66600,87684,50210,92042,817263,518835,121845,29636,459781,178,56,107,61
2021-04-06T23:59:59+02:00,31,33,22368,26821,46775,68646,50798,86928,60797,120927,83256,119810,80587,82554,147698,186830,61901,112049,5336,5623,12053,18905,13659,28661,17331,42795,23566,38217,19796,19365,63443,83593,49289,90660,798003,505476,118631,26694,442354,167,51,103,58
2021-04-05T23:59:59+02:00,31,32,22269,26696,46464,68301,50413,86530,60252,120237,82076,118659,76109,77462,142696,180729,61700,111734,5197,5484,11792,18653,13365,28349,17009,42423,23121,37757,19332,18896,60563,80042,48590,89595,788575,496152,116878,23901,427117,161,48,101,58
2021-04-04T23:59:59+02:00,31,32,22221,26637,46343,68033,50244,86216,59973,119736,81569,118027,74667,75756,141993,179756,61663,111652,5193,5477,11774,18640,13354,28333,16990,42406,23023,37685,18925,18573,59126,78195,48384,89284,786041,491360,116774,23899,421921,154,44,98,56
2021-04-03T23:59:59+02:00,31,32,22159,26556,46220,67925,50082,86041,59657,119424,81001,117448,73322,74120,140876,178220,61580,111503,5184,5468,11761,18622,13331,28313,16956,42359,22918,37611,18789,18422,58776,77633,48295,89138,779679,489575,116732,23899,419973,154,43,97,56
2021-04-02T23:59:59+02:00,31,32,22082,26473,46060,67759,49864,85793,59187,118975,80123,116636,71767,72238,138598,175240,61383,111144,5165,5431,11714,18579,13277,28231,16867,42211,22644,37134,18431,18059,56436,74752,47482,88037,770570,481096,114957,23255,418046,154,40,96,54
2021-04-01T23:59:59+02:00,28,30,21887,26269,45644,67237,49218,85051,58311,118035,78242,114965,68505,68807,134518,170068,61066,110577,5018,5287,11443,18316,13054,27995,16544,41902,22140,36691,17614,17316,51594,68724,45803,85582,758934,463057,108862,21884,410853,141,35,93,53
2021-03-31T23:59:59+02:00,28,30,21560,26051,45242,66714,48724,84403,57582,117098,77085,113723,66464,66489,129760,163959,60664,109854,4940,5236,11346,18198,12894,27845,16304,41632,21545,36180,16484,16413,46383,62306,44423,83599,749189,444720,101705,20937,404734,138,30,90,49
2021-03-30T23:59:59+02:00,28,29,21382,25828,44843,66095,48218,83606,56872,116046,75946,112347,64623,64468,125381,158207,60196,108954,4873,5151,11242,18073,12702,27656,15977,41309,20972,35631,15651,15610,43628,58898,43307,81804,738999,432869,97485,19575,396790,109,26,85,48
2021-03-29T23:59:59+02:00,27,29,21185,25589,44382,65545,47742,82917,56136,114972,74720,110915,62135,61724,118643,149567,59426,107561,4776,5080,11137,17960,12549,27490,15730,40986,20514,35162,14999,15070,41040,55916,42200,79982,718471,421669,94064,18897,390883,94,26,85,47
2021-03-28T23:59:59+02:00,27,29,20979,25300,43883,64860,47225,82176,55456,113966,73779,109809,60876,60289,113936,143590,58982,106804,4721,5022,10991,17814,12292,27191,15539,40739,20347,34930,14760,14826,39960,54497,41852,79443,711933,417352,86750,17570,383486,74,26,84,44
2021-03-27T23:59:59+01:00,27,29,20859,25143,43591,64494,46861,81647,54956,113277,73107,109071,59719,59205,112450,141882,58915,106724,4708,5010,10964,17795,12274,27161,15178,40311,19947,34494,14467,14614,39474,53809,41378,78626,706658,413298,86049,16916,379451,68,26,84,44
2021-03-26T23:59:59+01:00,27,28,20607,24631,42786,62791,45893,79622,53619,110256,71092,105458,57705,57323,109698,138642,58588,106208,4690,4977,10940,17743,12204,27069,15100,40201,19607,33899,14000,13962,36405,49972,39321,75383,695265,398793,82730,16697,367179,55,23,83,44
2021-03-25T23:59:59+01:00,27,26,20175,23959,41913,61028,44797,77071,52105,106730,68703,101693,55111,54688,106388,134672,58017,105217,4644,4922,10849,17640,12082,26924,14917,39982,19331,33592,13525,13471,32555,44928,36325,70851,683843,380459,78536,16099,350142,50,21,81,44
2021-03-24T23:59:59+01:00,27,26,19773,23512,41130,59760,43782,75534,50726,104807,66606,99363,52328,51776,102136,129573,57379,104140,4590,4856,10756,17497,11914,26722,14685,39699,18963,33174,13067,13017,29986,41716,33212,66014,671043,364902,73664,14998,337876,43,16,80,44
2021-03-23T23:59:59+01:00,27,26,19525,23210,40571,58847,43060,74443,49691,103296,64950,97504,50038,49432,99379,126361,56819,103300,4531,4786,10657,17372,11769,26539,14439,39387,18545,32788,12564,12510,27552,38621,29545,60124,662925,347353,70323,14409,327438,41,15,77,44
2021-03-22T23:59:59+01:00,27,26,19303,22797,39931,57967,42394,73404,48746,101911,63477,95872,48203,47548,96980,123616,56348,102529,4473,4739,10571,17256,11638,26361,14281,39147,18304,32487,12254,12137,25718,36270,25591,53746,656626,331149,67516,13857,317143,38,15,76,43
2021-03-21T23:59:59+01:00,27,26,19165,22538,39440,57214,41845,72559,48092,100755,62534,94640,47155,46523,95334,121765,55978,101950,4459,4731,10535,17208,11592,26275,14221,39057,18222,32388,12134,12005,25290,35822,25237,53188,654054,328956,65488,13443,308200,38,14,75,41
2021-03-20T23:59:59+01:00,26,26,19105,22393,39229,56719,41605,71998,47782,100118,62094,94038,46502,45757,92736,118533,55691,101464,4450,4723,10526,17196,11564,26258,14178,39020,18140,32313,11975,11844,24649,35047,24474,52102,647590,325240,65039,13254,303387,38,14,75,41
2021-03-19T23:59:59+01:00,25,25,18751,21828,38096,54596,40324,70004,46047,98032,59213,91280,42058,41884,87519,112769,54989,100384,4429,4710,10493,17146,11499,26146,14087,38850,17905,32014,11623,11561,22982,32988,22793,49542,629835,315916,57828,12892,290359,32,14,72,41
2021-03-18T23:59:59+01:00,25,24,18356,21181,36919,52441,38784,67214,43891,93563,55367,85484,38024,38084,82789,107287,53902,98724,4409,4682,10427,17043,11421,25991,13939,38662,17689,31811,11391,11378,21735,31474,21080,46944,612895,307838,52086,12281,267270,29,14,72,40
2021-03-17T23:59:59+01:00,25,23,17934,20830,36194,51523,38019,66260,42810,92211,53579,83656,35351,35297,78765,102463,52958,97251,4386,4656,10365,16948,11348,25857,13826,38473,17490,31618,11154,11154,20493,30062,19490,44544,596238,300335,47683,11572,261415,26,14,71,40
2021-03-16T23:59:59+01:00,24,23,17577,20411,35448,50453,37206,65065,41713,90535,51741,81668,33146,33277,74734,97517,52077,95937,4336,4607,10292,16820,11257,25706,13727,38236,17357,31375,10984,10976,19210,28544,18009,42220,582979,292561,42994,11138,252764,26,11,69,40
2021-03-15T23:59:59+01:00,24,23,17298,20047,34740,49475,36414,63875,40809,89054,50481,80067,31423,31437,71452,93425,51380,94804,4314,4572,10225,16697,11190,25505,13611,37948,17208,31103,10818,10818,18477,27579,16751,40359,571853,286739,39669,10489,244898,26,0,67,40
2021-03-14T23:59:59+01:00,24,22,17030,19620,33885,48266,35514,62556,39751,87228,49225,78339,30257,30204,69457,90862,50935,94128,4290,4553,10180,16620,11134,25363,13551,37726,17118,30939,10746,10733,18296,27298,16489,39798,564742,285540,37791,9356,234961,17,0,63,40
2021-03-13T23:59:59+01:00,24,22,16217,18558,32388,46232,33939,60421,37711,84156,47095,75788,28906,28850,67443,88237,50666,93737,4290,4553,10178,16614,11131,25356,13542,37720,17111,30930,10709,10701,17548,26412,15443,38346,548387,281290,37506,9355,224672,16,0,63,40
2021-03-12T23:59:59+01:00,23,22,15116,17181,29946,43584,31274,57279,34847,79299,43885,71327,26070,25658,63138,82935,49684,92332,4277,4520,10159,16552,11113,25305,13496,37602,17020,30799,10432,10474,16665,25166,14371,36822,520364,275490,36194,9344,207207,13,0,61,39
2021-03-11T23:59:59+01:00,22,22,14075,15721,27698,40889,28954,54089,32259,74909,40130,66431,22671,22181,57123,75616,47750,89492,4236,4480,10079,16433,11002,25080,13378,37292,16854,30495,10128,10262,16030,24325,13703,35547,488309,271486,34603,7903,187267,10,0,60,38
2021-03-10T23:59:59+01:00,22,22,13480,15023,26288,39273,27304,52268,30695,72591,37610,63302,19921,19627,51205,68474,46198,87153,4201,4436,9979,16266,10884,24831,13230,36872,16655,30122,9891,10079,15287,23552,13044,34521,461879,266755,32555,7159,176167,8,0,58,38
2021-03-09T23:59:59+01:00,21,21,13198,14555,25165,38232,25888,51082,29632,70936,36231,61468,18737,18502,47693,64034,45073,85364,4177,4410,9894,16099,10781,24573,13077,36554,16480,29885,9766,9977,14624,22715,12548,33747,448273,263046,30026,6326,167665,8,0,58,36
2021-03-08T23:59:59+01:00,20,21,12867,13948,24081,37123,24616,49944,28696,69452,34997,59850,17657,17623,43572,59046,43845,83380,4162,4373,9833,15901,10679,24313,12944,36196,16351,29620,9682,9893,14129,22109,12234,33308,432808,259862,28021,5935,160039,3,0,57,35
2021-03-07T23:59:59+01:00,20,21,12634,13655,23487,36273,23918,49068,28095,68581,34388,59091,17395,17373,42503,57595,43478,82816,4150,4360,9812,15859,10652,24240,12912,36026,16294,29506,9660,9864,13931,21856,12098,33106,428044,258804,26206,5595,156268,0,0,56,34
2021-03-06T23:59:59+01:00,20,20,12521,13363,23085,35539,23387,48281,27046,67053,33288,57327,17009,17044,41858,56706,43177,82348,4147,4346,9801,15833,10634,24206,12902,35984,16276,29475,9642,9823,13884,21818,11995,32896,423981,258425,26142,5311,149074,0,0,56,33
2021-03-05T23:59:59+01:00,20,20,12108,12761,22403,34336,22704,47051,26291,65422,32053,54908,16363,16209,38398,52398,41020,78904,4120,4299,9731,15733,10582,24058,12834,35789,16189,29268,9546,9754,13698,21603,11624,32285,408786,256725,24690,4462,140011,0,0,56,32
2021-03-04T23:59:59+01:00,18,20,11348,11755,21215,32608,21485,45004,24935,62770,30358,52551,15633,15490,34392,47231,37939,74216,4071,4209,9618,15441,10478,23700,12701,35256,16044,28868,9369,9601,13540,21392,11540,32140,390339,253673,22614,4370,126130,0,0,56,29
2021-03-03T23:59:59+01:00,16,20,11041,11260,20526,31387,20711,43642,24027,61020,29313,50909,15156,14987,31780,43908,34853,69447,4031,4146,9537,15271,10399,23448,12595,34834,15866,28522,9185,9475,13415,21178,11394,31870,374893,251038,21821,4205,117404,0,0,52,27
2021-03-02T23:59:59+01:00,16,20,10779,10835,19880,30418,19997,42621,23242,59632,28342,49634,14529,14340,29103,40534,30967,63228,3983,4075,9475,15106,10330,23183,12491,34401,15765,28215,9059,9373,13277,20991,11317,31725,356701,248637,20310,4204,111215,0,0,51,27
2021-03-01T23:59:59+01:00,14,19,10607,10575,19368,29614,19434,41738,22653,58562,27627,48512,14114,13885,27033,37944,26710,56340,3968,4025,9421,14951,10267,22884,12410,34024,15659,27892,8977,9313,13094,20721,11201,31542,339480,246219,19196,4204,106179,0,0,51,27
2021-02-28T23:59:59+01:00,13,19,10441,10376,18900,28965,18901,41001,22175,57710,27141,47718,13906,13643,26424,37284,26304,55738,3952,4011,9397,14919,10248,22833,12393,33954,15632,27846,8950,9289,12962,20543,11138,31392,337027,245365,18337,4168,101399,0,0,51,27
2021-02-27T23:59:59+01:00,13,18,10262,9861,18571,28098,18642,40214,21890,56726,26812,46924,13630,13342,25755,36479,25381,54318,3940,3999,9376,14898,10216,22785,12354,33872,15587,27773,8928,9273,12943,20521,11117,31372,333111,245009,17615,4019,96312,0,0,51,27
2021-02-26T23:59:59+01:00,12,17,9466,9076,17668,26656,17858,38005,20961,53872,25352,44100,13163,12940,24166,34490,23856,52012,3859,3931,9298,14737,10142,22529,12273,33507,15470,27478,8848,9192,12876,20453,11076,31303,323992,243102,17361,3945,82414,0,0,51,25
2021-02-25T23:59:59+01:00,12,17,8307,8224,16346,25052,16589,35742,19724,50982,23643,41315,12689,12539,22886,32898,22359,49727,3737,3787,9136,14424,9922,21924,12019,32655,15143,26823,8651,9041,12614,20127,10936,31034,316367,238961,16590,3089,66187,0,0,50,23
2021-02-24T23:59:59+01:00,11,16,7942,7700,15691,24016,15959,34504,19010,49465,22850,40115,12293,12203,21578,31398,20678,47100,3665,3720,8996,14132,9745,21470,11816,32029,14881,26285,8510,8904,12471,19954,10871,30823,308112,236187,15624,2159,58883,0,0,50,23
2021-02-23T23:59:59+01:00,11,16,7459,7223,14873,22838,15274,33283,18288,48055,22132,39046,11986,11879,20239,29823,19064,44543,3625,3644,8876,13930,9607,21072,11627,31452,14581,25783,8339,8762,12343,19743,10801,30591,299996,233355,14824,1495,51299,0,0,49,22
2021-02-22T23:59:59+01:00,10,14,7352,7017,14488,22220,14923,32555,17824,47049,21638,38313,11788,11630,19490,28815,17749,42589,3595,3542,8739,13638,9443,20570,11372,30711,14207,25186,8091,8568,12143,19490,10695,30288,294130,230042,14214,309,47207,0,0,47,22
2021-02-21T23:59:59+01:00,10,14,7262,6892,14167,21777,14504,31972,17409,46397,21200,37819,11681,11528,19327,28602,17502,42254,3556,3502,8656,13515,9367,20354,11301,30419,14086,24917,8029,8506,12087,19383,10624,30125,292987,228203,13842,295,43573,0,0,45,22
2021-02-20T23:59:59+01:00,10,14,7145,6842,14042,21697,14388,31837,17290,46247,21042,37638,11582,11444,18545,27684,16444,40784,3554,3496,8646,13507,9357,20333,11287,30394,14073,24906,8024,8497,12022,19319,10570,30057,288730,227820,13645,294,42382,0,0,45,21
2021-02-19T23:59:59+01:00,8,13,6843,6590,13687,21258,14017,31168,16816,45449,20335,36768,10980,11043,17500,26353,15285,39174,3474,3473,8570,13480,9315,20276,11249,30303,14014,24812,7981,8437,11800,19047,10377,29726,282342,226114,13270,293,37756,0,0,42,20
2021-02-18T23:59:59+01:00,8,13,6446,6115,13060,20114,13377,29794,16000,43577,19461,35189,10749,10824,16908,25598,14708,38291,3288,3336,8236,12940,9021,19526,10898,29261,13646,23985,7776,8128,11213,18094,9880,28576,278764,217585,12688,293,28859,0,0,42,19
2021-02-17T23:59:59+01:00,8,12,6280,5772,12614,19233,12888,28603,15300,41855,18814,33862,10520,10573,16151,24784,13931,37101,3039,3176,7896,12424,8720,18735,10528,28217,13254,23135,7542,7893,10656,17241,9442,27758,274096,209435,11956,291,22323,0,0,42,19
2021-02-16T23:59:59+01:00,8,12,5954,5471,12075,18397,12384,27529,14755,40475,18221,32827,10366,10469,15482,23953,13422,36312,2856,3056,7594,11973,8415,18011,10132,27127,12789,22237,7272,7598,9937,16067,8715,26208,270559,199920,11460,135,16167,0,0,40,19
2021-02-15T23:59:59+01:00,8,12,5848,5290,11780,17754,12117,26746,14407,39481,17872,32057,10240,10359,14921,23297,13061,35773,2766,2975,7402,11651,8196,17504,9830,26282,12440,21553,6991,7312,9236,15009,8200,24926,267454,192253,10857,89,12786,0,0,40,18
2021-02-14T23:59:59+01:00,8,12,5579,5175,11531,17483,11893,26310,14173,39035,17681,31780,10195,10308,14687,22958,12896,35380,2716,2937,7288,11486,8067,17298,9654,25950,12262,21251,6895,7188,9015,14625,8012,24390,266452,189015,9921,87,10786,0,0,38,18
2021-02-13T23:59:59+01:00,8,12,5519,5137,11481,17447,11862,26279,14145,39003,17661,31761,10181,10280,14660,22926,12884,35363,2712,2934,7283,11479,8055,17277,9638,25914,12235,21208,6865,7154,8861,14412,7660,23764,266208,187510,9920,9,10557,0,0,37,17
2021-02-12T23:59:59+01:00,8,11,5003,4819,10910,17083,11544,25727,13826,38359,17332,31117,10070,10173,14476,22712,12804,35254,2662,2901,7189,11322,7954,17046,9488,25522,12018,20763,6683,6921,8499,13851,7068,22424,264511,182372,9909,7,6882,0,0,37,17
2021-02-11T23:59:59+01:00,8,10,4541,4518,10323,16403,11131,24921,13346,37095,16842,30258,9755,9912,14194,22263,12524,34568,2494,2627,6589,10129,7266,15309,8627,22907,10966,18682,6032,6206,7452,12232,6253,20104,261281,163934,8266,4,3139,0,0,35,16
2021-02-10T23:59:59+01:00,8,10,4295,4350,9988,15950,10821,24380,13034,36210,16426,29508,9541,9774,14013,22059,12432,34361,2133,2335,5652,8668,6459,13265,7636,19992,9839,16646,5486,5620,6465,10569,5477,18045,258630,144350,7767,3,837,0,0,33,4
2021-02-09T23:59:59+01:00,8,9,4231,4251,9865,15682,10711,23978,12861,35589,16214,29034,9362,9636,13818,21849,12290,34139,1737,1981,4872,7399,5686,11472,6717,17481,8751,14651,4907,4990,5415,9016,4747,15947,256180,125828,6989,1,432,0,0,32,4
2021-02-08T23:59:59+01:00,8,9,4197,4196,9772,15470,10603,23620,12742,35128,16073,28676,9270,9569,13616,21564,12181,33946,1572,1786,4314,6402,5024,9896,5895,14957,7728,12796,4347,4457,4427,7428,3984,13867,253810,108934,6475,1,426,0,0,32,4
2021-02-07T23:59:59+01:00,8,9,4032,4129,9616,15334,10501,23456,12663,34865,15961,28482,9229,9524,13470,21381,12107,33803,1357,1539,3894,5728,4610,9017,5470,13797,7242,11837,4091,4197,4197,7034,3824,13272,252712,101158,5929,1,0,0,0,30,3
2021-02-06T23:59:59+01:00,8,9,4023,4120,9605,15318,10488,23420,12641,34815,15944,28425,9209,9510,13452,21346,12002,33605,1205,1343,3661,5421,4424,8592,5250,13208,6962,11279,3954,4060,4071,6885,3545,12814,252367,96724,5644,1,0,0,0,30,2
2021-02-05T23:59:59+01:00,8,8,3950,4052,9533,15175,10421,23170,12556,34445,15829,28144,9125,9436,13379,21271,11652,33008,1064,1114,3380,4976,4164,8012,4933,12427,6576,10551,3693,3814,3908,6654,3039,11924,250480,90276,4751,0,0,0,0,30,2
2021-02-04T23:59:59+01:00,8,8,3893,3928,9412,14858,10244,22622,12368,33649,15613,27582,9002,9326,13153,20978,11538,32804,799,781,2556,3723,3229,6268,3980,9880,5250,8336,3011,3101,3289,5676,2651,10435,246530,72999,4527,0,0,0,0,28,2
2021-02-03T23:59:59+01:00,8,8,3824,3857,9309,14635,10140,22286,12236,33141,15463,27165,8892,9211,13011,20801,11464,32638,663,613,1928,2808,2495,4839,3007,7588,4017,6286,2199,2234,2403,4209,1924,7826,243805,55067,4355,0,0,0,0,28,2
2021-02-02T23:59:59+01:00,8,8,3757,3762,9209,14442,10041,21905,12094,32577,15261,26712,8767,9097,12888,20590,11382,32373,527,486,1458,2073,1906,3640,2261,5772,2997,4698,1556,1536,1640,2773,1338,5209,240589,39889,4353,0,0,0,0,28,2
2021-02-01T23:59:59+01:00,7,8,3717,3672,9130,14212,9935,21520,11955,31941,15076,26208,8647,8950,12780,20447,11331,32197,392,352,1015,1430,1256,2423,1474,3781,1861,2975,985,979,972,1694,769,3022,237451,25388,4353,0,0,0,0,26,2
2021-01-31T23:59:59+01:00,7,8,3699,3637,9077,14104,9866,21316,11889,31644,14972,26011,8591,8891,12729,20336,11286,32068,362,331,893,1240,1067,2050,1272,3229,1628,2608,887,887,868,1510,698,2716,235963,22252,4238,0,0,0,0,25,2
2021-01-30T23:59:59+01:00,7,8,3698,3634,9067,14091,9852,21293,11876,31624,14960,25997,8587,8886,12660,20267,11219,31991,345,307,833,1156,1010,1927,1208,3039,1553,2471,859,861,849,1470,683,2663,235642,21239,4145,0,0,0,0,25,2
2021-01-29T23:59:59+01:00,7,8,3638,3619,9006,14061,9823,21241,11844,31549,14912,25929,8563,8863,12473,20042,11039,31748,278,224,712,983,866,1567,1053,2649,1342,2146,769,769,800,1415,665,2610,234422,18851,4016,0,0,0,0,22,2
2021-01-28T23:59:59+01:00,7,8,3519,3533,8801,13675,9603,20728,11612,30969,14585,25430,8426,8762,12036,19421,10683,31167,131,57,293,360,378,611,461,1149,611,964,407,425,469,814,382,1580,229632,9094,3408,0,0,0,0,20,1
2021-01-27T23:59:59+01:00,7,8,3288,3398,8508,13259,9302,20104,11229,30133,14198,24695,8210,8551,11485,18614,10258,30404,79,33,202,222,244,415,306,802,432,662,309,311,349,607,287,1158,222924,6419,2797,0,0,0,0,20,1
2021-01-26T23:59:59+01:00,6,8,3122,3300,8226,12922,9039,19534,10924,29376,13801,24063,7974,8329,10907,17698,9610,29252,74,29,187,212,228,381,290,751,401,601,294,285,322,544,260,1028,216206,5888,1954,0,0,0,0,20,1
2021-01-25T23:59:59+01:00,6,8,3034,3206,7944,12441,8749,18828,10538,28374,13321,23300,7692,8128,10288,16881,9154,28351,66,21,167,191,194,325,251,631,349,496,257,240,268,467,211,840,209904,4975,408,0,0,0,0,18,1
2021-01-24T23:59:59+01:00,6,8,2990,3185,7859,12363,8675,18703,10429,28214,13192,23117,7649,8092,10223,16769,9106,28255,65,20,163,187,192,311,248,610,340,482,248,236,266,460,207,825,208598,4861,305,0,0,0,0,18,1
2021-01-23T23:59:59+01:00,6,8,2989,3184,7858,12360,8671,18693,10427,28200,13186,23112,7642,8089,10099,16603,8778,27668,64,20,163,187,191,310,246,610,338,482,248,236,266,460,207,823,207339,4852,303,0,0,0,0,17,1
2021-01-22T23:59:59+01:00,6,8,2927,3138,7734,12247,8588,18551,10317,28030,13105,22997,7612,8056,9901,16301,8260,26644,64,20,162,187,191,310,246,610,337,482,248,236,266,460,207,823,204189,4850,303,0,0,0,0,16,1
2021-01-21T23:59:59+01:00,6,8,2845,2968,7235,11333,8103,17404,9781,26403,12498,21783,7330,7731,9264,15354,7743,25594,58,18,147,173,174,279,221,534,300,442,222,209,235,380,177,691,193146,4261,303,0,0,0,0,16,1
2021-01-20T23:59:59+01:00,6,8,2486,2621,6354,9921,7356,15448,8827,23573,11388,19710,6729,7079,8167,13586,6928,23372,56,18,146,168,171,277,213,520,288,420,210,202,229,355,163,653,173317,4090,300,0,0,0,0,16,1
2021-01-19T23:59:59+01:00,6,8,2046,2267,5455,8533,6496,13557,7806,20789,10120,17476,5974,6198,6782,11401,5907,20319,40,11,97,124,115,171,150,356,189,292,133,115,141,237,114,486,150970,2771,219,0,0,0,0,16,1
2021-01-18T23:59:59+01:00,5,8,1773,1977,4699,7149,5541,11317,6608,17192,8691,14760,5091,5316,5396,9148,4834,16837,21,6,38,46,52,79,66,162,75,146,59,54,66,131,62,220,126292,1283,95,0,0,0,0,16,1
2021-01-17T23:59:59+01:00,4,8,1495,1687,4186,6354,5033,10185,6071,15620,8050,13495,4751,4966,5023,8474,4505,15829,8,2,8,15,15,28,20,51,28,56,23,23,20,31,13,47,115685,387,90,0,0,0,0,15,1
2021-01-16T23:59:59+01:00,4,7,1328,1484,3969,6033,4853,9745,5812,14955,7720,12802,4561,4738,4810,8198,4150,15225,0,0,0,1,1,2,1,1,2,2,0,1,1,0,0,1,110424,12,7,0,0,0,0,14,1
2021-01-15T23:59:59+01:00,4,7,1177,1258,3715,5611,4599,9180,5521,14114,7312,12003,4269,4444,4623,7890,3614,14179,0,0,0,0,0,0,0,0,1,0,0,0,0,0,0,0,103550,0,4,0,0,0,0,14,1
2021-01-14T23:59:59+01:00,3,4,903,945,2969,4422,3734,7363,4577,11368,5916,9655,3467,3575,3882,6662,3127,12361,0,0,0,0,0,0,0,0,1,0,0,0,0,0,0,0,84956,0,0,0,0,0,0,14,1
2021-01-13T23:59:59+01:00,3,3,768,791,2496,3690,3150,6139,3804,9426,4822,7777,2594,2662,2934,5079,2394,9457,0,0,0,0,0,0,0,0,1,0,0,0,0,0,0,0,68007,0,0,0,0,0,0,13,1
2021-01-12T23:59:59+01:00,2,3,636,660,2089,3026,2593,4987,3045,7589,3803,6111,1863,1841,2007,3444,1695,6460,0,0,0,0,0,0,0,0,1,0,0,0,0,0,0,0,51879,0,0,0,0,0,0,1,1
2021-01-11T23:59:59+01:00,1,1,493,524,1741,2449,2080,3985,2358,5766,2823,4431,1198,1139,1203,2022,934,3677,0,0,0,0,0,0,0,0,1,0,0,0,0,0,0,0,36845,0,0,0,0,0,0,1,1
2021-01-10T23:59:59+01:00,1,1,437,455,1480,2024,1740,3262,1949,4781,2347,3713,1056,1014,1058,1775,833,3224,0,0,0,0,0,0,0,0,1,0,0,0,0,0,0,0,31161,0,0,0,0,0,0,1,1
2021-01-09T23:59:59+01:00,1,1,405,410,1356,1847,1595,2972,1795,4332,2162,3382,981,943,999,1721,815,3181,0,0,0,0,0,0,0,0,1,0,0,0,0,0,0,0,28907,0,0,0,0,0,0,1,1
2021-01-08T23:59:59+01:00,1,1,308,281,1107,1503,1317,2303,1477,3552,1792,2765,847,835,911,1598,767,3027,0,0,0,0,0,0,0,0,1,0,0,0,0,0,0,0,24399,0,0,0,0,0,0,1,1
2021-01-07T23:59:59+01:00,1,0,145,76,398,507,481,789,596,1369,782,1206,467,482,562,963,466,1912,0,0,0,0,0,0,0,0,1,0,0,0,0,0,0,0,11204,0,0,0,0,0,0,0,1
2021-01-06T23:59:59+01:00,1,0,110,44,268,285,308,513,400,929,532,826,359,362,425,749,359,1445,0,0,0,0,0,0,0,0,1,0,0,0,0,0,0,0,7917,0,0,0,0,0,0,0,1
2021-01-05T23:59:59+01:00,1,0,86,31,189,230,241,427,321,819,449,704,343,346,408,716,352,1391,0,0,0,0,0,0,0,0,1,0,0,0,0,0,0,0,7056,0,0,0,0,0,0,0,1
2021-01-04T23:59:59+01:00,1,0,68,25,172,193,199,334,257,636,355,512,268,253,288,518,235,933,0,0,0,0,0,0,0,0,1,0,0,0,0,0,0,0,5248,0,0,0,0,0,0,0,1
2021-01-03T23:59:59+01:00,1,0,66,21,166,188,194,319,255,621,345,495,260,251,284,505,233,916,0,0,0,0,0,0,0,0,1,0,0,0,0,0,0,0,5121,0,0,0,0,0,0,0,1
2021-01-02T23:59:59+01:00,1,0,66,21,166,188,194,319,252,621,342,495,260,251,284,505,233,915,0,0,0,0,0,0,0,0,1,0,0,0,0,0,0,0,5114,0,0,0,0,0,0,0,1
2021-01-01T23:59:59+01:00,1,0,65,21,165,188,194,318,251,621,339,493,260,251,284,504,233,915,0,0,0,0,0,0,0,0,1,0,0,0,0,0,0,0,5104,0,0,0,0,0,0,0,1
2020-12-31T23:59:59+01:00,1,0,65,21,165,186,194,317,250,620,338,492,260,251,284,504,233,915,0,0,0,0,0,0,0,0,1,0,0,0,0,0,0,0,5097,0,0,0,0,0,0,0,1
2020-12-30T23:59:59+01:00,1,0,64,21,165,185,192,314,250,618,338,490,260,251,284,504,232,915,0,0,0,0,0,0,0,0,1,0,0,0,0,0,0,0,5085,0,0,0,0,0,0,0,1
2020-12-29T23:59:59+01:00,1,0,45,12,117,140,143,212,182,443,238,376,179,164,196,375,171,715,0,0,0,0,0,0,0,0,1,0,0,0,0,0,0,0,3710,0,0,0,0,0,0,0,1
2020-12-28T23:59:59+01:00,1,0,24,8,64,77,80,122,101,252,118,231,98,93,103,200,103,388,0,0,0,0,0,0,0,0,1,0,0,0,0,0,0,0,2064,0,0,0,0,0,0,0,1
2020-12-27T23:59:59+01:00,0,0,11,3,17,26,36,47,36,89,37,94,32,29,40,73,32,145,0,0,0,0,0,0,0,0,0,0,0,0,0,0,0,0,747,0,0,0,0,0,0,0,0
