Datum,<24_1_m,<24_1_w,25-34_1_m,25-34_1_w,35-44_1_m,35-44_1_w,45-54_1_m,45-54_1_w,55-64_1_m,55-64_1_w,65-74_1_m,65-74_1_w,75-84_1_m,75-84_1_w,>84_1_m,>84_1_w,<24_2_m,<24_2_w,25-34_2_m,25-34_2_w,35-44_2_m,35-44_2_w,45-54_2_m,45-54_2_w,55-64_2_m,55-64_2_w,65-74_2_m,65-74_2_w,75-84_2_m,75-84_2_w,>84_2_m,>84_2_w,bp_1,bp_2,mo_1,mo_2,az_1,az_2,ja
2021-07-04T23:59:59+02:00,194484,189038,303314,282835,335870,333647,409296,423180,472312,479166,332740,372429,237228,303558,70239,128356,72841,72915,144103,146908,172044,189886,259536,288349,346463,365542,284872,320702,218774,279704,65797,119566,3465979,2337257,479881,315312,797230,570559,125082
2021-07-03T23:59:59+02:00,188542,183575,300439,280456,334287,332203,407994,421925,471465,478454,332485,372132,237118,303389,70221,128327,71424,71711,142193,145442,170292,188411,257605,286659,344898,364263,283236,318838,218545,279399,65773,119533,3448017,2327241,478498,315140,797094,566166,119883
2021-07-02T23:59:59+02:00,184087,179386,298299,278483,332695,330628,406819,420818,470754,477815,332244,371837,237009,303225,70197,128282,68852,69149,138555,142384,166108,184633,252021,281644,340100,359901,280075,315240,217938,278655,65728,119456,3431650,2296440,477063,312660,796926,554128,117419
2021-07-01T23:59:59+02:00,179478,175157,294440,275321,330293,328436,405099,419296,469707,476898,331850,371403,236825,302970,70155,128208,64032,64480,132533,137301,159146,178408,242230,273187,329639,350449,275420,310109,216153,276492,65557,119165,3409940,2241746,475030,301199,796594,537112,114452
2021-06-30T23:59:59+02:00,175821,171789,289077,270876,326727,325181,403373,417813,468721,475952,331443,370940,236641,302681,70123,128128,60983,61663,127093,132773,152705,172611,232426,264247,316636,337526,270294,304662,214294,274204,65391,118850,3385677,2187974,472958,288950,796318,518829,110813
2021-06-29T23:59:59+02:00,171572,167605,284643,266693,323248,321934,401315,415773,467215,474570,330862,370316,236394,302331,70069,128022,58189,58666,122291,128496,146863,167175,220736,253681,308219,329292,263975,297594,212361,271781,65197,118520,3358700,2129639,471007,284436,796003,501837,107332
2021-06-28T23:59:59+02:00,167901,163835,279750,262472,320000,319123,399213,413875,465752,473287,330353,369719,236165,302026,70026,127928,55908,56326,118471,125076,142595,163174,211613,245358,302508,323960,259067,292344,210608,269569,65052,118261,3335287,2094475,467073,275988,795373,485462,104172
2021-06-27T23:59:59+02:00,166297,162223,277700,260702,318221,317611,397553,412529,464890,472599,330069,369433,236065,301872,70008,127880,54733,55227,116406,123417,140091,161089,207589,242045,299217,321135,255294,288389,208160,266674,64942,118075,3325504,2079363,465046,272584,794344,469504,101238
2021-06-26T23:59:59+02:00,161944,157847,275628,258844,315846,315407,396380,411393,464203,471915,329809,369152,235961,301715,69984,127850,54191,54643,115114,122302,138703,159881,205391,240079,296743,318780,253775,286751,207828,266266,64916,118006,3306656,2062931,462257,272512,794338,467025,101106
2021-06-25T23:59:59+02:00,156483,152499,272282,255936,313815,313463,395094,410161,463213,471098,329525,368823,235840,301566,69957,127802,52901,53020,112669,119640,134676,155378,196717,231704,291106,312973,252068,284653,207240,265463,64845,117890,3281992,2020898,460858,270854,794298,460506,100888
2021-06-24T23:59:59+02:00,151321,147666,267568,252086,309617,309744,392976,408336,461872,470000,329115,368366,235676,301338,69924,127717,50292,50454,107639,115001,127480,148841,184852,221373,279780,302832,246754,278875,205425,263141,64642,117493,3251439,1959608,458898,259239,794139,446904,99325
2021-06-23T23:59:59+02:00,148001,144437,263947,249008,304473,305038,390517,406032,460492,468705,328595,367757,235450,301030,69878,127614,48379,48387,103890,111154,121878,143251,175069,212796,267927,290975,242217,274161,204103,261463,64482,117133,3224487,1904129,455423,249469,793984,436307,97559
2021-06-22T23:59:59+02:00,144736,141135,260306,245682,298447,299697,387924,403518,458972,467249,328057,367165,235234,300682,69831,127509,46691,46644,100355,107892,117155,138728,162574,201744,257130,280772,238211,269741,202207,259079,64233,116666,3192941,1846307,453540,241816,793802,425558,96339
2021-06-21T23:59:59+02:00,141235,137984,255693,241856,293266,294890,384929,400688,457518,465906,327542,366613,235010,300377,69790,127400,45476,45437,97997,105702,114442,136057,156413,196025,250300,274187,232927,263967,198320,254598,64049,116297,3161658,1815651,451526,236336,793585,405999,94405
2021-06-20T23:59:59+02:00,139622,136409,251725,238601,290796,292744,383567,399400,456749,465185,327329,366347,234902,300247,69770,127341,44411,44563,95864,103995,112285,134170,153498,193590,246083,270199,230053,260585,197373,253394,63968,116178,3145110,1796162,449789,232863,793411,398481,92900
2021-06-19T23:59:59+02:00,137086,133997,249015,236323,289048,291135,381749,397854,455914,464456,327110,366100,234799,300112,69751,127309,43886,43932,94625,102766,110846,132742,152030,192178,242896,267216,229350,259749,197206,253136,63946,116125,3129009,1780496,447003,231300,793405,398214,92815
2021-06-18T23:59:59+02:00,132897,129971,245544,233311,285118,287803,379398,395761,454581,463298,326738,365706,234646,299879,69725,127260,43117,43036,93080,101012,108584,130108,148535,188193,236136,260065,227650,257763,196725,252505,63871,115992,3103485,1751646,442699,230795,793377,391579,92548
2021-06-17T23:59:59+02:00,129013,126521,239704,228979,280056,283487,374700,391820,452323,461492,326157,365001,234411,299525,69660,127148,40922,41240,89126,97612,103820,125431,140795,180612,224886,248802,222506,251903,195094,250371,63613,115575,3069242,1696629,439750,226720,793127,380802,88351
2021-06-16T23:59:59+02:00,125590,122968,234873,224697,275411,279266,369601,387381,449766,459383,325441,364216,234126,299117,69595,127035,39125,39676,85630,94633,99530,121665,132633,173359,212893,237006,216342,244875,193194,248069,63361,115086,3036279,1637460,434271,221171,792613,372865,85774
2021-06-15T23:59:59+02:00,120341,117832,228960,219628,270127,274339,364581,382794,446954,456995,324587,363255,233782,298606,69515,126853,37519,38091,82351,91641,95612,117679,125668,167047,200647,225095,210373,238143,191259,245667,63051,114523,2992077,1580730,432368,215416,792062,365301,83110
2021-06-14T23:59:59+02:00,116075,113450,223784,214766,264815,269414,359346,378076,443852,454429,323806,362408,233471,298219,69453,126734,36578,37213,80124,89592,92948,115208,121618,163365,194127,218659,207300,234673,190140,244214,62838,114138,2950312,1551482,430044,213211,791802,357825,80406
2021-06-13T23:59:59+02:00,114529,112005,221366,212687,262311,267183,357112,376140,442685,453398,323531,362105,233337,298053,69422,126661,35732,36495,78295,87949,90971,113423,118817,160789,190339,215001,204254,231277,189112,242855,62608,113729,2935485,1537705,427624,206032,791485,349701,78396
2021-06-12T23:59:59+02:00,111746,109139,219486,210972,260943,265914,355691,374746,441796,452631,323245,361800,233245,297951,69404,126634,35365,36096,77317,86872,89741,112156,117274,159254,186831,211732,203238,230172,187729,241215,62598,113700,2919419,1524739,426652,206026,791458,342433,78278
2021-06-11T23:59:59+02:00,109088,106526,216616,208378,257320,262763,352585,372036,440088,451160,322809,361351,233113,297745,69376,126579,34702,34992,75346,83545,87540,108656,113219,154161,180211,204358,201162,227818,187130,240453,62537,113602,2895239,1497552,423881,205357,791270,329102,77605
2021-06-10T23:59:59+02:00,104228,102013,210622,203682,250340,257003,346576,366791,435648,447430,321956,360388,232795,297297,69293,126430,33135,33523,71399,79429,82672,103220,106621,146051,168008,190842,195146,220982,185417,238334,62287,113201,2852081,1450947,416894,203647,790425,302307,73550
2021-06-09T23:59:59+02:00,100262,98264,204853,199016,243652,251371,339989,360894,432010,444437,321294,359651,232530,296923,69229,126300,31617,32288,68207,76804,79018,100096,101963,141833,156996,180205,184610,209090,183564,236098,62016,112711,2813599,1397445,408669,199744,789914,291164,68947
2021-06-08T23:59:59+02:00,95599,93609,198307,193516,236736,245409,331801,353677,426955,439808,320467,358659,232161,296442,69149,126164,30553,31446,65640,74537,75779,97397,97426,137967,149483,172791,175976,199457,181769,233874,61784,112346,2762121,1358594,402948,194860,789348,280463,64490
2021-06-07T23:59:59+02:00,92258,90396,192310,188849,230224,240216,324010,347544,423933,437386,319932,358033,231948,296116,69095,126069,29697,30610,63202,72610,72847,95259,93697,135061,141477,165064,171978,194880,180367,232085,61568,111969,2723415,1331717,396863,191611,788779,269518,59705
2021-06-06T23:59:59+02:00,90668,89058,189055,186339,226909,237484,319774,344167,422521,436316,319664,357746,231837,295956,69071,126023,29106,30062,61456,70952,70795,93286,90560,132036,135853,159339,169472,192279,179269,230695,61340,111592,2708189,1320001,389538,182041,788277,259201,57025
2021-06-05T23:59:59+02:00,88655,86950,184214,182127,224447,235338,317962,342524,421518,435381,319374,357421,231688,295789,69057,125991,28661,29338,60290,69059,69422,91189,88905,129834,131149,154066,166494,188646,178790,230042,61306,111527,2684884,1296564,389422,181574,787901,254084,56670
2021-06-04T23:59:59+02:00,86242,84380,180598,178561,220485,231421,314408,338933,419166,433206,318919,356892,231497,295560,69019,125928,28205,28676,59199,67434,68170,89144,87164,127258,127836,150447,162278,183910,177809,228783,61258,111441,2655910,1277996,385646,180811,787778,244057,56321
2021-06-03T23:59:59+02:00,82902,81268,174913,173964,213291,225396,306791,332296,411473,426385,317901,355733,231129,295118,68964,125798,27325,27676,57332,65290,65831,86452,83582,123211,121159,143826,155984,176375,176253,226774,61145,111204,2607458,1249107,375462,175577,787351,231415,53487
2021-06-02T23:59:59+02:00,80818,79078,170923,170331,209717,222326,303270,329012,409458,424571,317496,355288,230977,294914,68936,125749,26878,27207,56231,64211,64300,85218,81568,121314,116241,138985,148148,167460,175540,225824,61060,111034,2579168,1217208,374088,173621,787318,227832,52723
2021-06-01T23:59:59+02:00,76512,75228,162747,163846,200474,214681,294250,321207,401310,416798,315997,353694,230441,294189,68825,125525,25342,25802,51968,61300,59530,81983,76216,116880,108885,131846,137114,154146,173451,223108,60853,110610,2521040,1167524,362550,169556,786572,216124,45989
2021-05-31T23:59:59+02:00,73771,72749,157135,159570,193222,208770,286910,314886,395596,411847,315010,352594,230060,293678,68735,125354,24441,24766,49402,59132,56427,79512,72678,113664,104455,127468,133007,149294,172092,221404,60684,110281,2480823,1145329,353215,167323,785950,205888,40325
2021-05-30T23:59:59+02:00,72720,71691,154696,157573,190648,206447,284181,312399,393726,410123,314656,352190,229901,293442,68698,125274,23853,24007,47848,57446,54735,77704,70513,111164,101839,124645,130869,146797,171309,220482,60592,110073,2465113,1135695,350723,166022,785343,194704,37611
2021-05-29T23:59:59+02:00,72118,71105,153196,156180,188369,204430,282350,310822,392886,409346,314435,351946,229822,293364,68687,125256,23532,23489,46943,55961,53406,75838,68607,108339,99547,121871,128086,143397,170660,219579,60565,110021,2451299,1122222,350581,165961,785264,184222,37591
2021-05-28T23:59:59+02:00,71038,69994,150836,153935,184753,200931,279108,307701,391046,407587,314025,351448,229676,293152,68668,125199,23011,22493,45351,53856,51598,73304,66589,104425,95263,116018,123752,138386,169691,218275,60519,109908,2427716,1099841,349543,165748,785038,169780,37222
2021-05-27T23:59:59+02:00,67734,66993,144391,149032,176620,194712,272764,302575,384771,401945,312770,350018,229218,292622,68600,125017,21702,20822,42132,50829,47754,69535,62079,98472,88959,108564,119874,133814,166913,214598,60347,109596,2383450,1071652,341983,163034,783252,149938,31514
2021-05-26T23:59:59+02:00,65602,64837,139470,144980,170563,189685,266049,296934,378055,395277,311259,348422,228733,291933,68499,124807,20973,19920,40327,48708,45419,66818,59077,94704,84414,103498,114946,128139,163146,209289,60140,109172,2346404,1040000,328853,161479,781460,138557,28800
2021-05-25T23:59:59+02:00,63582,62866,135305,141523,165543,185419,259024,290688,372659,389925,309993,347034,228333,291290,68418,124631,20409,19266,38942,47209,43613,64814,56633,91743,80387,99166,110070,122500,157659,202111,59975,108872,2309123,1008835,321388,158083,778948,129414,27183
2021-05-24T23:59:59+02:00,62361,61676,132580,139455,162291,183031,252129,284745,367759,385270,309181,346121,228047,290911,68347,124504,20070,18871,37935,46153,42288,63349,54987,89757,78177,96686,108676,120865,157062,201337,59867,108676,2285583,999652,310398,156803,777181,122796,25651
2021-05-23T23:59:59+02:00,61862,61163,131492,138579,161104,182004,250895,283731,366179,383847,308573,345464,227876,290689,68327,124468,19845,18693,37397,45610,41551,62669,53846,88779,76715,95345,107518,119486,156089,200126,59801,108539,2274168,991642,309831,153760,777131,121225,25528
2021-05-22T23:59:59+02:00,61169,60543,130025,137520,158754,180397,247949,281455,363713,381645,308050,344871,227699,290423,68302,124418,19530,18274,36792,45016,40916,62149,53203,88061,75958,94213,105977,117697,155325,199159,59774,108485,2256359,985011,309814,153759,777088,117830,24074
2021-05-21T23:59:59+02:00,59865,59117,127169,134963,155539,177119,242800,276737,357671,375991,307120,343786,227403,290026,68242,124311,19172,17913,36185,44256,40276,61111,52261,86680,74263,91949,102768,113781,154196,197722,59683,108311,2220751,972150,308188,153438,775525,111291,23793
2021-05-20T23:59:59+02:00,56823,56340,121466,130125,148648,170836,232543,268024,348683,367744,304593,341055,226641,289024,68110,124095,17885,16983,34031,42020,37847,58237,49459,82941,70360,87487,98692,109206,151764,194738,59507,107957,2163051,953064,301583,151514,769592,93763,20915
2021-05-19T23:59:59+02:00,54627,54160,116481,125475,141526,164269,222052,258708,338200,356910,301969,338201,225899,287988,67962,123819,17311,16206,32819,40447,36454,56193,47466,80186,67147,83933,94842,104774,148156,190041,59247,107465,2097521,929854,295359,149561,766657,84318,19092
2021-05-18T23:59:59+02:00,52553,52206,111725,121241,135206,158724,210528,248374,328379,347170,299308,335243,225028,286796,67811,123564,16797,15611,31628,39005,35118,54419,45677,77806,64277,80725,90865,100272,144985,186002,59037,107030,2037921,909782,286086,146724,763104,75764,17121
2021-05-17T23:59:59+02:00,51527,51221,109412,119208,132437,156094,204049,242405,320846,340121,297533,333284,224445,285980,67704,123356,16367,15175,30605,37973,33973,53148,44214,76030,62053,78353,86064,94456,143533,184128,58887,106715,2011284,898264,273910,139301,759732,69173,15071
2021-05-16T23:59:59+02:00,50751,50566,107987,117897,130703,154441,201107,239740,313433,333196,296517,332157,224138,285498,67652,123259,16088,14807,29867,37203,33108,52236,43167,74732,60738,76898,82667,90418,142751,183058,58802,106578,1996036,892267,263525,132580,756522,65072,13332
2021-05-15T23:59:59+02:00,50218,49935,106991,116917,129696,153337,199187,237822,309892,330008,295900,331470,223942,285227,67632,123195,15950,14649,29615,36902,32821,51808,42688,74090,59906,75925,82075,89610,142238,182397,58767,106531,1979935,887074,263509,132435,755660,63961,12635
2021-05-14T23:59:59+02:00,48979,48525,104761,114841,126128,149910,191035,230804,303622,324162,294930,330338,223655,284781,67585,123101,15452,14228,28839,36094,32062,50628,41619,72322,58355,73988,80187,87137,141633,181415,58727,106444,1942943,877539,261839,131561,751140,58559,11602
2021-05-13T23:59:59+02:00,47073,46588,100958,111640,121448,145821,181064,222265,293054,314396,291967,326922,222844,283643,67485,122895,14595,13787,27992,35402,31304,49739,40687,71250,56864,72438,76441,82824,138894,177832,58617,106230,1891571,865113,253298,124575,744959,54741,10596
2021-05-12T23:59:59+02:00,46169,45887,99053,110220,119406,144176,178530,220167,288329,309087,290804,325652,222602,283322,67447,122810,14433,13638,27680,35188,30909,49455,40250,70879,56339,71878,75129,81235,138127,176718,58531,106070,1868597,859505,251146,122810,744477,54473,9799
2021-05-11T23:59:59+02:00,43944,44421,95067,107168,113638,139466,165231,208946,276740,298383,287421,321760,221649,281925,67298,122513,14011,13077,26682,33777,29796,47680,38969,68625,54649,69632,72076,77678,136787,174903,58374,105714,1810034,847382,241500,120151,736045,46680,8345
2021-05-10T23:59:59+02:00,42705,43459,92495,105185,110409,136851,156879,201959,268911,291303,285254,319322,221075,281066,67173,122274,13675,12636,25931,32796,29013,46434,37989,66782,53441,67907,70010,75147,135649,173402,58255,105428,1774638,838591,235487,119115,729155,39528,7389
2021-05-09T23:59:59+02:00,41593,42691,89844,103457,107768,135096,151894,198564,263434,286409,284023,317942,220699,280538,67108,122129,13367,12422,25245,32134,28289,45635,37206,65831,52509,66962,68789,73751,135058,172577,58201,105298,1755474,834068,228430,118129,723226,34797,6406
2021-05-08T23:59:59+02:00,41303,42396,89006,102732,106703,134266,150476,197366,260912,284375,283525,317400,220579,280359,67092,122097,13266,12361,25117,32045,28144,45508,37019,65641,52177,66650,67843,72840,134001,171222,58154,105205,1743604,829510,227925,117390,723007,34022,6397
2021-05-07T23:59:59+02:00,40379,41682,87095,101406,103903,132073,145890,193589,254720,278905,282199,315808,220233,279900,67040,121974,12523,11878,24300,31323,27390,44458,36159,64388,51005,65148,65609,70171,131800,168427,58065,105027,1718043,819944,224738,115156,718910,27249,5448
2021-05-06T23:59:59+02:00,37748,39967,82388,97965,97961,127353,135779,185121,238359,264556,277103,310044,218947,278221,66866,121658,11840,11363,23371,30222,26403,43117,34809,62392,49279,63189,63133,67074,129717,165695,57952,104808,1652744,808962,214887,112078,708198,18910,4539
2021-05-05T23:59:59+02:00,35872,38779,78764,95393,93395,123724,127992,178619,223668,250573,270935,302921,217378,276235,66620,121135,11612,11090,22843,29501,25809,42198,33891,61001,48139,61787,60556,63991,126812,162033,57854,104560,1586766,796844,209845,108541,702253,14950,3467
2021-05-04T23:59:59+02:00,34782,37680,76055,93096,89913,120696,122452,173904,213090,240337,265464,296484,215942,274395,66412,120666,11452,10890,22445,28966,25357,41442,33191,59932,47053,60529,57859,60842,124464,159118,57704,104327,1537882,785122,204751,105928,696242,11827,2818
2021-05-03T23:59:59+02:00,33919,36632,73787,91294,87050,118360,118030,170278,206473,234352,262201,292635,215144,273316,66291,120372,11212,10623,22059,28397,24886,40749,32516,58971,46036,59396,55098,57518,120718,154247,57448,103892,1506267,769396,201648,104233,691363,9082,1177
2021-05-02T23:59:59+02:00,33576,36317,72625,90401,85600,117272,115622,168424,203395,231855,261245,291549,214856,272907,66226,120264,11146,10555,21875,28190,24664,40466,32181,58569,45585,58926,53915,56074,117680,150593,57365,103762,1495725,764445,198866,98721,687546,8188,314
2021-05-01T23:59:59+02:00,33262,35946,71867,89616,84534,116236,114165,167068,200327,228829,260558,290731,214648,272626,66215,120226,11133,10540,21822,28161,24606,40430,32122,58512,45503,58851,53675,55783,117522,150398,57356,103745,1480712,763146,198865,98682,687283,8143,310
2021-04-30T23:59:59+02:00,32718,35345,70665,88409,83081,114521,110414,163527,192974,221740,258571,288369,214199,272020,66155,120120,10815,10347,21463,27890,24333,40009,31799,57952,45045,58225,52784,54623,116575,149216,57302,103628,1447988,759494,198541,96706,686497,5813,115
2021-04-29T23:59:59+02:00,31230,34406,67784,86411,79477,111937,105333,159448,180231,210244,250673,279288,213006,270396,66021,119774,10513,10138,20991,27445,23911,39513,31227,57214,44252,57300,50967,52445,114738,146998,57202,103435,1393406,750751,191268,94046,681200,3519,95
2021-04-28T23:59:59+02:00,30000,33799,65930,85111,77004,110130,101928,156613,170588,201100,239849,266727,211730,268714,65824,119448,10332,9984,20696,27098,23555,39048,30814,56564,43528,56484,48864,49847,112177,143786,57080,103224,1340923,741309,187936,89531,675876,2294,68
2021-04-27T23:59:59+02:00,29250,33121,64371,83657,75035,108338,99202,154239,165906,196405,231383,256955,210591,267107,65705,119226,10211,9876,20417,26810,23322,38726,30463,56072,42851,55802,46870,47317,109545,140375,56963,103025,1307099,731572,185648,85546,667982,1581,67
2021-04-26T23:59:59+02:00,28824,32745,63287,82786,73558,107190,96947,152547,157335,188429,227204,252128,209886,266120,65615,119029,10120,9789,20208,26630,23088,38510,30172,55741,42248,55232,45081,45190,107665,137908,56868,102872,1278326,723702,184214,82474,661327,1202,64
2021-04-25T23:59:59+02:00,28577,32508,62516,82272,72505,106465,95237,151335,152045,183600,222912,247293,209302,265347,65550,118908,10065,9756,20131,26558,23004,38431,30064,55617,42089,55073,44669,44695,106990,137003,56840,102802,1265696,722056,178083,80715,652828,1073,63
2021-04-24T23:59:59+02:00,28235,32082,61585,81061,71327,105029,93700,149687,147171,178477,220136,243977,208833,264678,65516,118858,10051,9739,20090,26519,22956,38367,29985,55533,41940,54938,44432,44388,106742,136710,56819,102774,1240959,720986,178060,80023,651567,1031,62
2021-04-23T23:59:59+02:00,27492,31467,60035,79564,69552,103019,91129,147070,142432,174115,215600,238455,208181,263688,65454,118743,10001,9680,19981,26434,22825,38220,29753,55329,41579,54611,43816,43633,105688,135436,56663,102500,1216236,717666,176888,77562,643102,979,61
2021-04-22T23:59:59+02:00,26880,30867,58516,78136,67097,100823,87030,143599,134427,166664,206599,227495,206143,261060,65257,118348,9875,9584,19736,26144,22477,37790,29242,54818,40825,53976,42654,42311,103706,133001,56435,102103,1174881,710261,169469,73621,634817,853,61
2021-04-21T23:59:59+02:00,26396,30350,57200,77041,65231,99211,84015,140971,127278,159882,193572,212210,203998,258175,65032,117925,9747,9499,19508,25901,22195,37474,28894,54375,40281,53449,41816,41299,101535,130239,56186,101695,1123608,703797,166600,69571,628502,783,61
2021-04-20T23:59:59+02:00,25973,29885,56052,75905,63578,97642,81489,138411,122221,154848,182138,198811,201579,255053,64800,117504,9649,9410,19293,25716,21904,37209,28493,53971,39748,52919,41009,40375,99333,127273,55852,101160,1081195,696338,163126,66329,621790,706,60
2021-04-19T23:59:59+02:00,25614,29532,55098,75091,62307,96476,79382,136498,118721,151489,176430,192000,199876,252835,64620,117177,9543,9320,19067,25502,21665,36943,28186,53587,39251,52398,40218,39472,96254,123321,55448,100453,1056789,686072,161307,63945,615272,671,59
2021-04-18T23:59:59+02:00,25311,29273,54332,74549,61187,95539,77542,135087,115380,149109,171352,186484,198867,251611,64512,116987,9471,9246,18882,25332,21490,36779,27973,53314,38994,52151,39894,39090,95043,121783,55267,100158,1042906,682245,159643,62023,604791,659,59
2021-04-17T23:59:59+02:00,25201,29181,53961,74355,60674,95189,76893,134491,114537,148373,167118,181615,198333,250887,64477,116922,9426,9188,18744,25147,21304,36549,27750,53041,38731,51886,39600,38771,94288,120859,55203,100076,1032060,678270,159616,61710,600748,643,59
2021-04-16T23:59:59+02:00,24832,28934,52980,73756,59402,94314,75285,133169,110423,144258,159522,172887,196686,248684,64368,116714,9221,9016,18361,24729,20732,35982,26671,52156,36745,50310,36352,35905,91144,117388,54801,99422,1006299,663479,158836,54908,591295,607,59
2021-04-15T23:59:59+02:00,24356,28481,51740,72594,57458,92597,72035,130339,104968,139001,151693,163949,192042,242822,64074,116097,9048,8856,17995,24310,20242,35328,25998,51369,35368,49088,34266,33905,88065,113684,54296,98567,974204,650530,156786,49360,573469,555,58
2021-04-14T23:59:59+02:00,24012,28155,50809,71661,56121,91213,69663,128189,100999,135249,142531,153607,184315,232954,63735,115433,8645,8591,17522,23809,19713,34690,25093,50497,34093,47974,32240,31771,85105,110062,53807,97711,936431,635774,154123,45153,558304,457,57
2021-04-13T23:59:59+02:00,23779,27940,50121,71124,55188,90398,68037,126792,97284,131833,130748,140523,177947,224641,63395,114846,8412,8422,17183,23408,19295,34165,24437,49706,33035,46971,30865,30419,83001,107715,53452,97172,903327,626610,149620,40775,541861,334,57
2021-04-12T23:59:59+02:00,23572,27756,49577,70620,54333,89672,66594,125513,94674,129516,123668,132526,174728,220699,63126,114356,8177,8238,16830,23115,18932,33733,23972,49174,32370,46353,29351,28890,81348,105785,53127,96652,886993,618252,148096,37534,526050,320,57
2021-04-11T23:59:59+02:00,23402,27598,49059,70200,53609,89222,65469,124714,92831,128046,118205,126541,170815,216109,62958,114062,8047,8104,16534,22837,18617,33429,23616,48795,31927,45972,28718,28229,80332,104545,52919,96335,879576,612994,143700,35712,509773,308,56
2021-04-10T23:59:59+02:00,23342,27545,48894,70070,53413,89067,65149,124448,92312,127613,116129,124019,169384,214262,62917,113961,7464,7502,15647,22059,17663,32592,22497,47766,30818,44981,28060,27517,78246,101945,52652,95900,872619,597728,142852,35334,507264,304,54
2021-04-09T23:59:59+02:00,23097,27298,48400,69585,52779,88390,64164,123327,90495,125714,107342,113111,166019,209869,62717,113605,6506,6606,14127,20741,15948,31042,20368,45808,28625,42984,26292,25705,74759,97783,52112,95062,853291,570406,135830,33829,497003,291,49
2021-04-08T23:59:59+02:00,22805,27056,47824,69100,52037,87694,62870,122253,88090,123554,97075,101167,160504,203042,62392,113041,5867,6023,12945,19732,14693,29712,18736,44110,26137,40655,23290,22752,70139,92053,50980,93318,834728,539059,126973,31890,479020,252,44
2021-04-07T23:59:59+02:00,22494,26830,47025,68649,51120,87097,61491,121279,84976,121125,87931,90938,153525,194281,62100,112480,5488,5704,12292,19060,13883,28890,17698,43069,24238,38765,20761,20240,66205,87309,49992,91710,814440,515719,121400,29425,457718,218,40
2021-04-06T23:59:59+02:00,22286,26673,46503,68271,50537,86580,60465,120504,82879,119386,80188,82166,147189,186339,61758,111853,5299,5548,11947,18712,13537,28465,17165,42514,23383,37962,19642,19215,63067,83237,49075,90338,795239,502455,118200,26505,440354,206,38
2021-04-05T23:59:59+02:00,22190,26549,46195,67932,50159,86182,59923,119816,81705,118234,75729,77095,142204,180255,61556,111537,5161,5409,11686,18462,13244,28153,16848,42146,22940,37502,19180,18747,60212,79698,48380,89275,785854,493187,116458,23716,425163,201,36
2021-04-04T23:59:59+02:00,22143,26492,46077,67668,49991,85870,59648,119316,81201,117607,74296,75394,141505,179281,61519,111455,5159,5403,11671,18450,13233,28137,16831,42130,22846,37430,18774,18424,58779,77856,48176,88964,783337,488419,116359,23715,419984,193,33
2021-04-03T23:59:59+02:00,22081,26412,45955,67562,49830,85695,59332,119006,80634,117034,72956,73765,140393,177746,61436,111307,5151,5396,11658,18432,13210,28117,16797,42084,22741,37359,18639,18275,58429,77299,48087,88820,777000,486651,116318,23715,418043,193,32
2021-04-02T23:59:59+02:00,22005,26330,45797,67399,49614,85449,58866,118556,79760,116224,71404,71888,138122,174772,61239,110949,5133,5359,11613,18393,13157,28036,16709,41938,22471,36883,18282,17914,56097,74426,47278,87728,767923,478213,114549,23076,416119,193,31
2021-04-01T23:59:59+02:00,21804,26124,45383,66881,48981,84714,57996,117621,77881,114563,68152,68472,134056,169616,60921,110384,4990,5220,11348,18133,12935,27803,16388,41631,21974,36445,17477,17178,51298,68423,45611,85277,756321,460310,108482,21711,408964,178,27
2021-03-31T23:59:59+02:00,21477,25905,44983,66364,48494,84069,57275,116686,76733,113327,66118,66164,129319,163513,60518,109662,4912,5170,11253,18016,12779,27655,16156,41364,21386,35938,16355,16282,46115,62038,44242,83308,746607,442101,101353,20770,402868,169,24
2021-03-30T23:59:59+02:00,21306,25685,44588,65749,47995,83275,56575,115636,75602,111962,64288,64150,124951,157776,60052,108763,4844,5087,11151,17892,12589,27467,15834,41042,20818,35392,15527,15482,43372,58644,43133,81524,736475,430320,97146,19415,394955,135,20
2021-03-29T23:59:59+02:00,21109,25446,44133,65200,47522,82586,55842,114566,74393,110535,61815,61419,118239,149158,59282,107370,4749,5019,11047,17784,12438,27303,15588,40725,20363,34927,14879,14944,40793,55668,42031,79712,716029,419178,93735,18742,389073,121,20
2021-03-28T23:59:59+02:00,20906,25159,43638,64518,47009,81850,55167,113567,73457,109438,60562,59991,113550,143200,58838,106614,4695,4961,10902,17642,12189,27006,15397,40479,20197,34698,14644,14703,39720,54263,41683,79178,709529,414912,86449,17420,381708,96,20
2021-03-27T23:59:59+01:00,20790,25005,43346,64156,46651,81324,54671,112878,72796,108706,59422,58920,112074,141498,58771,106535,4682,4949,10875,17623,12171,26977,15038,40056,19801,34262,14352,14491,39236,53580,41210,78363,704308,410880,85753,16768,377703,89,20
2021-03-26T23:59:59+01:00,20539,24496,42550,62463,45692,79313,53343,109868,70795,105116,57418,57047,109330,138275,58445,106022,4662,4916,10852,17572,12102,26887,14960,39947,19467,33679,13887,13845,36184,49755,39157,75129,692983,396446,82456,16551,365491,75,20
2021-03-25T23:59:59+01:00,20107,23825,41680,60708,44607,76767,51836,106360,68412,101364,54835,54419,106029,134316,57874,105034,4616,4864,10762,17470,11984,26747,14779,39730,19195,33375,13413,13360,32355,44736,36172,70617,681595,378215,78268,15959,348527,71,19
2021-03-24T23:59:59+01:00,19711,23389,40914,59453,43604,75251,50474,104452,66339,99048,52067,51516,101793,129234,57237,103958,4562,4798,10670,17334,11821,26548,14551,39448,18830,32957,12960,12910,29799,41531,33065,65792,668849,362722,73409,14861,336401,67,15
2021-03-23T23:59:59+01:00,19465,23093,40359,58550,42889,74169,49448,102946,64699,97198,49786,49182,99045,126032,56679,103126,4504,4730,10572,17211,11675,26369,14312,39141,18421,32573,12459,12405,27377,38444,29412,59909,660788,345252,70072,14273,326024,62,14
2021-03-22T23:59:59+01:00,19249,22686,39728,57677,42229,73136,48513,101565,63232,95578,47972,47317,96654,123294,56206,102351,4444,4683,10487,17097,11546,26194,14156,38902,18185,32273,12152,12036,25553,36103,25484,53563,654533,329148,67269,13722,315802,61,14
2021-03-21T23:59:59+01:00,19114,22429,39243,56926,41687,72295,47870,100416,62296,94355,46930,46298,95015,121450,55837,101773,4431,4676,10452,17050,11502,26109,14096,38812,18105,32174,12033,11905,25126,35654,25131,53006,651971,326969,65246,13310,306931,56,13
2021-03-20T23:59:59+01:00,19054,22284,39033,56436,41451,71737,47562,99787,61859,93754,46281,45533,92423,118226,55552,101288,4422,4670,10443,17038,11475,26093,14054,38776,18023,32100,11874,11745,24489,34880,24370,51923,645534,323271,64801,13121,302137,56,13
2021-03-19T23:59:59+01:00,18703,21721,37905,54323,40177,69753,45843,97712,58989,91002,41857,41677,87223,112479,54854,100208,4403,4657,10411,16992,11412,25983,13967,38608,17789,31806,11524,11469,22825,32829,22694,49367,627844,314001,57616,12759,289174,48,13
2021-03-18T23:59:59+01:00,18312,21076,36735,52176,38642,66969,43700,93261,55153,85217,37846,37898,82503,107010,53769,98550,4383,4630,10343,16891,11334,25830,13819,38413,17569,31603,11292,11288,21582,31320,20987,46774,610975,305940,51885,12149,266159,40,13
2021-03-17T23:59:59+01:00,17895,20727,36013,51263,37884,66021,42624,91912,53373,83394,35188,35124,78487,102192,52825,97078,4360,4606,10281,16799,11263,25697,13706,38227,17372,31413,11057,11067,20348,29915,19399,44376,594374,298474,47496,11444,260328,37,13
2021-03-16T23:59:59+01:00,17539,20310,35271,50199,37072,64833,41530,90251,51541,81410,32992,33114,74497,97279,51946,95768,4310,4558,10209,16673,11173,25547,13609,37991,17237,31171,10887,10892,19074,28405,17923,42062,581207,290746,42815,11010,251726,35,11
2021-03-15T23:59:59+01:00,17263,19949,34568,49224,36286,63647,40632,88774,50288,79812,31277,31281,71220,93195,51250,94635,4289,4526,10144,16551,11107,25347,13495,37704,17088,30900,10721,10733,18353,27446,16671,40206,570120,284969,39499,10362,243885,31,0
2021-03-14T23:59:59+01:00,16995,19522,33718,48020,35387,62333,39585,86949,49045,78093,30115,30053,69231,90638,50807,93960,4264,4508,10099,16474,11050,25206,13435,37482,16999,30738,10653,10651,18172,27165,16409,39647,563030,283784,37628,9228,233992,21,0
2021-03-13T23:59:59+01:00,16190,18488,32249,46032,33826,60239,37563,83930,46934,75586,28775,28710,67220,88024,50537,93569,4264,4508,10097,16469,11047,25199,13427,37475,16994,30730,10616,10618,17432,26280,15366,38198,546707,279551,37343,9227,224009,21,0
2021-03-12T23:59:59+01:00,15087,17114,29812,43389,31165,57105,34706,79079,43732,71136,25944,25528,62923,82727,49559,92169,4253,4474,10080,16407,11029,25148,13381,37360,16904,30601,10344,10392,16553,25040,14299,36681,518738,273788,36034,9216,206585,18,0
2021-03-11T23:59:59+01:00,14051,15656,27579,40703,28849,53924,32121,74701,39990,66255,22551,22064,56936,75425,47632,89332,4212,4440,10001,16290,10919,24924,13265,37050,16740,30299,10044,10181,15924,24206,13632,35409,486789,269815,34447,7782,186702,15,0
2021-03-10T23:59:59+01:00,13457,14958,26178,39094,27206,52110,30569,72394,37479,63139,19812,19519,51030,68296,46084,86994,4179,4396,9903,16124,10801,24674,13119,36631,16541,29930,9813,9999,15183,23432,12974,34385,460434,265104,32409,7043,175642,12,0
2021-03-09T23:59:59+01:00,13174,14492,25065,38057,25798,50932,29517,70743,36101,61309,18640,18402,47529,63870,44961,85209,4155,4371,9819,15958,10699,24415,12967,36316,16368,29695,9690,9897,14523,22597,12480,33613,446887,261414,29889,6211,167176,12,0
2021-03-08T23:59:59+01:00,12845,13892,23985,36956,24532,49793,28583,69263,34872,59695,17565,17525,43420,58886,43733,83227,4140,4336,9758,15760,10597,24162,12835,35960,16242,29430,9611,9820,14029,21993,12166,33173,431456,258262,27884,5820,159582,4,0
2021-03-07T23:59:59+01:00,12612,13600,23393,36107,23837,48920,27985,68393,34269,58946,17305,17277,42355,57443,43368,82664,4128,4323,9738,15719,10570,24089,12804,35791,16185,29317,9590,9792,13833,21740,12030,32971,426721,257211,26074,5482,155826,0,0
2021-03-06T23:59:59+01:00,12500,13310,22993,35374,23310,48133,26944,66872,33174,57186,16920,16949,41711,56556,43067,82197,4125,4309,9727,15694,10552,24056,12794,35749,16167,29286,9573,9751,13787,21702,11928,32763,422673,256835,26010,5201,148658,0,0
2021-03-05T23:59:59+01:00,12090,12711,22315,34178,22630,46907,26191,65251,31945,54770,16278,16119,38254,52254,40911,78755,4097,4263,9657,15595,10503,23909,12726,35555,16083,29081,9478,9682,13603,21494,11566,32161,407501,255160,24561,4366,139635,0,0
2021-03-04T23:59:59+01:00,11330,11707,21131,32459,21416,44868,24838,62601,30255,52417,15551,15405,34256,47094,37839,74073,4052,4177,9550,15312,10401,23555,12594,35033,15939,28687,9308,9534,13447,21284,11482,32016,389097,252168,22492,4274,125787,0,0
2021-03-03T23:59:59+01:00,11025,11221,20445,31249,20648,43526,23939,60862,29217,50785,15077,14905,31652,43775,34756,69308,4012,4115,9471,15145,10322,23308,12490,34615,15763,28341,9128,9408,13323,21070,11336,31747,373690,249553,21701,4112,117131,0,0
2021-03-02T23:59:59+01:00,10763,10799,19802,30284,19935,42513,23162,59481,28251,49514,14450,14261,28979,40405,30874,63095,3965,4044,9410,14982,10255,23049,12390,34190,15663,28035,9004,9306,13186,20882,11260,31602,355539,247181,20195,4111,110959,0,0
2021-03-01T23:59:59+01:00,10591,10540,19292,29484,19375,41636,22574,58412,27540,48394,14036,13807,26912,37820,26629,56220,3950,3996,9356,14828,10193,22754,12312,33813,15558,27712,8922,9246,13007,20618,11150,31425,338364,244797,19086,4111,105935,0,0
2021-02-28T23:59:59+01:00,10424,10341,18826,28842,18846,40902,22097,57563,27055,47605,13829,13568,26307,37161,26225,55618,3935,3983,9331,14797,10175,22706,12295,33746,15532,27669,8896,9222,12877,20443,11088,31276,335932,243962,18229,4077,101169,0,0
2021-02-27T23:59:59+01:00,10244,9826,18497,27975,18588,40118,21812,56583,26727,46813,13553,13266,25641,36358,25304,54200,3924,3973,9310,14777,10144,22658,12256,33665,15491,27596,8875,9206,12868,20427,11084,31271,332028,243617,17508,3976,96088,0,0
2021-02-26T23:59:59+01:00,9449,9040,17597,26538,17808,37913,20886,53738,25271,43993,13088,12867,24055,34373,23783,51896,3843,3906,9232,14617,10071,22403,12175,33300,15375,27304,8795,9124,12802,20359,11043,31201,322934,241715,17255,3902,82220,0,0
2021-02-25T23:59:59+01:00,8292,8189,16278,24939,16544,35653,19651,50860,23566,41215,12615,12472,22777,32783,22289,49614,3721,3763,9071,14306,9854,21802,11924,32453,15054,26655,8601,8972,12544,20037,10902,30933,315323,237602,16488,3057,66038,0,0
2021-02-24T23:59:59+01:00,7927,7667,15625,23904,15917,34414,18936,49350,22776,40017,12220,12137,21476,31287,20610,46991,3648,3697,8931,14018,9681,21352,11728,31831,14793,26121,8462,8835,12402,19865,10837,30722,307095,234844,15525,2144,58744,0,0
2021-02-23T23:59:59+01:00,7443,7192,14815,22736,15233,33197,18217,47944,22057,38950,11916,11815,20140,29718,18999,44439,3608,3624,8811,13816,9546,20957,11542,31255,14495,25624,8293,8693,12277,19655,10767,30491,299005,232033,14725,1485,51189,0,0
2021-02-22T23:59:59+01:00,7336,6986,14432,22119,14884,32472,17755,46938,21563,38218,11721,11567,19396,28714,17688,42489,3578,3524,8675,13524,9382,20457,11288,30520,14123,25030,8047,8503,12079,19404,10663,30187,293166,228744,14114,303,47105,0,0
2021-02-21T23:59:59+01:00,7246,6861,14112,21680,14465,31890,17341,46284,21129,37726,11617,11467,19234,28501,17441,42156,3540,3485,8593,13401,9307,20240,11216,30230,14002,24763,7985,8441,12023,19297,10592,30026,292032,226914,13743,289,43479,0,0
2021-02-20T23:59:59+01:00,7129,6812,13987,21601,14349,31756,17222,46134,20972,37545,11518,11385,18457,27585,16387,40687,3538,3479,8583,13393,9297,20219,11202,30205,13989,24753,7980,8433,11960,19235,10539,29959,287790,226538,13547,288,42290,0,0
2021-02-19T23:59:59+01:00,6828,6560,13634,21163,13979,31087,16749,45340,20268,36677,10918,10986,17414,26255,15230,39079,3458,3456,8508,13366,9256,20164,11164,30114,13930,24659,7937,8374,11738,18962,10346,29628,281421,224835,13172,287,37671,0,0
2021-02-18T23:59:59+01:00,6433,6088,13007,20024,13340,29713,15934,43468,19398,35100,10691,10768,16824,25504,14654,38196,3273,3320,8175,12830,8964,19419,10815,29078,13566,23838,7731,8066,11153,18011,9849,28478,277858,216341,12590,287,28789,0,0
2021-02-17T23:59:59+01:00,6270,5744,12562,19144,12852,28521,15236,41746,18751,33777,10469,10517,16069,24690,13877,37006,3023,3160,7836,12318,8662,18633,10446,28037,13175,22989,7500,7830,10597,17164,9411,27662,273191,208218,11859,285,22273,0,0
2021-02-16T23:59:59+01:00,5946,5444,12025,18309,12352,27439,14691,40365,18160,32743,10317,10413,15401,23861,13370,36219,2841,3041,7535,11870,8357,17910,10052,26954,12711,22095,7230,7538,9880,15994,8685,26113,269652,198735,11363,131,16129,0,0
2021-02-15T23:59:59+01:00,5841,5268,11733,17670,12086,26658,14343,39373,17813,31973,10192,10304,14843,23208,13009,35680,2752,2961,7346,11550,8140,17409,9754,26115,12362,21415,6949,7256,9180,14939,8171,24835,266559,191108,10760,86,12764,0,0
2021-02-14T23:59:59+01:00,5574,5154,11485,17398,11865,26222,14110,38928,17622,31696,10147,10253,14609,22869,12844,35286,2702,2923,7232,11386,8013,17204,9579,25784,12185,21115,6854,7133,8960,14555,7986,24301,265558,187885,9825,86,10767,0,0
2021-02-13T23:59:59+01:00,5514,5116,11435,17362,11835,26191,14083,38896,17603,31677,10134,10226,14582,22841,12834,35270,2698,2920,7227,11379,8001,17185,9564,25751,12158,21071,6825,7100,8806,14344,7635,23675,265323,186390,9824,8,10540,0,0
2021-02-12T23:59:59+01:00,4998,4797,10864,17000,11517,25642,13764,38252,17276,31036,10024,10120,14400,22627,12754,35161,2648,2887,7135,11224,7900,16955,9416,25362,11943,20628,6645,6870,8445,13784,7043,22336,263634,181273,9813,7,6872,0,0
2021-02-11T23:59:59+01:00,4537,4497,10279,16321,11105,24839,13285,36992,16786,30177,9712,9864,14119,22180,12474,34478,2481,2615,6537,10039,7214,15228,8563,22759,10897,18556,6000,6158,7402,12170,6228,20018,260423,162916,8174,4,3133,0,0
2021-02-10T23:59:59+01:00,4290,4331,9943,15870,10797,24300,12974,36109,16370,29426,9500,9726,13939,21974,12382,34271,2122,2328,5606,8595,6426,13195,7579,19875,9787,16539,5457,5575,6422,10518,5456,17974,257775,143499,7678,2,834,0,0
2021-02-09T23:59:59+01:00,4227,4233,9820,15602,10688,23900,12804,35488,16157,28954,9322,9592,13746,21765,12241,34049,1727,1978,4833,7339,5658,11409,6664,17379,8705,14552,4880,4948,5381,8972,4728,15884,255341,125079,6901,1,430,0,0
2021-02-08T23:59:59+01:00,4195,4180,9728,15393,10579,23542,12685,35025,16017,28595,9228,9526,13545,21485,12136,33861,1563,1786,4278,6358,5002,9846,5856,14870,7693,12714,4330,4426,4406,7400,3969,13824,252990,108360,6386,1,425,0,0
2021-02-07T23:59:59+01:00,4028,4115,9573,15259,10477,23375,12606,34762,15905,28403,9188,9481,13402,21304,12064,33718,1350,1540,3861,5687,4592,8969,5432,13716,7211,11770,4074,4169,4178,7009,3811,13230,251897,100635,5842,1,0,0,0
2021-02-06T23:59:59+01:00,4019,4106,9563,15244,10464,23339,12584,34713,15888,28346,9168,9467,13384,21269,11959,33522,1198,1344,3630,5381,4406,8544,5212,13129,6931,11213,3937,4032,4054,6860,3533,12773,251555,96210,5559,1,0,0,0
2021-02-05T23:59:59+01:00,3946,4039,9491,15103,10397,23089,12499,34342,15773,28065,9085,9392,13311,21194,11610,32925,1056,1115,3350,4939,4148,7966,4895,12354,6546,10486,3676,3788,3894,6634,3031,11890,249671,89799,4667,0,0,0,0
2021-02-04T23:59:59+01:00,3889,3916,9371,14787,10222,22544,12310,33548,15556,27503,8962,9281,13087,20902,11497,32724,793,781,2529,3695,3214,6231,3946,9817,5226,8277,2997,3081,3273,5656,2638,10400,245733,72576,4443,0,0,0,0
2021-02-03T23:59:59+01:00,3821,3845,9265,14565,10118,22207,12178,33038,15406,27077,8853,9166,12945,20724,11421,32558,658,613,1909,2787,2482,4816,2982,7544,3995,6243,2191,2221,2393,4195,1911,7797,242989,54754,4275,0,0,0,0
2021-02-02T23:59:59+01:00,3755,3753,9164,14373,10022,21825,12034,32472,15206,26622,8730,9052,12823,20514,11337,32290,522,486,1443,2057,1899,3623,2242,5742,2976,4670,1552,1524,1630,2761,1330,5186,239774,39655,4273,0,0,0,0
2021-02-01T23:59:59+01:00,3715,3663,9083,14140,9916,21440,11897,31836,15025,26119,8612,8905,12715,20371,11286,32115,389,352,1003,1419,1251,2410,1458,3764,1848,2959,981,970,967,1684,762,3008,236640,25233,4273,0,0,0,0
2021-01-31T23:59:59+01:00,3697,3628,9030,14031,9847,21240,11833,31542,14925,25923,8557,8847,12664,20259,11242,31986,359,331,883,1231,1062,2040,1258,3212,1615,2593,883,879,863,1503,691,2703,235163,22112,4162,0,0,0,0
2021-01-30T23:59:59+01:00,3697,3625,9020,14019,9833,21218,11820,31522,14913,25909,8553,8842,12606,20197,11193,31924,342,307,824,1148,1005,1917,1194,3024,1540,2456,855,853,845,1463,676,2651,234849,21105,4116,0,0,0,0
2021-01-29T23:59:59+01:00,3637,3611,8960,13990,9804,21169,11788,31447,14869,25842,8529,8819,12420,19973,11013,31681,275,224,705,977,861,1557,1041,2635,1330,2132,767,763,796,1408,658,2598,233635,18730,3991,0,0,0,0
2021-01-28T23:59:59+01:00,3518,3525,8757,13602,9584,20657,11558,30869,14544,25345,8393,8719,11986,19353,10657,31100,129,57,287,358,375,603,455,1138,604,955,407,421,466,809,376,1570,228852,9011,3389,0,0,0,0
2021-01-27T23:59:59+01:00,3287,3390,8464,13187,9283,20037,11176,30037,14158,24608,8178,8507,11438,18552,10232,30339,77,33,199,220,240,408,302,791,425,657,309,307,346,603,283,1149,222159,6349,2784,0,0,0,0
2021-01-26T23:59:59+01:00,3119,3293,8183,12851,9020,19467,10872,29279,13761,23981,7942,8286,10860,17638,9585,29187,73,29,184,210,224,374,286,740,394,596,294,282,319,541,257,1019,215451,5822,1943,0,0,0,0
2021-01-25T23:59:59+01:00,3032,3199,7902,12370,8730,18761,10486,28279,13281,23219,7659,8088,10241,16822,9130,28287,65,21,164,189,192,318,247,621,342,493,257,238,265,465,209,831,209156,4917,398,0,0,0,0
2021-01-24T23:59:59+01:00,2988,3179,7817,12292,8658,18637,10377,28119,13153,23037,7618,8053,10176,16711,9082,28191,64,20,160,185,190,305,244,601,334,479,248,234,263,458,205,816,207857,4806,298,0,0,0,0
2021-01-23T23:59:59+01:00,2987,3178,7816,12290,8654,18628,10376,28107,13147,23032,7612,8051,10051,16547,8755,27604,63,20,160,185,189,304,242,601,332,479,248,234,263,458,205,815,206605,4798,297,0,0,0,0
2021-01-22T23:59:59+01:00,2925,3132,7693,12178,8571,18489,10267,27937,13067,22918,7582,8018,9853,16245,8237,26580,63,20,159,185,189,304,242,601,331,479,248,234,263,458,205,815,203462,4796,297,0,0,0,0
2021-01-21T23:59:59+01:00,2843,2964,7194,11266,8086,17348,9732,26318,12463,21701,7298,7689,9213,15284,7712,25509,57,18,144,171,173,274,217,525,294,440,222,207,232,378,175,684,192387,4211,297,0,0,0,0
2021-01-20T23:59:59+01:00,2484,2619,6316,9865,7343,15394,8780,23493,11354,19633,6698,7038,8123,13524,6900,23300,56,18,143,166,170,272,210,512,283,418,210,200,226,353,162,646,172627,4045,294,0,0,0,0
2021-01-19T23:59:59+01:00,2042,2262,5418,8486,6481,13506,7761,20706,10086,17394,5941,6156,6737,11334,5880,20246,39,11,94,123,114,169,147,348,184,291,133,115,137,235,113,479,150273,2732,213,0,0,0,0
2021-01-18T23:59:59+01:00,1768,1976,4664,7108,5528,11273,6574,17118,8662,14690,5067,5284,5355,9089,4809,16770,21,6,36,45,52,78,64,156,72,146,59,54,64,131,62,220,125693,1266,90,0,0,0,0
2021-01-17T23:59:59+01:00,1491,1688,4153,6315,5022,10142,6039,15543,8023,13428,4726,4934,4983,8415,4481,15765,8,2,8,14,15,27,18,47,26,56,23,23,18,31,13,47,115101,376,88,0,0,0,0
2021-01-16T23:59:59+01:00,1324,1483,3937,5995,4842,9702,5780,14877,7693,12735,4537,4706,4772,8140,4126,15161,0,0,0,0,1,2,1,1,1,2,0,1,0,0,0,1,109844,10,5,0,0,0,0
2021-01-15T23:59:59+01:00,1174,1257,3683,5576,4589,9137,5488,14038,7285,11936,4245,4413,4586,7833,3591,14115,0,0,0,0,0,0,0,0,0,0,0,0,0,0,0,0,102979,0,3,0,0,0,0
2021-01-14T23:59:59+01:00,899,941,2939,4391,3723,7322,4546,11298,5891,9592,3448,3550,3855,6620,3108,12312,0,0,0,0,0,0,0,0,0,0,0,0,0,0,0,0,84463,0,0,0,0,0,0
2021-01-13T23:59:59+01:00,763,787,2468,3663,3138,6104,3777,9367,4799,7722,2576,2638,2909,5040,2376,9411,0,0,0,0,0,0,0,0,0,0,0,0,0,0,0,0,67562,0,0,0,0,0,0
2021-01-12T23:59:59+01:00,632,658,2068,3007,2583,4964,3027,7551,3783,6070,1847,1819,1987,3408,1680,6419,0,0,0,0,0,0,0,0,0,0,0,0,0,0,0,0,51524,0,0,0,0,0,0
2021-01-11T23:59:59+01:00,491,524,1726,2435,2074,3965,2344,5741,2811,4406,1188,1124,1192,1999,920,3643,0,0,0,0,0,0,0,0,0,0,0,0,0,0,0,0,36600,0,0,0,0,0,0
2021-01-10T23:59:59+01:00,435,454,1468,2011,1733,3246,1935,4755,2335,3688,1047,1000,1048,1755,819,3192,0,0,0,0,0,0,0,0,0,0,0,0,0,0,0,0,30933,0,0,0,0,0,0
2021-01-09T23:59:59+01:00,403,410,1345,1835,1588,2956,1782,4309,2150,3357,972,930,989,1701,801,3150,0,0,0,0,0,0,0,0,0,0,0,0,0,0,0,0,28688,0,0,0,0,0,0
2021-01-08T23:59:59+01:00,306,282,1100,1495,1310,2291,1465,3535,1780,2744,840,825,901,1579,756,2999,0,0,0,0,0,0,0,0,0,0,0,0,0,0,0,0,24216,0,0,0,0,0,0
2021-01-07T23:59:59+01:00,143,76,393,505,475,783,588,1357,776,1198,466,478,559,961,463,1906,0,0,0,0,0,0,0,0,0,0,0,0,0,0,0,0,11128,0,0,0,0,0,0
2021-01-06T23:59:59+01:00,108,44,264,283,304,507,394,919,526,821,358,359,423,747,357,1440,0,0,0,0,0,0,0,0,0,0,0,0,0,0,0,0,7855,0,0,0,0,0,0
2021-01-05T23:59:59+01:00,84,31,186,229,237,421,316,810,443,702,342,343,406,714,350,1385,0,0,0,0,0,0,0,0,0,0,0,0,0,0,0,0,7000,0,0,0,0,0,0
2021-01-04T23:59:59+01:00,67,25,169,192,196,328,252,627,349,510,267,251,285,516,233,927,0,0,0,0,0,0,0,0,0,0,0,0,0,0,0,0,5194,0,0,0,0,0,0
2021-01-03T23:59:59+01:00,65,21,163,187,192,314,250,612,341,493,260,249,281,503,231,910,0,0,0,0,0,0,0,0,0,0,0,0,0,0,0,0,5072,0,0,0,0,0,0
2021-01-02T23:59:59+01:00,65,21,163,187,192,314,248,612,338,493,260,249,281,503,231,909,0,0,0,0,0,0,0,0,0,0,0,0,0,0,0,0,5066,0,0,0,0,0,0
2021-01-01T23:59:59+01:00,64,21,162,187,192,313,248,612,336,491,260,249,281,502,231,909,0,0,0,0,0,0,0,0,0,0,0,0,0,0,0,0,5058,0,0,0,0,0,0
2020-12-31T23:59:59+01:00,64,21,162,185,192,312,247,611,335,490,260,249,281,502,231,909,0,0,0,0,0,0,0,0,0,0,0,0,0,0,0,0,5051,0,0,0,0,0,0
2020-12-30T23:59:59+01:00,63,21,162,184,190,309,247,610,335,488,260,249,281,502,231,909,0,0,0,0,0,0,0,0,0,0,0,0,0,0,0,0,5041,0,0,0,0,0,0
2020-12-29T23:59:59+01:00,46,12,114,140,141,211,180,437,236,374,179,164,193,373,170,709,0,0,0,0,0,0,0,0,0,0,0,0,0,0,0,0,3679,0,0,0,0,0,0
2020-12-28T23:59:59+01:00,25,8,62,77,80,121,99,247,117,232,98,93,102,200,103,388,0,0,0,0,0,0,0,0,0,0,0,0,0,0,0,0,2052,0,0,0,0,0,0
2020-12-27T23:59:59+01:00,11,3,17,26,36,46,35,85,36,94,32,29,39,73,32,145,0,0,0,0,0,0,0,0,0,0,0,0,0,0,0,0,739,0,0,0,0,0,0
