Datum,<15_1_m,<15_1_w,15-24_1_m,15-24_1_w,25-34_1_m,25-34_1_w,35-44_1_m,35-44_1_w,45-54_1_m,45-54_1_w,55-64_1_m,55-64_1_w,65-74_1_m,65-74_1_w,75-84_1_m,75-84_1_w,>84_1_m,>84_1_w,<15_2_m,<15_2_w,15-24_2_m,15-24_2_w,25-34_2_m,25-34_2_w,35-44_2_m,35-44_2_w,45-54_2_m,45-54_2_w,55-64_2_m,55-64_2_w,65-74_2_m,65-74_2_w,75-84_2_m,75-84_2_w,>84_2_m,>84_2_w,bp_1,bp_2,mo_1,mo_2,az_1,az_2,ja,unb_1,unb_2
2021-10-28T23:59:59+02:00,48985,46204,307967,294602,411990,379571,421587,412998,481305,488808,528012,527232,356251,397643,248274,318593,73225,134492,40988,38608,281114,270438,385837,353165,398880,388663,458946,464462,508345,507680,346756,386604,241961,309814,70577,128918,4215622,3982938,530153,509491,808653,765309,324749,603,553
2021-10-27T23:59:59+02:00,48665,45893,307125,293850,410958,378743,420762,412328,480617,488297,527615,526938,356155,397476,248215,318504,73206,134453,40717,38333,280409,269786,385217,352578,398411,388205,458536,464057,508057,507403,346603,386432,241880,309692,70551,128863,4208534,3977679,529869,509313,808647,765281,324188,603,553
2021-10-26T23:59:59+02:00,48269,45486,306069,292908,409831,377835,419879,411658,479933,487708,527203,526625,356034,397341,248142,318409,73182,134414,40365,37976,279559,268880,384492,351877,397862,387658,458110,463615,507699,507111,346458,386277,241783,309536,70529,128797,4200516,3971341,529660,509160,808639,765265,323549,603,553
2021-10-25T23:59:59+02:00,48134,45361,305606,292505,409313,377472,419430,411367,479549,487455,527025,526485,355999,397288,248129,318386,73176,134408,40302,37921,279341,268705,384254,351711,397696,387532,457968,463499,507598,507036,346437,386248,241774,309517,70527,128786,4197267,3970182,529598,509117,808637,765261,323023,603,553
2021-10-24T23:59:59+02:00,47924,45184,305060,292039,408643,376965,418926,410956,479139,487146,526806,526296,355936,397205,248097,318359,73168,134396,40115,37761,278893,268250,383800,351314,397356,387218,457703,463246,507432,506863,346348,386155,241737,309455,70516,128773,4193169,3966998,529442,508984,808633,765247,322437,603,553
2021-10-23T23:59:59+02:00,47890,45151,304899,291907,408431,376821,418771,410819,479027,487058,526731,526248,355917,397181,248093,318353,73168,134393,40077,37719,278804,268147,383682,351242,397277,387144,457632,463184,507396,506830,346329,386141,241736,309449,70515,128772,4191997,3966357,529381,508921,808631,765244,322285,603,553
2021-10-22T23:59:59+02:00,47636,44919,304125,291345,407553,376134,418040,410275,478457,486586,526376,525999,355860,397112,248073,318318,73162,134381,39829,37481,278251,267628,383192,350811,396867,386786,457332,462915,507173,506659,346262,386077,241714,309407,70509,128762,4186410,3962765,529108,508757,808629,765226,321638,603,553
2021-10-21T23:59:59+02:00,47169,44476,303034,290485,406356,375191,417072,409489,477632,485948,525838,525623,355734,396970,248000,318208,73140,134329,39262,36928,277206,266593,382297,349953,396152,386026,456707,462352,506760,506303,346109,385879,241624,309253,70485,128717,4177971,3955045,528837,508383,808623,765214,320695,603,553
2021-10-20T23:59:59+02:00,46951,44226,302434,289945,405686,374581,416530,409045,477203,485581,525553,525388,355639,396846,247931,318116,73114,134276,38847,36555,276468,265849,381690,349299,395638,385429,456286,461904,506409,505986,345935,385678,241528,309113,70447,128644,4172819,3948683,528696,508210,808619,765203,320340,602,553
2021-10-19T23:59:59+02:00,46669,43952,301894,289472,405186,374127,416162,408715,476927,485309,525322,525178,355520,396715,247867,318018,73081,134220,38397,36103,275582,265024,380986,348596,395165,384891,455882,461444,506073,505662,345748,385446,241422,308960,70410,128562,4168578,3941864,528577,508039,808616,765188,319992,602,552
2021-10-18T23:59:59+02:00,46477,43762,301370,289010,404697,373697,415812,408374,476662,485071,525102,524978,355425,396596,247803,317910,73056,134170,38118,35851,274945,264342,380439,347957,394748,384403,455546,461059,505785,505390,345597,385300,241337,308834,70379,128513,4164768,3936608,528384,507858,808613,765170,319634,602,552
2021-10-17T23:59:59+02:00,46368,43645,301054,288755,404444,373449,415605,408211,476514,484918,525001,524858,355362,396540,247781,317862,73041,134134,37872,35595,274438,263840,380074,347581,394469,384072,455305,460831,505624,505223,345508,385191,241300,308766,70357,128462,4162623,3932972,528308,507703,808612,765135,319424,602,552
2021-10-16T23:59:59+02:00,46339,43613,300978,288693,404371,373392,415563,408165,476470,484883,524977,524843,355356,396532,247777,317856,73039,134132,37832,35551,274332,263731,379994,347511,394411,384001,455265,460787,505598,505199,345500,385182,241297,308761,70356,128457,4162144,3932361,528295,507644,808612,765133,319353,602,552
2021-10-15T23:59:59+02:00,46190,43451,300546,288353,404004,373072,415273,407906,476229,484660,524822,524709,355304,396492,247759,317824,73030,134117,37604,35306,273775,263151,379588,347123,394075,383659,454988,460511,505402,505029,345438,385108,241256,308715,70351,128436,4159333,3928635,528173,507431,808608,765123,319051,602,552
2021-10-14T23:59:59+02:00,45860,43125,299765,287655,403377,372420,414768,407450,475811,484254,524505,524433,355186,396359,247697,317725,72997,134050,37050,34741,272536,261891,378786,346170,393392,382828,454345,459869,504979,504614,345207,384884,241145,308556,70320,128386,4153865,3919962,527927,506930,808603,765068,318463,602,552
2021-10-13T23:59:59+02:00,45553,42849,299199,287112,402901,371917,414375,407055,475482,483927,524244,524188,355063,396216,247624,317619,72966,133988,36719,34459,271769,261093,378193,345425,392874,382195,453926,459409,504615,504254,345033,384684,241046,308366,70284,128306,4149311,3913655,527751,506658,808599,765022,318039,601,552
2021-10-12T23:59:59+02:00,45231,42578,298550,286569,402385,371381,413973,406671,475176,483619,523993,523953,354954,396076,247575,317533,72939,133937,36425,34170,270938,260239,377505,344710,392339,381632,453512,458982,504256,503911,344815,384466,240939,308214,70243,128197,4144656,3907095,527578,506437,808591,764997,317690,600,550
2021-10-11T23:59:59+02:00,44987,42355,297971,286093,401906,370926,413571,406320,474876,483323,523757,523756,354844,395959,247502,317438,72903,133870,36139,33915,270186,259509,376836,344034,391856,381085,453134,458539,503924,503610,344623,384271,240842,308065,70200,128110,4140556,3901239,527404,506155,808580,764972,317238,600,550
2021-10-10T23:59:59+02:00,44830,42225,297617,285813,401570,370622,413341,406072,474699,483137,523619,523629,354794,395905,247478,317399,72886,133839,35972,33788,269710,259092,376380,343571,391525,380746,452845,458256,503701,503434,344529,384170,240786,307996,70183,128076,4138178,3897636,527267,506033,808573,764939,316877,600,550
2021-10-09T23:59:59+02:00,44800,42200,297519,285738,401486,370564,413280,406020,474651,483089,523594,523612,354786,395891,247476,317395,72885,133838,35922,33734,269594,258987,376282,343473,391442,380671,452787,458202,503667,503404,344519,384156,240780,307988,70182,128074,4137674,3896932,527232,505960,808570,764928,316768,600,550
2021-10-08T23:59:59+02:00,44563,41993,297024,285340,401042,370191,412982,405726,474372,482870,523386,523446,354724,395830,247440,317344,72867,133824,35714,33457,269032,258429,375860,343043,391067,380297,452512,457880,503489,503246,344453,384073,240746,307943,70171,128062,4134340,3893124,527108,505796,808566,764909,316368,600,550
2021-10-07T23:59:59+02:00,44183,41572,296053,284490,400276,369433,412349,405116,473864,482386,522984,523129,354594,395656,247345,317231,72834,133761,35062,32799,267656,257038,374875,341862,390263,379301,451806,457134,502940,502743,344199,383793,240607,307764,70112,127972,4127536,3883473,526877,504606,808557,764867,315703,600,549
2021-10-06T23:59:59+02:00,43925,41313,295360,283913,399767,368938,411960,404698,473516,482083,522710,522880,354455,395504,247264,317111,72809,133684,34737,32486,266915,256230,374336,341203,389788,378764,451387,456688,502591,502389,344027,383581,240496,307619,70082,127893,4122765,3877395,526746,504496,808553,764836,315208,600,549
2021-10-05T23:59:59+02:00,43609,41018,294655,283243,399144,368320,411448,404217,473134,481686,522427,522578,354309,395347,247181,316955,72776,133573,34438,32172,266105,255395,373652,340468,389251,378153,450885,456223,502241,502032,343838,383366,240385,307446,70035,127819,4117368,3870979,526608,504355,808546,764814,314478,600,549
2021-10-04T23:59:59+02:00,43334,40779,293840,282553,398445,367748,410975,403762,472738,481301,522134,522312,354179,395176,247107,316831,72744,133481,34135,31856,265210,254461,372941,339697,388664,377561,450414,455691,501859,501666,343647,383137,240229,307279,69995,127732,4112255,3864310,526461,504246,808539,764775,313564,599,549
2021-10-03T23:59:59+02:00,43172,40632,293446,282146,398041,367395,410674,403518,472527,481072,521961,522150,354097,395082,247058,316745,72736,133445,33954,31722,264722,254040,372488,339291,388309,377167,450144,455383,501612,501434,343522,382993,240167,307186,69977,127701,4109471,3860749,526362,504134,808514,764721,312929,599,549
2021-10-02T23:59:59+02:00,43139,40595,293323,282022,397924,367309,410593,403440,472466,481014,521929,522119,354083,395059,247057,316742,72734,133443,33907,31684,264584,253910,372388,339201,388231,377089,450087,455332,501582,501395,343510,382971,240165,307179,69975,127701,4108792,3860055,526284,504077,808512,764698,312782,599,549
2021-10-01T23:59:59+02:00,42930,40342,292710,281470,397373,366821,410148,403060,472133,480752,521667,521939,354000,394983,247028,316693,72722,133425,33608,31395,263926,253264,371897,338770,387851,376713,449762,455014,501358,501200,343434,382905,240140,307135,69966,127684,4104940,3856188,526140,503921,808504,764644,311990,599,549
2021-09-30T23:59:59+02:00,42533,39948,291587,280394,396375,365862,409356,402276,471473,480087,521165,521542,353837,394776,246935,316566,72697,133357,33070,30850,262732,252094,371034,337849,387148,375890,449159,454370,500888,500804,343265,382682,240062,306977,69937,127631,4097325,3849155,525798,502914,808483,764560,310532,598,549
2021-09-29T23:59:59+02:00,42194,39645,290824,279652,395649,365159,408813,401697,470978,479603,520802,521235,353656,394574,246858,316432,72667,133290,32773,30542,261985,251336,370401,337201,386689,375315,448738,453918,500537,500462,343095,382501,239969,306814,69915,127573,4091471,3843711,525638,502764,808475,764492,309514,598,549
2021-09-28T23:59:59+02:00,41860,39333,289953,278822,394857,364448,408210,401132,470459,479097,520423,520877,353449,394354,246762,316277,72627,133188,32461,30271,261121,250549,369696,336561,386179,374788,448295,453463,500184,500116,342915,382298,239874,306669,69888,127517,4085207,3838198,525512,502616,808467,764438,308308,598,549
2021-09-27T23:59:59+02:00,41444,38950,289074,277985,394064,363733,407654,400543,469984,478573,520023,520547,353289,394157,246676,316157,72595,133095,32140,29912,260104,249625,368840,335758,385519,374115,447755,452922,499781,499755,342732,382066,239783,306535,69863,127453,4079548,3832034,525350,502464,808460,764331,306544,598,549
2021-09-26T23:59:59+02:00,41068,38645,288503,277452,393566,363288,407310,400192,469686,478285,519812,520359,353180,394059,246633,316087,72576,133054,31982,29778,259602,249165,368400,335361,385180,373748,447467,452628,499575,499568,342641,381975,239725,306462,69847,127416,4075855,3829089,525208,502315,808436,764215,305615,598,549
2021-09-25T23:59:59+02:00,41014,38584,288334,277285,393411,363166,407193,400103,469593,478201,519751,520316,353168,394039,246624,316078,72574,133051,31939,29723,259438,249012,368254,335235,385060,373648,447397,452527,499513,499534,342621,381952,239715,306449,69847,127414,4075099,3828377,525134,502255,808434,764184,305176,598,549
2021-09-24T23:59:59+02:00,40816,38371,287698,276630,392763,362598,406671,399619,469144,477796,519452,520074,353063,393954,246583,316025,72568,133026,31679,29466,258777,248327,367645,334696,384611,373206,446979,452170,499191,499288,342505,381846,239671,306395,69835,127390,4071338,3824666,524985,502153,808424,764114,303458,598,548
2021-09-23T23:59:59+02:00,40181,37704,285992,274966,391281,361240,405479,398408,468095,476828,518700,519389,352764,393677,246448,315807,72524,132910,31286,29051,257478,247244,366491,333711,383674,372377,446170,451439,498596,498778,342271,381604,239558,306242,69807,127312,4061446,3818603,524577,501881,808413,764014,299302,598,548
2021-09-22T23:59:59+02:00,39846,37386,284992,273982,390431,360388,404726,397636,467430,476224,518161,518949,352535,393408,246338,315608,72475,132823,30998,28787,256699,246494,365742,333024,383046,371781,445658,450918,498131,498430,342068,381395,239453,306105,69773,127249,4054584,3813504,524361,501711,808390,763898,297345,598,548
2021-09-21T23:59:59+02:00,39429,36903,283911,272900,389465,359480,403967,396878,466802,475633,517711,518518,352310,393144,246236,315430,72421,132713,30680,28510,255842,245641,364982,332308,382409,371177,445161,450433,497716,498030,341872,381189,239346,305941,69739,127163,4046980,3807886,524201,501512,808380,763819,295627,598,548
2021-09-20T23:59:59+02:00,39075,36625,282773,271824,388413,358541,403139,396071,466100,475018,517216,518064,352064,392917,246125,315247,72377,132616,30296,28139,254721,244659,363993,331468,381616,370408,444438,449856,497256,497587,341647,380973,239238,305754,69703,127087,4039928,3801404,524055,501337,808365,763615,293187,598,546
2021-09-19T23:59:59+02:00,38914,36490,282179,271412,387837,358052,402730,395674,465757,474704,516949,517832,351979,392791,246086,315167,72366,132577,30179,28019,254207,244221,363489,331043,381191,370071,444068,449511,496973,497367,341538,380844,239181,305668,69692,127056,4036587,3798572,523912,501154,808344,763316,291980,598,546
2021-09-18T23:59:59+02:00,38859,36419,282018,271253,387638,357890,402547,395532,465646,474590,516882,517773,351963,392778,246078,315158,72364,132573,30049,27890,253893,243875,363235,330791,380953,369880,443906,449377,496880,497278,341508,380818,239162,305648,69689,127048,4035637,3796695,523797,501073,808341,763303,291510,598,546
2021-09-17T23:59:59+02:00,38527,36053,281117,270422,386846,357132,401820,394877,465036,474064,516502,517410,351813,392633,246015,315089,72340,132541,29781,27623,253150,243195,362549,330194,380360,369378,443441,448966,496543,496990,341387,380682,239112,305569,69676,127026,4030298,3792915,523461,500670,808332,763272,289463,597,546
2021-09-16T23:59:59+02:00,37957,35456,279533,268855,385492,355675,400613,393558,464018,473081,515730,516713,351495,392305,245885,314902,72292,132450,29346,27202,252003,242180,361589,329258,379532,368518,442772,448274,496029,496543,341160,380460,239013,305441,69645,126964,4019402,3786306,522709,500270,808287,763125,286926,597,544
2021-09-15T23:59:59+02:00,37578,35145,278404,267755,384593,354696,399756,392697,463344,472395,515195,516199,351271,392017,245712,314719,72253,132330,29047,26913,251143,241368,360804,328461,378847,367845,442205,447757,495523,496105,340950,380223,238876,305293,69622,126891,4011845,3780656,522423,500037,808274,763052,284824,597,544
2021-09-14T23:59:59+02:00,37265,34839,277432,266793,383653,353837,399022,391929,462737,471744,514666,515745,351028,391775,245582,314548,72209,132261,28772,26674,250361,240575,360070,327793,378239,367246,441658,447245,495101,495721,340753,380008,238765,305146,69598,126836,4005022,3775529,522093,499814,808245,762903,283009,596,543
2021-09-13T23:59:59+02:00,36877,34445,276194,265526,382702,352792,398247,391051,462042,471023,514142,515241,350806,391525,245461,314394,72170,132188,28312,26253,249234,239521,359250,327009,377637,366590,441100,446721,494641,495341,340560,379784,238665,305000,69569,126782,3996815,3768599,521374,499529,808212,762806,281725,596,543
2021-09-12T23:59:59+02:00,36734,34316,275623,265087,382229,352346,397858,390624,461716,470720,513930,515026,350700,391413,245415,314319,72159,132153,28154,26135,248705,239109,358746,326565,377268,366235,440796,446431,494392,495118,340435,379653,238606,304913,69554,126737,3993630,3765572,521208,499337,808176,762680,280653,596,542
2021-09-11T23:59:59+02:00,36655,34267,275430,264877,382003,352157,397697,390468,461583,470597,513859,514965,350670,391383,245406,314303,72157,132150,28007,26036,248425,238926,358522,326407,377118,366094,440648,446313,494325,495063,340411,379626,238598,304900,69554,126733,3992592,3764490,521119,499204,808168,762659,280043,596,541
2021-09-10T23:59:59+02:00,36328,33932,274352,263886,381047,351258,396818,389660,460784,469916,513302,514517,350463,391183,245318,314191,72139,132120,27798,25836,247516,238220,357694,325671,376332,365468,439955,445791,493835,494681,340250,379470,238517,304796,69532,126703,3987265,3761029,520978,498987,808159,762637,276101,596,541
2021-09-09T23:59:59+02:00,35890,33483,273050,262729,379995,350079,395878,388625,459985,469041,512720,514006,350223,390900,245189,314035,72103,132060,27416,25445,246444,237257,356781,324803,375520,364660,439264,445183,493250,494238,340036,379241,238397,304654,69501,126651,3979071,3754935,520674,498588,808114,762486,273421,591,539
2021-09-08T23:59:59+02:00,35488,33083,272090,261740,379197,349232,395183,387845,459356,468442,512282,513545,350019,390657,245084,313860,72074,132002,27122,25156,245518,236399,355972,324069,374835,363938,438660,444620,492801,493784,339836,378995,238282,304491,69467,126563,3972614,3749247,520452,498268,808062,762351,271332,591,537
2021-09-07T23:59:59+02:00,35112,32746,271067,260811,378367,348452,394538,387171,458825,467919,511839,513149,349829,390448,244984,313694,72041,131932,26845,24945,244642,235615,355166,323384,374187,363379,438154,444112,492356,493394,339627,378778,238195,304353,69441,126510,3966517,3744251,520213,497927,808050,762174,269421,591,537
2021-09-06T23:59:59+02:00,34714,32338,269951,259708,377424,347504,393854,386395,458226,467285,511398,512715,349607,390201,244895,313574,72011,131862,26610,24734,243870,234857,354422,322729,373574,362789,437691,443607,491943,493010,339414,378571,238115,304218,69412,126455,3959306,3739428,520076,497686,808002,762045,267552,591,537
2021-09-05T23:59:59+02:00,34558,32189,269544,259297,377117,347159,393557,386078,457994,467048,511222,512537,349537,390108,244853,313512,71995,131835,26474,24579,243441,234463,354024,322342,373217,362478,437431,443358,491745,492803,339315,378452,238073,304154,69395,126423,3956718,3736794,519974,497411,807976,761908,266744,591,537
2021-09-04T23:59:59+02:00,34499,32151,269378,259166,376998,347032,393429,385973,457918,466963,511171,512492,349525,390090,244847,313500,71995,131834,26436,24526,243274,234319,353865,322178,373070,362362,437339,443256,491679,492754,339294,378432,238065,304142,69395,126422,3956011,3736009,519920,497273,807971,761885,266330,591,537
2021-09-03T23:59:59+02:00,34181,31835,268485,258360,376259,346371,392842,385382,457341,466480,510710,512153,349354,389911,244781,313394,71972,131801,26112,24185,242258,233460,353070,321460,372400,361709,436687,442667,491191,492338,339097,378233,237979,304036,69375,126395,3951645,3731716,519216,495736,807943,761812,264076,591,537
2021-09-02T23:59:59+02:00,33818,31497,267435,257479,375396,345532,392108,384633,456656,465853,510179,511725,349090,389660,244658,313216,71947,131722,25815,23921,241235,232662,352178,320682,371664,361002,435973,442043,490628,491882,338850,377968,237871,303885,69349,126317,3945695,3726539,518931,495253,807908,761489,261332,591,536
2021-09-01T23:59:59+02:00,33491,31131,266586,256637,374636,344861,391577,384086,456186,465373,509793,511380,348913,389467,244569,313099,71923,131662,25426,23519,240145,231600,351310,319827,370975,360307,435357,441435,490103,491397,338618,377702,237740,303731,69321,126262,3940251,3719727,518746,494709,807874,761274,259755,591,532
2021-08-31T23:59:59+02:00,33094,30789,265720,255729,373898,344143,391003,383502,455673,464889,509342,511013,348723,389275,244473,312951,71892,131619,25141,23224,239192,230711,350503,319078,370313,359671,434799,440925,489581,490996,338416,377488,237652,303582,69287,126207,3934712,3714411,518556,494322,807848,760857,257863,589,532
2021-08-30T23:59:59+02:00,32547,30302,264414,254547,372899,343228,390187,382687,454918,464176,508780,510513,348494,389057,244380,312797,71856,131550,24822,22907,238035,229725,349502,318181,369523,358928,434100,440342,489022,490480,338160,377245,237527,303402,69246,126130,3927216,3708363,518439,493879,807804,760604,255118,588,530
2021-08-29T23:59:59+02:00,32357,30111,263847,254035,372417,342811,389807,382350,454623,463887,508550,510291,348397,388948,244330,312733,71846,131526,24597,22692,237317,229089,348892,317638,369027,358457,433672,439966,488712,490219,338018,377091,237467,303328,69228,126105,3924121,3704482,518318,493480,807776,760345,253892,588,530
2021-08-28T23:59:59+02:00,32267,30014,263618,253856,372238,342658,389651,382227,454498,463767,508475,510239,348373,388925,244319,312721,71845,131523,24532,22588,236998,228830,348641,317442,368806,358292,433490,439801,488583,490127,337976,377049,237447,303302,69226,126101,3923079,3702904,518278,493363,807770,760319,253328,588,530
2021-08-27T23:59:59+02:00,32036,29764,262972,253291,371723,342137,389180,381774,454042,463369,508103,509955,348244,388791,244261,312635,71826,131503,24386,22437,236393,228331,348027,316938,368334,357863,433040,439448,488280,489879,337844,376931,237392,303238,69215,126094,3919273,3699690,518209,493149,807712,760260,251651,588,530
2021-08-26T23:59:59+02:00,31655,29377,261966,252312,370870,341320,388422,381029,453355,462692,507552,509474,348012,388532,244140,312518,71798,131443,24037,22073,234913,226968,346797,315750,367220,356869,432167,438642,487610,489303,337557,376610,237229,303069,69185,126049,3913081,3691339,517964,492503,807672,759901,248978,588,528
2021-08-25T23:59:59+02:00,31292,29043,261041,251451,370120,340545,387761,380334,452719,462103,506995,509015,347774,388276,244014,312355,71763,131376,23431,21499,232862,225103,345315,314345,366029,355673,431166,437680,486807,488576,337175,376218,237075,302834,69141,125960,3907355,3679341,517833,492096,807645,759753,246368,586,526
2021-08-24T23:59:59+02:00,30973,28775,260308,250669,369511,339912,387220,379759,452236,461590,506582,508642,347564,388051,243896,312190,71737,131304,23114,21183,231651,224038,344351,313421,365244,354924,430492,437031,486248,488029,336895,375904,236940,302673,69116,125896,3902400,3672151,517545,491649,807624,759448,244569,586,522
2021-08-23T23:59:59+02:00,30451,28247,258917,249352,368480,338998,386387,378966,451455,460904,505932,508073,347282,387769,243756,312002,71710,131245,22804,20884,230168,222720,343037,312350,364292,354071,429628,436270,485541,487459,336591,375569,236804,302482,69090,125836,3894953,3664729,517397,491168,807589,759162,241198,586,521
2021-08-22T23:59:59+02:00,30305,28133,258511,248982,368125,338668,386114,378699,451217,460659,505743,507923,347185,387675,243715,311944,71693,131219,22622,20702,229448,222040,342346,311691,363757,353565,429187,435865,485219,487193,336427,375385,236740,302377,69072,125800,3892724,3660337,517248,490703,807550,758862,240194,586,517
2021-08-21T23:59:59+02:00,30054,27928,258014,248520,367806,338347,385856,378441,451012,460481,505595,507784,347130,387619,243693,311906,71690,131210,22347,20448,228705,221388,341860,311292,363354,353154,428822,435559,484990,486996,336342,375317,236713,302334,69066,125788,3890172,3657360,517104,489497,807542,758806,239470,586,517
2021-08-20T23:59:59+02:00,29862,27729,257353,247858,367065,337719,385175,377912,450417,459985,505120,507460,346984,387459,243638,311809,71673,131175,21942,20108,226898,219768,340447,310095,362236,352197,427865,434759,484270,486445,336098,375068,236611,302214,69041,125758,3886686,3649099,516780,488336,807529,758439,236598,586,517
2021-08-19T23:59:59+02:00,29530,27415,256367,247004,366060,336930,384385,377219,449705,459345,504555,506975,346743,387195,243530,311662,71639,131102,21447,19615,224131,217329,338137,308255,360528,350720,426459,433486,483110,485487,335679,374642,236418,301967,69007,125689,3881151,3634713,516414,486569,807487,757967,233503,586,516
2021-08-18T23:59:59+02:00,29243,27154,255571,246297,365355,336311,383804,376650,449106,458846,504080,506559,346470,386955,243412,311514,71607,131036,21069,19242,221654,214805,336076,306493,358879,349066,424933,432153,481965,484448,335161,374090,236186,301671,68956,125595,3876031,3621429,516234,482631,807457,757586,231440,585,516
2021-08-17T23:59:59+02:00,28925,26878,254786,245578,364736,335627,383241,376093,448614,458361,503646,506137,346269,386745,243295,311383,71580,130984,20598,18807,218905,212048,333998,304662,357189,347601,423494,430875,480839,483457,334667,373548,235950,301378,68902,125519,3870979,3606343,515933,479849,807431,757156,229726,584,515
2021-08-16T23:59:59+02:00,28635,26615,254092,244926,364164,335070,382778,375631,448174,457921,503227,505773,346084,386538,243196,311219,71549,130944,20044,18326,215729,208971,331706,302542,355664,346147,422286,429736,479890,482612,334279,373101,235764,301107,68863,125430,3866565,3588908,515777,479142,807405,756806,227978,584,513
2021-08-15T23:59:59+02:00,28438,26452,253597,244479,363733,334679,382417,375292,447875,457663,502984,505577,345969,386419,243147,311139,71538,130923,19259,17597,211717,204907,329806,300921,354398,344920,421256,428796,479106,481951,333944,372767,235639,300930,68839,125380,3863703,3571253,515634,478227,807366,756479,226807,584,511
2021-08-14T23:59:59+02:00,28370,26393,253350,244281,363497,334502,382241,375142,447718,457533,502866,505470,345920,386387,243129,311116,71535,130918,18933,17299,210643,203802,328981,300157,353677,344241,420760,428335,478718,481629,333804,372638,235601,300873,68830,125363,3862527,3564551,515562,477856,807361,756402,226107,584,511
2021-08-13T23:59:59+02:00,28113,26150,252642,243692,362997,334073,381802,374709,447282,457167,502528,505211,345792,386235,243064,311039,71523,130889,18329,16742,208755,202012,327554,298838,352407,343048,419707,427395,477968,480987,333560,372348,235488,300730,68812,125309,3858693,3552591,515491,477253,807351,756210,224563,580,511
2021-08-12T23:59:59+02:00,27915,25925,251918,243054,362376,333481,381268,374223,446747,456721,502108,504855,345608,386034,242962,310932,71510,130841,17746,16244,206157,199737,324670,296294,350388,341243,418199,426141,476743,479919,333109,371813,235242,300453,68772,125226,3854730,3535138,515299,476076,807313,755182,222323,578,509
2021-08-11T23:59:59+02:00,27680,25678,251188,242362,361749,332898,380741,373741,446281,456293,501698,504425,345381,385792,242846,310797,71482,130786,16926,15556,203106,196749,321482,293349,348211,339173,416696,424731,475459,478628,332565,371169,234993,300046,68721,125097,3849871,3513243,515079,475005,807273,754243,220783,575,508
2021-08-10T23:59:59+02:00,27434,25420,250352,241625,361033,332344,380198,373191,445781,455817,501241,504023,345184,385595,242760,310658,71459,130742,16129,14771,198900,192608,316807,289120,345219,336389,414573,422783,473858,477165,331875,370496,234694,299636,68664,124978,3844773,3483054,514793,473890,807235,753091,219243,573,508
2021-08-09T23:59:59+02:00,27236,25219,249724,241049,360450,331860,379752,372810,445369,455469,500895,503738,345023,385446,242694,310546,71439,130706,15135,13827,194352,188007,311088,284364,342456,333888,412655,421007,472237,475698,331228,369805,234418,299265,68605,124843,3841046,3452630,514613,471112,807204,751997,217747,572,504
2021-08-08T23:59:59+02:00,27064,25060,249240,240635,360054,331505,379403,372517,445064,455209,500652,503546,344915,385338,242631,310467,71422,130673,14913,13632,193002,186634,309459,283023,341138,332723,411776,420248,471663,475177,330965,369534,234289,299097,68579,124792,3838455,3443483,514456,469743,807151,751508,216513,572,503
2021-08-07T23:59:59+02:00,26915,24884,248709,240185,359655,331165,379068,372234,444771,454972,500425,503371,344843,385243,242597,310417,71414,130662,13741,12588,189322,183040,307410,281168,339414,331197,410440,418978,470736,474381,330609,369160,234158,298908,68545,124755,3835591,3423823,514349,468407,807140,751294,215630,572,500
2021-08-06T23:59:59+02:00,26689,24649,247840,239515,358868,330553,378390,371658,444114,454444,499886,502980,344609,385038,242498,310301,71403,130640,12833,11761,185573,179482,303933,278351,337288,329357,408834,417634,469435,473414,330229,368774,233998,298753,68521,124708,3833001,3404468,512982,466677,807128,750193,212143,572,499
2021-08-05T23:59:59+02:00,26365,24325,246659,238574,357967,329677,377560,370925,443370,453758,499215,502435,344324,384736,242383,310126,71362,130577,11827,10828,181086,175529,298536,273929,333164,325782,406019,415141,467175,471627,329560,368069,233734,298380,68460,124597,3826607,3376477,512717,461960,807059,746475,209125,572,498
2021-08-04T23:59:59+02:00,25991,23982,245512,237583,356965,328763,376779,370211,442740,453157,498639,501902,344049,384467,242260,309953,71335,130506,11013,10116,177602,172219,294758,270794,328749,321867,403761,413044,465464,470071,328864,367368,233459,298028,68400,124495,3820082,3349265,512372,460189,807024,744724,206477,568,497
2021-08-03T23:59:59+02:00,25526,23560,244145,236397,356053,327924,376065,369515,442083,452494,498038,501366,343757,384166,242129,309776,71291,130438,10452,9615,174107,168765,290647,267144,323630,317248,401007,410482,463118,467966,328018,366499,233108,297554,68332,124356,3812116,3317095,512210,458306,806980,742648,204576,568,497
2021-08-02T23:59:59+02:00,25208,23253,243090,235433,355203,327163,375361,368914,441510,451945,497511,500917,343494,383890,242011,309619,71265,130379,9897,9074,170463,165166,285939,263166,317747,312286,398246,407918,460879,465968,327245,365662,232812,297154,68270,124238,3805742,3283563,511961,456323,806922,740114,202698,567,495
2021-08-01T23:59:59+02:00,25052,23063,242459,234825,354602,326649,374917,368519,441076,451623,497165,500639,343352,383723,241935,309503,71251,130353,9630,8865,168910,163707,283447,261161,313105,308567,396384,406338,459398,464718,326811,365175,232640,296936,68241,124179,3802048,3265613,511657,454174,806828,737663,201328,564,492
2021-07-31T23:59:59+02:00,24942,22958,242116,234504,354319,326421,374676,368348,440886,451470,497056,500538,343319,383683,241915,309490,71250,130347,8395,7768,165130,159853,280616,258608,311012,306563,394983,405055,458249,463727,326491,364799,232506,296762,68215,124133,3800426,3242641,511467,453234,806822,736869,200677,564,492
2021-07-30T23:59:59+02:00,24652,22698,241314,233785,353741,325890,374182,367881,440423,451066,496694,500246,343181,383542,241870,309410,71237,130331,7457,6898,161377,156082,277212,255488,307978,303737,392749,402937,456399,462139,325979,364265,232296,296470,68182,124075,3796328,3217511,511096,452028,806804,733668,199067,563,490
2021-07-29T23:59:59+02:00,24305,22357,239776,232510,352572,324808,373209,366967,439563,450270,495879,499621,342847,383228,241733,309225,71199,130264,6473,6025,156512,151585,271812,251292,302055,298945,388380,399435,453341,459725,325144,363415,231983,296059,68122,123975,3788721,3183493,510414,447152,806719,728553,195625,562,490
2021-07-28T23:59:59+02:00,24003,22069,238622,231468,351687,323964,372455,366273,438921,449600,495311,499129,342592,382928,241598,309038,71164,130192,5982,5582,152743,147927,267302,247618,297606,294981,385108,396572,451247,457868,324483,362653,231714,295673,68058,123849,3781946,3152679,509874,445224,806641,725904,193698,561,487
2021-07-27T23:59:59+02:00,23729,21842,237611,230492,350840,323221,371750,365679,438333,448983,494783,498670,342347,382623,241464,308842,71128,130093,5413,5055,147706,142789,261363,242473,292295,290204,381084,392866,448058,455049,323491,361547,231347,295166,67966,123690,3775628,3110999,509317,442891,806583,722154,192048,560,485
2021-07-26T23:59:59+02:00,23496,21602,236634,229507,350047,322514,371141,365122,437776,448491,494331,498299,342114,382381,241336,308683,71104,130035,4991,4697,143349,138382,255797,237673,287114,285717,376608,388897,444532,452020,322536,360582,231017,294686,67891,123552,3769924,3071488,508685,440631,806501,717792,190646,557,485
2021-07-25T23:59:59+02:00,23137,21301,235292,228350,349101,321742,370458,364457,437195,447949,493868,497893,341915,382167,241246,308553,71083,129971,4738,4464,141499,136618,253101,235447,284602,283613,374467,387111,442435,450219,322020,360066,230812,294456,67866,123475,3762831,3056415,508306,438441,806434,713421,189243,556,485
2021-07-24T23:59:59+02:00,22888,21104,234362,227488,348376,321089,369883,363935,436665,447510,493506,497615,341799,382068,241202,308491,71080,129960,4416,4179,138597,133812,250363,233121,282033,281390,372203,385252,441193,449231,321670,359728,230667,294277,67847,123441,3758802,3038032,507540,435422,806419,713078,187393,556,485
2021-07-23T23:59:59+02:00,22470,20717,232855,226142,347047,320143,368831,363067,435784,446722,492807,497082,341563,381796,241113,308378,71059,129924,3994,3788,133103,128961,244981,228804,277547,277596,368508,382042,438535,447025,320969,359004,230412,293964,67793,123360,3751310,3002418,507068,433645,806364,710937,183880,556,485
2021-07-22T23:59:59+02:00,21964,20241,230745,224156,345290,318596,367323,361774,434465,445573,491826,496179,341128,381344,240935,308129,71015,129843,3572,3444,128748,124893,238968,224283,271150,272518,361601,376531,433070,442505,319781,357741,229970,293435,67699,123206,3738834,2960249,505478,427652,806232,704609,181091,555,483
2021-07-21T23:59:59+02:00,21455,19720,228854,222332,343586,317060,365702,360196,432886,444183,490596,495007,340575,380819,240687,307845,70961,129748,3369,3247,124978,121311,233499,220036,265609,267984,353457,369585,428455,438757,318661,356592,229507,292869,67618,123026,3727797,2924665,501716,416750,806006,699820,177795,555,481
2021-07-20T23:59:59+02:00,21152,19440,227382,220850,342349,315885,364736,359318,432022,443391,489871,494358,340235,380445,240540,307623,70932,129658,3108,2957,120636,117064,227141,214853,259773,262797,346329,363470,423748,434437,317563,355335,229092,292280,67520,122844,3718447,2880811,501308,409516,805875,695422,175653,555,480
2021-07-19T23:59:59+02:00,20838,19143,225645,219153,341034,314629,363693,358339,431207,442612,489201,493740,339939,380080,240388,307390,70887,129561,2915,2750,117873,114455,222740,211257,255146,258839,342608,360289,421123,432250,316836,354607,228792,291888,67445,122720,3707843,2855699,500884,404126,805781,691090,174063,555,480
2021-07-18T23:59:59+02:00,20684,19010,224346,217876,339411,313189,362620,357409,430384,441887,488660,493196,339706,379794,240260,307213,70865,129499,2824,2657,116368,113061,220073,209069,252788,256730,340354,358435,419084,430554,316344,354118,228632,291669,67424,122652,3698361,2843370,500345,399843,805705,687383,172684,554,477
2021-07-17T23:59:59+02:00,20285,18587,223192,216815,338828,312646,362027,356895,429863,441437,488244,492907,339601,379677,240218,307157,70862,129488,2560,2400,114295,110958,217611,206762,250316,254530,337922,356293,417633,429290,316008,353726,228497,291501,67401,122612,3692780,2825830,500142,397117,805680,686595,171213,551,477
2021-07-16T23:59:59+02:00,19741,18073,220648,214668,337090,311341,360517,355602,428396,440229,487145,492046,339195,379308,240047,306998,70837,129452,2292,2159,111175,108150,212835,202827,245773,250886,333616,352586,414284,426563,315085,352796,228146,291083,67347,122531,3682573,2798091,499381,394751,805521,682778,164937,550,476
2021-07-15T23:59:59+02:00,19099,17445,217861,212242,335182,309637,358926,354164,427051,439041,486198,491191,338791,378880,239844,306742,70795,129347,2115,2018,107260,104918,204447,196567,238261,245268,326998,347337,407201,420100,313339,350977,227597,290411,67275,122332,3667503,2751389,498780,386295,805404,675341,161800,549,476
2021-07-14T23:59:59+02:00,18253,16719,215412,209916,333474,308102,357519,352814,425826,437839,485171,490231,338334,378418,239602,306430,70741,129260,1963,1873,103641,101570,197954,191380,232533,240587,322695,343851,403016,416466,312025,349663,227188,289851,67191,122178,3652550,2717671,498194,380745,805280,668523,159082,548,473
2021-07-13T23:59:59+02:00,17599,16061,213223,207889,331870,306724,356180,351581,424648,436743,484208,489368,337893,377945,239400,306182,70706,129167,1851,1765,99873,98022,191455,185960,225380,234512,316004,337781,394609,408591,310224,347734,226583,289058,67079,121977,3638683,2674773,497635,368050,805120,659033,156989,547,469
2021-07-12T23:59:59+02:00,16579,15126,209937,204700,329805,304986,354599,350107,423403,435535,483223,488463,337477,377472,239221,305953,70666,129089,1772,1694,96769,95297,186160,181646,218390,228824,309155,331736,389502,404310,308488,345861,225988,288325,66980,121806,3620170,2636389,497077,360896,804939,650606,155187,546,468
2021-07-11T23:59:59+02:00,16070,14649,208575,203421,329054,304263,353934,349477,422835,435028,482771,488118,337286,377268,239161,305847,70644,129049,1739,1668,95346,94006,183369,179333,215384,226524,306459,329575,386666,401918,306013,343232,225608,287854,66926,121708,3613889,2621354,496437,358900,804807,640097,153350,541,464
2021-07-10T23:59:59+02:00,15595,14189,206725,201630,327584,302994,352795,348498,422102,434429,482293,487720,337116,377103,239095,305761,70634,129029,1698,1621,94038,92729,180824,177211,212342,224037,303929,327408,385499,400880,305366,342562,225428,287665,66910,121681,3605282,2604515,495793,358668,804571,638341,150670,540,464
2021-07-09T23:59:59+02:00,15270,13908,204817,199787,325972,301533,351722,347531,421196,433713,481720,487242,336908,376879,238999,305640,70619,128995,1024,965,91244,90003,177288,173977,207991,219878,298904,322800,382050,397893,304269,341331,225122,287298,66872,121617,3596104,2575476,494924,356601,804376,630736,148066,538,464
2021-07-08T23:59:59+02:00,14802,13480,201321,196797,322655,298858,349344,345537,419484,432253,480284,486171,336469,376439,238821,305391,70574,128917,906,854,86937,86230,170034,168305,199844,213468,291520,316674,375089,391672,301538,338403,224342,286357,66755,121357,3580728,2529194,490873,347928,803855,620356,143136,537,463
2021-07-07T23:59:59+02:00,14301,13026,197574,192925,319476,295992,347027,343484,417925,430777,479079,485067,335991,375875,238630,305118,70535,128811,772,758,83251,82777,162721,162576,190778,206280,283521,310101,368039,384849,298224,334781,223431,285254,66613,121110,3559391,2481137,489505,334474,803469,610345,140196,534,460
2021-07-06T23:59:59+02:00,13842,12652,194138,189542,316213,293250,344551,341190,416205,429211,477808,483933,335489,375315,238433,304828,70482,128726,650,640,79679,79192,156034,157056,183357,200065,274571,302140,361543,378751,295022,331529,222544,284162,66505,120881,3539505,2428550,486428,327488,803051,600820,137765,531,460
2021-07-05T23:59:59+02:00,13444,12315,189739,185294,312146,289907,342034,338849,414528,427662,476664,482859,335017,374798,238253,304584,70449,128640,574,545,76608,76356,150904,152955,178583,195936,267649,295862,355428,373208,291743,328082,221655,283040,66395,120710,3516625,2389422,485264,322986,802556,590452,133665,528,457
2021-07-04T23:59:59+02:00,13266,12156,185892,181418,309501,287874,340718,337774,413643,426884,476081,482365,334793,374545,238166,304459,70423,128586,542,516,74418,74484,147795,150378,176245,193890,265197,293800,352312,370996,288435,324684,221074,282374,66339,120590,3504357,2375601,483968,320688,801992,578913,129151,528,456
2021-07-03T23:59:59+02:00,12070,11099,179460,175413,305228,284412,338381,335601,411823,425074,474865,481308,334393,374099,237992,304213,70399,128543,511,497,72636,72902,145364,148495,173802,191803,262127,291070,350028,369139,286681,322698,220805,282012,66307,120541,3477962,2359843,482559,320487,801809,574420,122950,528,456
2021-07-02T23:59:59+02:00,10970,10007,175746,171950,302807,282211,336632,333895,410572,423884,474090,480617,334134,373783,237878,304031,70371,128495,472,446,69936,70215,141432,145203,169358,187754,256069,285619,344799,364428,283425,318967,220164,281239,66258,120456,3459852,2326588,481078,317697,801627,561830,120417,526,440
2021-07-01T23:59:59+02:00,9873,9078,172069,168500,298762,278913,334135,331619,408777,422300,472993,479657,333714,373319,237677,303761,70325,128416,400,373,65042,65491,135099,139859,162065,181240,245804,276750,333989,354626,278636,313690,218310,278981,66079,120143,3437266,2270172,478980,305328,801280,544089,117258,526,436
2021-06-30T23:59:59+02:00,9383,8684,168794,165413,293133,274282,330460,328279,407006,420757,471969,478685,333291,372835,237485,303460,70291,128327,318,312,61909,62639,129452,135178,155415,175237,235742,267590,320575,341338,273420,308138,216419,276655,65911,119821,3412130,2215083,476807,292505,800986,525238,113495,525,434
2021-06-29T23:59:59+02:00,8846,8162,164986,161628,288589,270009,326892,324981,404901,418675,470421,477271,332702,372197,237231,303105,70236,128218,260,241,59116,59638,124499,130761,149386,169701,223883,256880,312009,332962,266956,300943,214445,274193,65708,119475,3384578,2155763,474807,287836,800660,507821,109876,523,431
2021-06-28T23:59:59+02:00,8441,7783,161654,158164,283545,265683,323586,322136,402756,416749,468933,475958,332183,371585,236998,302796,70192,128125,200,191,56837,57284,120588,127246,145033,165615,214655,248457,306212,327547,262007,295647,212681,271958,65561,119209,3360622,2119996,470836,279209,800001,491289,106664,523,428
2021-06-27T23:59:59+02:00,8293,7660,160147,156635,281441,263874,321782,320597,401054,415388,468035,475241,331891,371293,236895,302633,70173,128076,174,171,55636,56172,118462,125535,142461,163481,210540,245067,302840,324684,258194,291638,210222,269045,65450,119014,3350593,2104506,468759,275707,798952,475141,103659,522,426
2021-06-26T23:59:59+02:00,7139,6560,156876,153297,279336,261991,319367,318355,399863,414232,467337,474543,331622,371013,236788,302475,70149,128046,163,159,55088,55580,117117,124377,141033,162241,208295,243058,300307,322268,256654,289975,209888,268635,65423,118944,3331450,2087667,465935,275616,798946,472641,103524,500,406
2021-06-25T23:59:59+02:00,5917,5444,152566,149010,275940,259035,317316,316394,398553,412985,466336,473718,331333,370677,236661,302319,70122,127997,134,138,53798,53954,114633,121676,136944,157669,199526,234604,294611,316390,254929,287854,209295,267833,65352,118827,3306487,2045133,464505,273918,798894,466050,103297,500,405
2021-06-24T23:59:59+02:00,5053,4656,148114,144878,271104,255081,313039,312608,396357,411110,464960,472582,330908,370215,236493,302081,70088,127910,115,108,51146,51357,109497,116951,129602,151017,187471,224143,283192,306153,249545,282008,207459,265485,65149,118426,3275255,1983012,462496,262127,798727,452289,101607,499,404
2021-06-23T23:59:59+02:00,4831,4450,144946,141758,267401,251926,307796,307802,393863,408763,463552,471264,330379,369596,236262,301769,70040,127803,83,78,49202,49268,105697,113036,123927,145333,177564,215470,271205,294153,244931,277190,206125,263785,64988,118067,3247675,1926623,458972,252259,798566,441589,99830,497,403
2021-06-22T23:59:59+02:00,4580,4220,141867,138628,263683,248543,301664,302367,391229,406203,462008,469778,329830,368988,236041,301416,69993,127696,53,57,47509,47521,102082,109725,119121,140751,164958,204320,260285,283845,240863,272714,204204,261374,64736,117595,3215597,1868189,457035,244529,798372,430631,98556,495,394
2021-06-21T23:59:59+02:00,4321,3975,138601,135683,258974,244635,296416,297497,388179,403328,460536,468424,329312,368425,235820,301103,69953,127584,45,49,46274,46292,99694,107502,116384,138042,158734,198542,253394,277206,235507,266874,200264,256846,64551,117218,3183830,1837158,454988,239012,798165,410837,96595,492,393
2021-06-20T23:59:59+02:00,4177,3857,137093,134173,254719,241137,293835,295256,386787,402011,459746,467678,329086,368137,235708,300971,69933,127522,39,46,45148,45367,97430,105703,114106,136052,155698,195997,249079,273127,232502,263342,199276,255591,64470,117092,3166329,1816752,453223,235458,798007,402966,95070,490,386
2021-06-19T23:59:59+02:00,3761,3506,134941,132075,251967,238813,292050,293601,384942,400444,458907,466950,328865,367885,235605,300833,69913,127490,38,44,44603,44719,96155,104436,112629,134584,154189,194556,245852,270098,231777,262491,199105,255328,64448,117039,3149984,1800752,450399,233875,797998,402679,94960,490,385
2021-06-18T23:59:59+02:00,2809,2593,131658,128934,248442,235758,288037,290188,382542,398317,457568,465791,328489,367484,235450,300598,69886,127441,38,43,43816,43803,94577,102653,110326,131913,150637,190516,238989,262804,230048,260484,198619,254688,64373,116905,3124164,1771409,445961,233345,797972,395965,94677,490,384
2021-06-17T23:59:59+02:00,2575,2370,127945,125642,242408,231312,282806,285799,377750,394327,455240,463951,327893,366761,235205,300243,69821,127328,37,43,41574,41975,90523,99173,105416,127157,142769,182840,227583,251406,224842,254543,196967,252528,64114,116485,3089319,1715674,442973,229195,797709,385055,90208,434,377
2021-06-16T23:59:59+02:00,2304,2134,124707,122234,237505,226959,278109,281538,372578,389828,452645,461807,327148,365963,234915,299829,69755,127213,37,41,39737,40373,86982,96141,101061,123325,134527,175489,215473,239485,218605,247426,195040,250199,63862,115997,3055750,1655820,437433,223587,797214,376945,87597,432,375
2021-06-15T23:59:59+02:00,1915,1802,119789,117363,231521,221811,272756,276550,367509,385197,449797,459389,326279,364987,234563,299317,69673,127029,36,39,38120,38759,83654,93092,97089,119269,127465,169108,203108,227447,212567,240629,193076,247767,63552,115425,3011010,1598472,435504,217733,796654,369259,84883,432,372
2021-06-14T23:59:59+02:00,1652,1527,115737,113203,226291,216901,267393,271575,362216,380442,446677,456794,325493,364130,234253,298929,69611,126908,32,38,37141,37870,81375,90992,94377,116746,123345,165356,196502,220940,209455,237121,191940,246293,63333,115032,2968843,1568846,433148,215455,796397,361593,82134,430,368
2021-06-13T23:59:59+02:00,1579,1442,114243,111826,223839,214795,264849,269317,359962,378481,445506,455768,325217,363826,234117,298757,69579,126834,29,38,36272,37133,79514,89316,92363,114923,120519,162744,192623,217227,206361,233676,190906,244923,63101,114619,2953848,1554820,430708,208173,796094,353358,80070,430,367
2021-06-12T23:59:59+02:00,1430,1304,111590,109076,221942,213064,263463,268037,358523,377082,444612,455001,324929,363517,234025,298654,69561,126806,29,38,35902,36727,78524,88221,91109,113623,118937,161180,189056,213922,205326,232547,189507,243266,63091,114587,2937657,1541639,429730,208164,796072,345978,79936,429,366
2021-06-11T23:59:59+02:00,1283,1168,109040,106559,219045,210441,259794,264842,355388,374348,442898,453530,324494,363065,233888,298446,69534,126751,29,37,35226,35611,76515,84840,88874,110086,114824,156037,182343,206460,203228,230174,188902,242495,63028,114488,2913229,1514089,426928,207467,795892,332526,79235,428,365
2021-06-10T23:59:59+02:00,1121,1011,104286,102145,212969,205675,252732,259013,349293,369052,438401,449753,323633,362094,233568,298000,69450,126598,27,36,33644,34121,72509,80661,83948,104574,108144,147807,169977,192805,197140,223274,187173,240352,62774,114084,2869564,1466854,419825,205722,795057,305494,75092,424,359
2021-06-09T23:59:59+02:00,972,882,100364,98430,206996,200944,245918,253297,342630,363099,434717,446731,322952,361347,233295,297617,69385,126466,26,35,32107,32861,69266,78006,80251,101402,103413,143520,158820,182026,186502,211257,185307,238106,62502,113589,2830519,1412720,411295,201739,794541,294209,70429,405,356
2021-06-08T23:59:59+02:00,790,701,95832,93883,200354,195379,238960,247280,334370,355817,429608,442058,322116,360343,232920,297130,69305,126330,25,33,31032,32002,66674,75705,76966,98671,98826,139601,151196,174516,177774,201525,183498,235851,62270,113221,2778514,1373431,405522,196819,793955,283329,65905,405,348
2021-06-07T23:59:59+02:00,631,560,92609,90777,194283,190670,232399,242032,326537,349641,426560,439608,321568,359707,232703,296803,69251,126234,24,31,30159,31153,64205,73744,74010,96508,95058,136661,143101,166712,173718,196889,182065,234039,62046,112836,2739469,1346262,399348,193515,793387,272199,61072,405,348
2021-06-06T23:59:59+02:00,593,525,91029,89460,190987,188110,229044,239256,322252,346235,425123,438528,321295,359409,232595,296645,69228,126187,24,31,29556,30596,62429,72057,71930,94490,91859,133590,137401,160905,171178,194248,180953,232638,61818,112456,2724025,1334377,391945,183805,792901,261742,58322,404,342
2021-06-05T23:59:59+02:00,511,445,89083,87442,186107,183889,226575,237123,320435,344614,424127,437616,321008,359091,232446,296478,69214,126155,24,30,29096,29835,61225,70099,70528,92336,90177,131312,132629,155557,168169,190573,180468,231979,61784,112390,2700512,1310707,391814,183338,792788,256311,57931,403,341
2021-06-04T23:59:59+02:00,411,360,86725,84910,182437,180270,222564,233174,316840,340974,421765,435421,320551,358555,232251,296249,69175,126093,24,28,28626,29158,60100,68439,69238,90247,88386,128684,129249,151894,163927,185795,179476,230712,61736,112303,2671249,1291814,387988,182563,792668,246230,57490,402,338
2021-06-03T23:59:59+02:00,319,285,83434,81833,176697,175600,215293,227064,309121,334269,414004,428556,319514,357372,231880,295796,69119,125960,22,28,27733,28144,58201,66239,66839,87488,84739,124562,122468,145212,157577,178172,177901,228679,61622,112066,2622261,1262544,377735,177217,792245,233476,54524,400,330
2021-06-02T23:59:59+02:00,269,226,81349,79660,172594,171863,211637,223898,305531,330908,411954,426721,319103,356916,231726,295589,69091,125909,21,26,27262,27661,57068,65111,65228,86204,82671,122610,117484,140321,149685,169190,177178,227723,61537,111896,2593426,1230259,376348,175243,792219,229854,53590,397,321
2021-06-01T23:59:59+02:00,170,158,77080,75831,164311,165287,202266,216161,296425,323015,403741,418880,317595,355301,231185,294849,68979,125682,21,23,25709,26245,52750,62151,60380,82908,77237,118097,110043,133094,138566,155753,175067,224981,61329,111470,2534680,1179999,364694,171129,791462,218063,46695,392,311
2021-05-31T23:59:59+02:00,148,141,74333,73342,158648,160959,194953,210181,289034,316625,397998,413908,316598,354186,230797,294328,68889,125511,21,22,24797,25184,50118,59926,57205,80371,73619,114810,105536,128639,134398,150825,173694,223255,61160,111137,2494211,1157510,355292,168760,790821,207651,40849,391,309
2021-05-30T23:59:59+02:00,137,133,73280,72273,156161,158922,192325,207825,286247,314110,396110,412162,316234,353775,230636,294088,68851,125430,21,22,24191,24396,48523,58188,55462,78511,71380,112240,102880,125769,132241,148293,172901,222319,61067,110926,2478378,1147704,352768,167449,790188,196275,37953,390,303
2021-05-29T23:59:59+02:00,134,131,72672,71680,154646,157521,190023,205795,284409,312522,395273,411392,316011,353530,230555,294009,68840,125411,20,22,23866,23868,47602,56689,54117,76631,69452,109394,100556,122969,129429,144864,172247,221411,61040,110874,2464484,1134057,352607,167382,790123,185734,37928,388,302
2021-05-28T23:59:59+02:00,130,128,71585,70565,152244,155263,186354,202251,281133,309389,393412,409623,315602,353024,230408,293795,68821,125354,20,21,23332,22864,45994,54562,52286,74065,67406,105444,96222,117076,125035,139801,171268,220099,60993,110760,2440642,1111362,351554,167168,789914,171217,37551,386,295
2021-05-27T23:59:59+02:00,119,119,68268,67547,145750,150319,178157,195991,274728,304223,387103,403937,314332,351572,229947,293264,68749,125171,18,20,22007,21180,42736,51509,48400,70248,62842,99429,89862,109556,121099,135172,168460,216392,60820,110445,2396017,1082873,343923,164429,788102,151118,31817,384,289
2021-05-26T23:59:59+02:00,115,116,66113,65363,140799,146234,172051,190924,267973,298552,380359,397242,312808,349957,229452,292564,68645,124958,18,19,21263,20260,40909,49369,46042,67513,59800,95632,85270,104430,116108,129442,164646,211041,60610,110017,2358687,1050859,330714,162846,786278,139635,29090,382,285
2021-05-25T23:59:59+02:00,114,109,64084,63367,136594,142746,167000,186625,260907,292263,374929,391847,311520,348540,229038,291915,68562,124779,18,19,20687,19595,39509,47849,44206,65493,57324,92624,81183,100043,111150,123731,159082,203762,60440,109709,2321081,1019191,323203,159421,783735,130399,27456,378,279
2021-05-24T23:59:59+02:00,112,107,62841,62155,133831,140637,163722,184208,253956,286265,369983,387163,310692,347621,228751,291528,68491,124648,18,19,20345,19185,38488,46773,42863,64007,55639,90615,78948,97528,109719,122076,158473,202969,60328,109506,2297325,1009812,312079,158116,781924,123709,25909,377,274
2021-05-23T23:59:59+02:00,107,106,62343,61637,132729,139740,162525,183171,252714,285242,368394,385735,310069,346962,228578,291300,68471,124612,18,16,20111,18997,37936,46213,42107,63306,54471,89618,77453,96161,108538,120674,157492,201747,60257,109364,2285809,1001607,311490,155035,781880,122108,25779,377,271
2021-05-22T23:59:59+02:00,104,104,61647,61012,131230,138656,160150,181547,249743,282948,365913,383504,309539,346366,228401,291033,68445,124561,17,16,19792,18572,37319,45608,41471,62777,53818,88889,76683,95011,106987,118867,156718,200776,60230,109310,2267798,994898,311474,155031,781841,118671,24307,377,271
2021-05-21T23:59:59+02:00,100,101,60310,59570,128319,136060,156855,178222,244502,278181,359815,377818,308603,345271,228106,290635,68384,124453,17,15,19429,18205,36704,44839,40815,61725,52861,87495,74955,92713,103742,114914,155578,199325,60138,109134,2231695,981855,309830,154703,780264,112075,24021,373,267
2021-05-20T23:59:59+02:00,91,99,57262,56780,122576,131181,149918,171900,234183,269419,350778,369531,306062,342525,227337,289622,68252,124233,16,15,18133,17269,34529,42595,38358,58823,50033,83715,71026,88209,99611,110258,153106,196301,59956,108779,2173641,962496,303158,152746,774309,94405,21125,368,266
2021-05-19T23:59:59+02:00,89,97,55051,54589,117563,126500,142750,165281,223637,260057,340225,358623,303413,339654,226586,288568,68101,123957,16,15,17551,16481,33303,41011,36952,56762,48020,80934,67783,84631,95724,105784,149469,191556,59694,108287,2107675,939059,296901,150765,771326,84895,19300,366,251
2021-05-18T23:59:59+02:00,85,92,52952,52625,112772,122240,136366,159707,212063,249688,330338,348818,300741,336684,225706,287369,67950,123702,16,15,17033,15874,32085,39546,35593,54965,46203,78521,64893,81405,91711,101244,146271,187479,59482,107853,2047773,918773,287525,147901,767730,76236,17319,362,250
2021-05-17T23:59:59+02:00,82,88,51917,51629,110432,120179,133550,157053,205534,243670,322766,341721,298945,334710,225117,286545,67842,123489,16,15,16574,15425,31035,38501,34419,53669,44722,76719,62625,79004,86866,95373,144806,185590,59334,107539,2020938,907048,275211,140425,764302,69537,15257,360,246
2021-05-16T23:59:59+02:00,81,85,51129,50974,108984,118857,131806,155387,202561,240987,315333,334763,297923,333578,224806,286060,67789,123391,16,15,16291,15052,30284,37718,33546,52751,43659,75404,61293,77532,83450,91294,144014,184509,59246,107397,2005583,900946,264780,133653,761058,65397,13505,356,243
2021-05-15T23:59:59+02:00,80,85,50591,50341,107982,117866,130790,154270,200624,239050,311762,331550,297300,332893,224610,285789,67769,123327,16,15,16152,14888,30031,37410,33261,52319,43174,74756,60444,76543,82853,90478,143497,183841,59210,107350,1989362,895700,264759,133506,760190,64268,12796,354,241
2021-05-14T23:59:59+02:00,79,84,49329,48914,105728,115770,127198,150817,192411,231979,305449,325660,296318,331755,224324,285341,67721,123232,16,15,15653,14458,29243,36586,32490,51126,42098,72969,58874,74591,80942,87985,142885,182850,59169,107264,1952071,886024,263057,132629,755646,58840,11750,351,239
2021-05-13T23:59:59+02:00,75,83,47411,46962,101885,112537,122481,146702,182385,223390,294838,315838,293353,328333,223513,284203,67621,123025,14,14,14793,14011,28386,35887,31730,50224,41153,71875,57367,73022,77162,83631,140116,179239,59059,107047,1900453,873461,254430,125574,749417,54990,10736,347,234
2021-05-12T23:59:59+02:00,73,81,46499,46249,99968,111106,120412,145036,179830,221280,290104,310509,292193,327064,223273,283884,67583,122940,14,13,14627,13860,28065,35668,31325,49935,40705,71500,56824,72453,75812,81998,139336,178104,58973,106887,1877352,867698,252267,123777,748926,54720,9936,344,232
2021-05-11T23:59:59+02:00,69,75,44253,44773,95927,108023,114595,140304,166457,210006,278452,299744,288792,323150,222319,282485,67433,122641,14,12,14197,13293,27051,34242,30191,48126,39398,69226,55115,70187,72719,78410,137974,176268,58814,106528,1818469,855391,242538,121087,740413,46857,8456,340,231
2021-05-10T23:59:59+02:00,68,71,42998,43794,93324,106015,111339,137670,158072,202979,270574,292635,286618,320698,221748,281625,67309,122400,14,11,13851,12849,26290,33257,29395,46865,38401,67369,53886,68459,70630,75855,136828,174753,58695,106240,1782887,846510,236495,120032,733438,39655,7484,337,222
2021-05-09T23:59:59+02:00,67,71,41875,43022,90643,104259,108672,135901,153057,199557,265049,287687,285375,319309,221371,281097,67243,122254,14,11,13534,12629,25594,32589,28665,46062,37606,66407,52958,67517,69399,74452,136231,173915,58640,106109,1763537,841931,229395,119053,727440,34876,6501,332,220
2021-05-08T23:59:59+02:00,66,71,41583,42718,89796,103526,107573,135044,151604,198338,262487,285622,284874,318769,221252,280919,67227,122222,14,11,13432,12567,25464,32498,28520,45933,37417,66213,52617,67197,68434,73529,135161,172548,58593,106016,1751470,837313,228885,118305,727214,34098,6487,325,208
2021-05-07T23:59:59+02:00,64,70,40660,42001,87857,102184,104740,132825,146982,194529,256230,280108,283532,317169,220906,280466,67175,122100,14,11,12687,12086,24636,31761,27754,44872,36552,64949,51433,65684,66184,70839,132932,169722,58504,105839,1725657,827617,225674,116032,723091,27310,5538,318,204
2021-05-06T23:59:59+02:00,60,69,38018,40277,83106,98724,98742,128070,136794,186014,239793,265698,278413,311372,219617,278779,67001,121786,14,11,12000,11568,23698,30657,26755,43521,35196,62950,49698,63705,63695,67709,130820,166956,58390,105621,1660100,816510,215769,112921,712183,18942,4628,304,203
2021-05-05T23:59:59+02:00,58,66,36130,39078,79447,96137,94139,124425,128968,179480,225039,251654,272229,304236,218044,276791,66755,121263,14,10,11766,11292,23152,29932,26152,42600,34272,61549,48545,62290,61080,64593,127874,163255,58291,105369,1593882,804190,210687,109349,706140,14968,3570,303,198
2021-05-04T23:59:59+02:00,58,64,35024,37969,76721,93812,90629,121380,123395,174748,214408,241383,266744,297790,216602,274949,66546,120796,14,10,11603,11088,22743,29390,25690,41828,33550,60457,47435,61017,58358,61408,125509,160317,58142,105133,1544816,792286,205563,106711,700057,11820,2919,299,194
2021-05-03T23:59:59+02:00,57,63,34152,36919,74429,91989,87753,119029,118956,171103,207749,235382,263465,293926,215804,273860,66424,120501,14,10,11356,10817,22349,28810,25208,41127,32861,59491,46409,59876,55559,58060,121730,155419,57885,104695,1513056,776399,202451,104995,695119,9063,1266,295,189
2021-05-02T23:59:59+02:00,57,63,33797,36603,73251,91082,86280,117935,116528,169234,204653,232864,262502,292838,215519,273452,66357,120393,14,9,11284,10744,22158,28595,24977,40842,32519,59081,45954,59401,54368,56598,118658,151735,57801,104563,1502442,771359,199653,99431,691243,8161,401,288,182
2021-05-01T23:59:59+02:00,56,63,33478,36224,72489,90288,85206,116892,115055,167869,201566,229834,261810,292013,215309,273172,66346,120354,14,9,11270,10728,22104,28565,24914,40804,32457,59024,45872,59324,54126,56306,118500,151539,57792,104546,1487334,770048,199644,99391,690976,8113,394,287,181
2021-04-30T23:59:59+02:00,53,61,32937,35623,71282,89065,83742,115161,111272,164300,194170,222719,259820,289647,214860,272563,66286,120246,14,9,10949,10532,21744,28287,24638,40380,32129,58462,45409,58691,53229,55142,117548,150353,57737,104427,1454437,766369,199317,97400,690177,5774,193,285,177
2021-04-29T23:59:59+02:00,51,60,31436,34670,68359,87035,80106,112552,106159,160184,181351,211173,251884,280541,213663,270931,66151,119903,14,9,10640,10317,21267,27839,24208,39883,31541,57721,44604,57760,51395,52945,115699,148115,57637,104232,1399512,757529,192032,94729,684805,3453,171,275,174
2021-04-28T23:59:59+02:00,50,59,30201,34060,66489,85721,77625,110730,102734,157326,171660,201990,241030,267944,212385,269246,65955,119577,14,9,10453,10156,20966,27483,23841,39414,31116,57060,43877,56932,49265,50318,113116,144873,57512,104020,1346847,747944,188668,90170,679435,2231,140,269,166
2021-04-27T23:59:59+02:00,47,58,29443,33374,64911,84251,75609,108919,99968,154928,166929,197259,232522,258134,211238,267631,65835,119354,14,9,10328,10045,20684,27191,23604,39084,30756,56558,43187,56243,47255,47773,110474,141436,57393,103820,1312775,738119,186359,86156,671441,1510,138,264,156
2021-04-26T23:59:59+02:00,46,58,29013,32989,63810,83365,74108,107754,97677,153214,158316,189258,228330,253290,210531,266634,65742,119154,14,9,10234,9955,20466,27001,23367,38870,30457,56216,42568,55670,45448,45624,108578,138953,57297,103666,1283829,730150,184916,83053,664711,1130,132,260,152
2021-04-25T23:59:59+02:00,46,57,28761,32749,63034,82838,73044,107017,95945,151984,152928,184387,223997,248408,209941,265853,65676,119031,14,9,10178,9921,20387,26920,23279,38786,30349,56089,42408,55510,45036,45127,107897,138046,57269,103595,1271049,728478,178778,81288,656036,998,129,257,151
2021-04-24T23:59:59+02:00,46,56,28417,32321,62092,81613,71859,105568,94394,150321,148019,179235,221211,245074,209471,265179,65642,118981,14,9,10164,9902,20346,26878,23226,38719,30268,56003,42257,55374,44792,44817,107645,137749,57248,103567,1246161,727382,178748,80587,654750,955,128,256,149
2021-04-23T23:59:59+02:00,44,56,27669,31699,60525,80097,70065,103546,91804,147675,143229,174837,216655,239521,208816,264191,65579,118866,14,9,10111,9839,20236,26791,23095,38569,30035,55794,41894,55043,44176,44056,106582,136461,57092,103292,1221248,724027,177563,78107,646216,903,127,252,146
2021-04-22T23:59:59+02:00,42,55,27053,31098,58989,78661,67597,101328,87675,144184,135189,167347,207630,228528,206777,261562,65380,118470,13,9,9986,9743,19985,26493,22741,38135,29523,55282,41143,54408,43019,42741,104586,134009,56863,102894,1179724,716538,170109,74205,637879,782,127,247,142
2021-04-21T23:59:59+02:00,42,51,26557,30577,57657,77556,65714,99695,84629,141543,128006,160529,194550,213194,204627,258676,65154,118044,13,9,9854,9656,19752,26242,22453,37810,29167,54829,40589,53873,42170,41723,102392,131217,56608,102480,1128218,709973,167219,70112,631507,710,127,243,135
2021-04-20T23:59:59+02:00,41,50,26131,30106,56491,76409,64037,98109,82075,138971,122917,155458,183079,199739,202200,255540,64918,117614,13,9,9749,9566,19532,26054,22161,37538,28756,54411,40050,53341,41352,40789,100169,128223,56270,101944,1085570,702403,163731,66862,624725,630,125,241,127
2021-04-19T23:59:59+02:00,41,49,25764,29747,55517,75588,62749,96930,79942,137047,119389,152070,177316,192899,200490,253303,64735,117284,13,9,9641,9473,19301,25833,21916,37264,28441,54018,39536,52810,40555,39882,97058,124238,55865,101229,1060991,692016,161899,64442,618118,592,124,231,127
2021-04-18T23:59:59+02:00,40,44,25455,29484,54748,75042,61625,95983,78080,135617,116023,149675,172204,187340,199476,252074,64623,117091,13,9,9567,9398,19111,25656,21738,37099,28226,53742,39277,52560,40226,39499,95845,122689,55682,100928,1046984,688145,160230,62511,607553,577,124,227,126
2021-04-17T23:59:59+02:00,39,43,25346,29391,54378,74844,61109,95630,77427,135018,115174,148934,167950,182460,198943,251348,64589,117028,13,9,9522,9339,18972,25467,21550,36870,27998,53468,39013,52293,39925,39174,95078,121764,55617,100844,1036107,684122,160201,62197,603486,565,124,226,126
2021-04-16T23:59:59+02:00,39,43,24971,29141,53386,74235,59819,94751,75798,133688,111021,144791,160305,173694,197285,249147,64481,116820,13,9,9316,9164,18580,25033,20963,36295,26887,52562,36988,50688,36601,36218,91881,118234,55215,100189,1010187,668996,159409,55272,593961,536,123,224,125
2021-04-15T23:59:59+02:00,36,39,24495,28692,52131,73068,57855,93026,72520,130847,105558,139515,152445,164722,192634,243279,64185,116203,13,9,9142,9000,18210,24610,20469,35632,26209,51763,35597,49456,34489,34166,88757,114491,54707,99332,977999,655856,157354,49681,576034,486,122,222,121
2021-04-14T23:59:59+02:00,34,36,24155,28365,51197,72130,56511,91638,70133,128684,101558,135746,143250,154343,184894,233400,63844,115537,13,9,8734,8728,17733,24103,19934,34984,25298,50885,34309,48337,32440,32010,85778,110837,54214,98471,940118,640937,154684,45459,560792,393,121,215,120
2021-04-13T23:59:59+02:00,34,36,23915,28147,50498,71596,55564,90806,68498,127269,97833,132305,131423,141222,178502,225075,63506,114947,13,9,8497,8553,17387,23692,19507,34447,24632,50092,33239,47318,31055,30646,83616,108437,53854,97926,906857,631556,150166,41065,544292,271,121,211,119
2021-04-12T23:59:59+02:00,34,35,23706,27957,49943,71082,54697,90071,67027,125979,95202,129983,124310,133193,175275,221125,63235,114456,13,9,8260,8363,17021,23393,19134,34009,24160,49557,32572,46690,29524,29107,81953,106498,53527,97406,890435,623105,148622,37807,528397,257,119,204,116
2021-04-11T23:59:59+02:00,33,35,23531,27794,49414,70661,53963,89615,65882,125173,93344,128503,118823,127172,171361,216522,63065,114159,13,9,8125,8229,16723,23114,18816,33695,23802,49175,32127,46305,28888,28440,80936,105250,53318,97088,882950,617809,144220,35982,512032,242,113,198,113
2021-04-10T23:59:59+02:00,33,35,23470,27737,49247,70524,53762,89455,65551,124903,92818,128065,116740,124642,169920,214671,63023,114059,13,9,7537,7623,15831,22326,17856,32854,22683,48143,31014,45310,28226,27729,78841,102643,53051,96652,875947,602478,143364,35603,509501,238,106,197,113
2021-04-09T23:59:59+02:00,32,35,23221,27487,48745,70034,53121,88766,64554,123777,90993,126158,107904,113694,166540,210264,62824,113701,12,9,6577,6721,14299,21003,16135,31297,20538,46174,28802,43302,26447,25905,75333,98457,52506,95812,856511,574998,136308,34088,499196,226,94,191,109
2021-04-08T23:59:59+02:00,32,35,22924,27241,48165,69544,52364,88066,63246,122691,88573,123991,97587,101687,160996,203414,62495,113132,12,9,5933,6132,13108,19983,14876,29960,18899,44459,26312,40968,23424,22936,70667,92664,51352,94044,837807,543375,127411,32152,481137,199,85,189,106
2021-04-07T23:59:59+02:00,30,34,22612,27014,47356,69083,51431,87450,61857,121705,85423,121544,88394,91390,153990,194626,62201,112575,12,9,5553,5809,12448,19306,14060,29134,17860,43409,24406,39076,20885,20411,66701,87889,50354,92426,817380,519892,121810,29676,459701,173,78,182,101
2021-04-06T23:59:59+02:00,29,34,22401,26854,46826,68699,50840,86926,60825,120928,83313,119802,80630,82577,147621,186665,61856,111949,12,9,5357,5650,12095,18947,13707,28702,17324,42846,23548,38266,19757,19380,63540,83788,49431,91038,798097,506511,118598,26725,442262,162,72,175,99
2021-04-05T23:59:59+02:00,29,33,22302,26729,46513,68350,50449,86525,60278,120235,82131,118651,76150,77481,142641,180582,61655,111635,12,9,5217,5511,11834,18695,13412,28388,17001,42470,23101,37805,19296,18911,60652,80228,48731,89971,788655,497162,116845,23930,427057,157,66,169,99
2021-04-04T23:59:59+02:00,29,33,22253,26668,46390,68076,50277,86210,59997,119734,81621,118019,74706,75773,141937,179611,61618,111554,12,9,5212,5503,11815,18681,13400,28371,16982,42453,23003,37733,18890,18591,59213,78378,48524,89660,786111,492365,116737,23927,421857,150,60,164,97
2021-04-03T23:59:59+02:00,29,33,22191,26587,46267,67967,50113,86034,59682,119422,81053,117441,73360,74138,140822,178075,61535,111406,12,9,5201,5494,11802,18662,13377,28351,16949,42406,22897,37658,18754,18441,58862,77812,48435,89513,779751,490573,116695,23927,419908,148,59,163,97
2021-04-02T23:59:59+02:00,29,33,22113,26502,46105,67800,49895,85786,59212,118969,80173,116629,71805,72255,138542,175093,61341,111046,12,9,5181,5457,11754,18619,13322,28269,16861,42257,22624,37183,18397,18078,56523,74928,47622,88412,770633,482094,114918,23284,417979,148,55,161,94
2021-04-01T23:59:59+02:00,26,31,21918,26298,45689,67280,49249,85045,58337,118030,78290,114960,68544,68829,134455,169917,61023,110475,12,9,5034,5313,11480,18354,13098,28033,16540,41948,22119,36742,17569,17330,51663,68879,45935,85939,758982,463975,108830,21910,410789,135,50,158,92
2021-03-31T23:59:59+02:00,26,31,21589,26079,45288,66752,48751,84395,57605,117090,77129,113719,66495,66510,129695,163796,60619,109750,11,9,4956,5260,11380,18232,12934,27880,16299,41679,21525,36227,16439,16428,46432,62450,44548,83946,749211,445567,101656,20971,404663,132,43,156,87
2021-03-30T23:59:59+02:00,26,30,21412,25857,44887,66133,48245,83596,56894,116038,75991,112340,64649,64492,125313,158048,60153,108853,11,9,4889,5175,11275,18106,12741,27690,15970,41356,20950,35680,15607,15626,43668,59035,43435,82148,739030,433703,97432,19604,396718,105,36,149,85
2021-03-29T23:59:59+02:00,25,30,21214,25619,44424,65582,47769,82906,56160,114958,74756,110904,62155,61743,118575,149425,59384,107461,11,9,4791,5102,11169,17990,12587,27525,15725,41033,20490,35212,14958,15084,41067,56043,42327,80319,718495,422477,94013,18921,390807,88,34,147,83
2021-03-28T23:59:59+02:00,25,30,21008,25328,43925,64890,47252,82163,55482,113951,73811,109795,60896,60308,113867,143457,58940,106702,11,9,4735,5042,11023,17840,12328,27225,15533,40788,20322,34979,14719,14839,39993,54633,41976,79778,711954,418160,86705,17596,383395,67,34,143,77
2021-03-27T23:59:59+01:00,25,30,20887,25170,43631,64526,46888,81635,54978,113263,73136,109058,59742,59224,112378,141747,58873,106620,11,9,4721,5030,10996,17821,12310,27195,15171,40358,19921,34542,14428,14629,39507,53946,41503,78961,706676,414105,86001,16943,379355,63,34,142,75
2021-03-26T23:59:59+01:00,25,29,20636,24659,42824,62824,45916,79609,53641,110240,71122,105441,57730,57334,109627,138517,58545,106104,9,9,4702,4997,10973,17769,12240,27104,15093,40248,19580,33946,13958,13976,36428,50093,39445,75706,695279,399555,82683,16724,367078,51,31,142,75
2021-03-25T23:59:59+01:00,25,26,20204,23986,41949,61059,44821,77057,52129,106710,68735,101678,55134,54699,106314,134553,57975,105111,9,9,4656,4942,10881,17666,12119,26959,14910,40029,19303,33638,13484,13483,32579,45039,36442,71156,683852,381182,78487,16129,350045,46,28,139,75
2021-03-24T23:59:59+01:00,25,26,19800,23539,41164,59786,43802,75518,50747,104784,66633,99347,52350,51782,102063,129460,57335,104035,9,9,4601,4875,10787,17524,11952,26756,14680,39742,18936,33219,13028,13037,30008,41827,33326,66318,671049,365623,73613,15031,337757,40,23,136,73
2021-03-23T23:59:59+01:00,25,26,19552,23237,40603,58867,43077,74423,49706,103269,64966,97487,50053,49436,99312,126248,56777,103196,9,9,4541,4804,10688,17398,11806,26572,14434,39429,18521,32830,12530,12531,27569,38717,29624,60392,662895,347983,70267,14443,327322,37,22,134,73
2021-03-22T23:59:59+01:00,25,26,19329,22822,39960,57983,42409,73382,48761,101882,63492,95854,48224,47550,96916,123510,56306,102431,6,8,4484,4758,10600,17282,11675,26394,14275,39188,18279,32527,12214,12157,25727,36356,25633,53922,656588,331625,67463,13887,317034,32,22,131,71
2021-03-21T23:59:59+01:00,25,26,19190,22563,39466,57226,41856,72536,48108,100725,62548,94619,47178,46524,95273,121658,55936,101854,6,8,4468,4749,10564,17234,11628,26307,14215,39101,18198,32426,12094,12022,25297,35907,25279,53362,654005,329423,65432,13474,308094,32,20,130,67
2021-03-20T23:59:59+01:00,24,26,19131,22419,39253,56732,41615,71975,47797,100090,62106,94017,46523,45760,92678,118431,55648,101368,6,8,4459,4740,10555,17221,11600,26290,14172,39066,18117,32351,11940,11862,24656,35134,24514,52278,647542,325715,64983,13286,303284,32,20,130,67
2021-03-19T23:59:59+01:00,23,25,18775,21854,38120,54610,40333,69983,46060,98005,59225,91261,42087,41891,87461,112673,54948,100292,6,8,4437,4725,10522,17171,11535,26178,14080,38894,17882,32052,11589,11580,22976,33072,22828,49714,629800,316362,57775,12923,290268,28,19,125,67
2021-03-18T23:59:59+01:00,23,24,18381,21204,36942,52456,38795,67195,43904,93534,55381,85469,38056,38092,82735,107199,53859,98638,6,8,4417,4696,10456,17068,11457,26023,13935,38707,17669,31851,11355,11397,21731,31551,21111,47113,612875,308279,52038,12310,267184,26,18,124,65
2021-03-17T23:59:59+01:00,23,23,17955,20852,36214,51537,38027,66237,42821,92176,53591,83643,35379,35300,78722,102383,52920,97167,5,8,4394,4668,10394,16973,11383,25890,13822,38519,17473,31658,11119,11171,20478,30132,19520,44705,596208,300753,47637,11600,261329,23,18,121,63
2021-03-16T23:59:59+01:00,23,23,17595,20432,35465,50467,37212,65042,41725,90504,51752,81655,33173,33282,74687,97422,52038,95853,5,6,4344,4616,10321,16843,11292,25737,13722,38281,17340,31414,10943,10989,19196,28606,18038,42376,582929,292949,42951,11165,252671,23,14,120,62
2021-03-15T23:59:59+01:00,23,23,17315,20067,34753,49486,36420,63853,40819,89025,50491,80052,31449,31446,71396,93328,51342,94721,5,6,4322,4581,10254,16720,11226,25537,13605,37993,17192,31143,10778,10831,18465,27640,16776,40512,571800,287122,39621,10518,244797,23,3,115,62
2021-03-14T23:59:59+01:00,23,22,17046,19640,33898,48276,35520,62536,39759,87197,49235,78325,30284,30205,69402,90764,50900,94045,5,6,4298,4562,10209,16642,11170,25395,13545,37771,17102,30981,10706,10745,18285,27360,16513,39950,564684,285924,37740,9387,234865,14,0,110,62
2021-03-13T23:59:59+01:00,23,22,16227,18579,32398,46236,33945,60400,37721,84118,47098,75767,28933,28850,67383,88136,50632,93655,5,6,4298,4561,10207,16636,11166,25386,13536,37764,17094,30972,10672,10714,17537,26474,15465,38495,548328,281667,37457,9386,224529,14,0,110,61
2021-03-12T23:59:59+01:00,22,21,15127,17202,29955,43582,31279,57257,34857,79263,43884,71301,26092,25659,63079,82836,49648,92253,5,5,4285,4528,10188,16574,11148,25334,13492,37645,17004,30842,10395,10486,16646,25227,14395,36968,520281,275858,36145,9375,207072,11,0,107,60
2021-03-11T23:59:59+01:00,21,21,14084,15740,27699,40885,28956,54073,32264,74872,40130,66412,22685,22182,57068,75526,47722,89426,5,5,4244,4487,10108,16455,11035,25109,13374,37335,16838,30536,10091,10274,16013,24382,13726,35690,488230,271849,34553,7933,187148,8,0,100,54
2021-03-10T23:59:59+01:00,21,21,13490,15040,26289,39271,27302,52250,30699,72552,37611,63288,19935,19629,51151,68394,46170,87095,5,5,4209,4443,10009,16288,10915,24858,13226,36916,16639,30163,9849,10090,15270,23609,13066,34664,461802,267111,32510,7189,176059,6,0,98,52
2021-03-09T23:59:59+01:00,20,20,13207,14574,25162,38232,25885,51064,29634,70898,36230,61453,18751,18505,47640,63951,45051,85306,5,5,4184,4417,9924,16121,10811,24599,13073,36599,16462,29926,9724,9986,14605,22769,12566,33890,448199,263390,29975,6354,167559,6,0,98,49
2021-03-08T23:59:59+01:00,19,20,12876,13964,24081,37120,24617,49927,28699,69417,34993,59834,17679,17624,43523,58967,43822,83320,5,5,4169,4381,9862,15922,10708,24335,12940,36241,16332,29661,9640,9902,14109,22163,12251,33447,432742,260193,27976,5961,159931,2,0,96,48
2021-03-07T23:59:59+01:00,19,20,12643,13669,23487,36267,23919,49051,28098,68548,34381,59072,17414,17371,42455,57516,43457,82757,5,5,4157,4368,9840,15880,10681,24261,12909,36071,16275,29547,9618,9873,13911,21908,12116,33243,427969,259132,26161,5618,156160,0,0,92,48
2021-03-06T23:59:59+01:00,19,20,12529,13377,23085,35532,23384,48260,27049,67015,33280,57307,17026,17041,41809,56625,43157,82288,5,5,4154,4354,9829,15853,10663,24227,12899,36030,16257,29516,9600,9833,13865,21870,12013,33032,423897,258755,26097,5334,148954,0,0,90,46
2021-03-05T23:59:59+01:00,19,20,12116,12773,22401,34328,22699,47032,26293,65386,32046,54887,16377,16207,38353,52326,41007,78852,5,5,4127,4307,9759,15753,10613,24079,12831,35835,16170,29311,9505,9763,13680,21659,11641,32419,408726,257061,24644,4486,139890,0,0,90,44
2021-03-04T23:59:59+01:00,17,20,11356,11761,21212,32600,21487,44983,24936,62735,30352,52532,15648,15486,34350,47161,37930,74170,5,5,4078,4216,9645,15461,10510,23720,12698,35300,16026,28909,9327,9608,13522,21449,11556,32273,390288,254000,22568,4393,126015,0,0,90,41
2021-03-03T23:59:59+01:00,15,20,11046,11265,20524,31380,20712,43619,24026,60984,29306,50892,15169,14985,31735,43838,34843,69403,5,5,4037,4153,9564,15290,10430,23468,12592,34879,15846,28562,9142,9482,13396,21231,11411,32003,374840,251354,21772,4227,117285,0,0,86,38
2021-03-02T23:59:59+01:00,15,20,10785,10837,19879,30408,19999,42601,23240,59596,28332,49614,14544,14337,29064,40472,30948,63187,5,5,3989,4081,9502,15124,10361,23203,12487,34446,15745,28253,9016,9379,13256,21041,11334,31857,356650,248942,20263,4225,111094,0,0,85,38
2021-03-01T23:59:59+01:00,13,19,10613,10577,19366,29604,19436,41717,22650,58525,27617,48490,14125,13883,26993,37889,26681,56290,5,5,3973,4031,9447,14969,10297,22904,12406,34071,15638,27931,8932,9317,13074,20771,11218,31674,339410,246519,19148,4225,106056,0,0,83,38
2021-02-28T23:59:59+01:00,12,19,10443,10375,18898,28954,18899,40977,22168,57670,27125,47694,13916,13640,26388,37231,26276,55687,5,5,3957,4017,9421,14936,10278,22853,12388,34001,15611,27884,8905,9293,12943,20592,11155,31525,336945,245664,18287,4188,101263,0,0,83,36
2021-02-27T23:59:59+01:00,12,18,10264,9860,18570,28089,18641,40190,21885,56687,26799,46906,13644,13339,25720,36430,25353,54270,5,5,3944,4005,9399,14915,10246,22806,12349,33919,15564,27810,8884,9277,12923,20569,11133,31505,333042,245302,17565,4039,96189,0,0,83,36
2021-02-26T23:59:59+01:00,11,17,9469,9078,17672,26652,17859,37986,20953,53841,25340,44087,13177,12938,24128,34440,23824,51963,5,5,3863,3936,9321,14754,10172,22550,12269,33553,15448,27516,8805,9197,12857,20502,11093,31435,323909,243400,17310,3965,82328,0,0,83,34
2021-02-25T23:59:59+01:00,11,17,8312,8225,16353,25044,16594,35730,19719,50955,23632,41306,12700,12538,22849,32849,22325,49680,5,5,3739,3791,9155,14437,9952,21945,12012,32699,15122,26861,8609,9046,12594,20177,10953,31166,316288,239248,16538,3105,66118,0,0,80,32
2021-02-24T23:59:59+01:00,10,16,7947,7700,15700,24012,15969,34496,19005,49444,22842,40107,12307,12202,21543,31354,20650,47052,4,5,3667,3723,9014,14146,9774,21490,11808,32070,14859,26326,8467,8907,12451,20004,10888,30954,308062,236470,15571,2171,58825,0,0,80,31
2021-02-23T23:59:59+01:00,10,16,7463,7221,14885,22836,15284,33277,18285,48036,22125,39037,11995,11878,20204,29782,19039,44501,4,5,3626,3647,8894,13943,9633,21092,11620,31490,14560,25824,8296,8763,12323,19793,10816,30716,299951,233624,14772,1505,51249,0,0,79,30
2021-02-22T23:59:59+01:00,9,14,7356,7015,14503,22220,14933,32551,17818,47027,21629,38304,11793,11628,19455,28771,17721,42546,4,5,3596,3545,8757,13652,9471,20590,11365,30745,14190,25225,8048,8568,12124,19539,10710,30407,294070,230306,14165,317,47153,0,0,76,30
2021-02-21T23:59:59+01:00,9,14,7266,6889,14179,21775,14514,31968,17402,46376,21191,37810,11687,11526,19292,28557,17473,42212,4,5,3557,3505,8673,13528,9392,20374,11293,30453,14068,24956,7988,8506,12067,19429,10639,30243,292921,228459,13795,301,43517,0,0,74,30
2021-02-20T23:59:59+01:00,9,14,7149,6839,14053,21695,14397,31832,17283,46225,21031,37626,11588,11442,18509,27639,16414,40742,4,5,3555,3499,8663,13520,9382,20353,11279,30428,14054,24945,7983,8497,12003,19365,10585,30175,288657,228076,13598,300,42323,0,0,73,29
2021-02-19T23:59:59+01:00,7,13,6847,6587,13699,21257,14026,31163,16810,45429,20325,36756,10984,11040,17462,26310,15258,39134,4,5,3475,3475,8588,13492,9338,20295,11241,30336,13995,24851,7941,8437,11783,19093,10393,29846,282275,226372,13221,298,37699,0,0,71,28
2021-02-18T23:59:59+01:00,7,13,6450,6114,13072,20113,13385,29791,15995,43561,19453,35178,10755,10838,16877,25567,14682,38251,4,5,3289,3338,8254,12953,9043,19545,10890,29292,13625,24022,7736,8129,11196,18141,9896,28692,278688,217834,12685,298,28816,0,0,68,27
2021-02-17T23:59:59+01:00,7,12,6284,5771,12627,19235,12895,28602,15292,41840,18806,33854,10525,10586,16121,24752,13906,37066,3,5,3039,3178,7914,12436,8743,18754,10523,28245,13238,23170,7502,7892,10641,17289,9460,27877,274025,209693,11956,294,22285,0,0,64,27
2021-02-16T23:59:59+01:00,7,12,5958,5469,12091,18403,12394,27532,14748,40464,18212,32820,10370,10483,15453,23924,13398,36283,3,5,2857,3058,7611,11983,8437,18030,10125,27154,12777,22270,7231,7598,9927,16116,8732,26325,270502,200178,11459,138,16146,0,0,61,27
2021-02-15T23:59:59+01:00,7,12,5852,5287,11794,17757,12127,26749,14401,39470,17865,32051,10242,10372,14895,23272,13039,35746,3,5,2768,2978,7418,11661,8219,17523,9822,26307,12426,21588,6962,7312,9230,15058,8220,25045,267406,192530,10857,92,12764,0,0,58,26
2021-02-14T23:59:59+01:00,7,12,5583,5172,11545,17487,11904,26316,14169,39022,17674,31773,10196,10321,14661,22932,12875,35353,3,5,2717,2940,7304,11494,8091,17316,9645,25975,12247,21285,6865,7187,9006,14675,8033,24509,266404,189285,9922,90,10765,0,0,57,24
2021-02-13T23:59:59+01:00,7,12,5523,5134,11495,17450,11873,26284,14141,38990,17654,31754,10182,10293,14634,22899,12861,35335,3,5,2713,2937,7299,11486,8079,17294,9628,25940,12220,21241,6833,7152,8850,14463,7680,23878,266159,187773,9918,8,10534,0,0,56,21
2021-02-12T23:59:59+01:00,7,11,5006,4818,10926,17088,11556,25734,13822,38350,17322,31115,10073,10186,14453,22687,12780,35226,3,5,2662,2904,7203,11328,7979,17063,9481,25549,12006,20794,6650,6917,8486,13902,7088,22535,264473,182630,9907,6,6869,0,0,55,20
2021-02-11T23:59:59+01:00,7,11,4544,4517,10340,16407,11143,24926,13344,37089,16833,30256,9758,9923,14171,22239,12499,34539,3,5,2493,2630,6604,10135,7289,15327,8617,22929,10949,18710,5996,6204,7439,12286,6271,20219,261239,164181,8264,3,3132,0,0,53,14
2021-02-10T23:59:59+01:00,7,11,4296,4349,10006,15959,10834,24388,13032,36206,16418,29507,9539,9786,13989,22033,12407,34332,3,5,2130,2338,5666,8669,6480,13284,7632,20018,9820,16666,5452,5617,6451,10623,5496,18166,258585,144592,7762,2,839,0,0,50,2
2021-02-09T23:59:59+01:00,7,10,4233,4251,9881,15692,10725,23986,12858,35588,16206,29035,9360,9645,13793,21820,12264,34108,3,5,1734,1984,4883,7400,5704,11488,6714,17500,8736,14669,4879,4989,5401,9064,4761,16048,256132,126029,6983,1,434,0,0,49,2
2021-02-08T23:59:59+01:00,7,10,4198,4197,9787,15482,10616,23625,12738,35130,16061,28676,9266,9578,13590,21537,12157,33911,3,5,1569,1788,4322,6405,5039,9912,5897,14971,7720,12811,4326,4458,4427,7471,3998,13961,253755,109144,6468,1,428,0,0,47,2
2021-02-07T23:59:59+01:00,7,10,4033,4130,9630,15347,10514,23460,12657,34868,15948,28483,9225,9532,13446,21356,12083,33767,3,5,1354,1542,3903,5732,4622,9033,5470,13810,7233,11848,4072,4199,4195,7075,3837,13361,252661,101353,5923,1,0,0,0,42,1
2021-02-06T23:59:59+01:00,7,10,4024,4121,9619,15331,10501,23425,12635,34818,15929,28427,9206,9519,13428,21321,11977,33571,3,5,1202,1347,3671,5427,4437,8608,5252,13227,6953,11291,3938,4067,4069,6926,3559,12905,252318,96944,5639,1,0,0,0,42,0
2021-02-05T23:59:59+01:00,7,9,3951,4052,9547,15188,10435,23175,12550,34450,15815,28144,9122,9446,13356,21249,11628,32976,3,4,1061,1117,3391,4981,4178,8024,4937,12449,6570,10563,3683,3823,3910,6694,3050,12014,250439,90506,4747,0,0,0,0,42,0
2021-02-04T23:59:59+01:00,7,9,3893,3927,9426,14872,10258,22626,12362,33654,15600,27581,9000,9335,13131,20954,11514,32769,3,2,798,784,2566,3730,3244,6281,3986,9902,5248,8346,3008,3109,3294,5709,2661,10521,246482,73234,4522,0,0,0,0,41,0
2021-02-03T23:59:59+01:00,7,9,3824,3855,9324,14649,10155,22288,12229,33143,15452,27163,8890,9220,12991,20779,11437,32602,3,2,663,616,1936,2814,2507,4850,3013,7606,4019,6294,2194,2236,2400,4221,1929,7874,243752,55208,4352,0,0,0,0,40,0
2021-02-02T23:59:59+01:00,7,9,3757,3760,9225,14454,10056,21910,12088,32579,15250,26712,8763,9104,12868,20571,11355,32336,2,2,526,486,1467,2080,1915,3648,2268,5787,3001,4708,1555,1538,1639,2780,1343,5234,240541,40000,4350,0,0,0,0,38,0
2021-02-01T23:59:59+01:00,6,9,3717,3669,9147,14223,9949,21525,11951,31944,15065,26209,8644,8957,12759,20427,11306,32158,1,0,391,352,1023,1435,1263,2433,1478,3792,1868,2982,987,980,971,1695,770,3026,237402,25459,4350,0,0,0,0,36,0
2021-01-31T23:59:59+01:00,6,9,3698,3633,9093,14114,9879,21320,11883,31647,14962,26013,8588,8898,12707,20315,11261,32029,1,0,361,331,899,1245,1073,2060,1276,3238,1634,2612,889,889,869,1511,699,2719,235907,22316,4234,0,0,0,0,35,0
2021-01-30T23:59:59+01:00,6,9,3697,3630,9083,14101,9865,21297,11870,31627,14950,25999,8584,8893,12638,20246,11195,31951,1,0,345,307,838,1161,1016,1936,1212,3048,1559,2474,861,863,850,1471,684,2666,235586,21301,4141,0,0,0,0,35,0
2021-01-29T23:59:59+01:00,6,9,3637,3615,9023,14072,9836,21245,11837,31551,14901,25932,8560,8870,12452,20023,11014,31708,1,0,278,224,717,987,872,1575,1057,2659,1348,2150,771,772,802,1417,666,2613,234365,18916,4012,0,0,0,0,34,0
2021-01-28T23:59:59+01:00,6,8,3519,3528,8819,13685,9617,20732,11605,30969,14575,25436,8423,8768,12019,19406,10658,31130,1,0,131,57,299,363,380,616,465,1156,615,963,405,425,469,816,381,1582,229581,9127,3410,0,0,0,0,32,0
2021-01-27T23:59:59+01:00,6,8,3287,3392,8527,13267,9317,20108,11221,30135,14188,24698,8206,8555,11469,18601,10235,30366,1,0,80,33,206,225,247,419,308,806,436,661,308,309,347,607,286,1160,222869,6441,2799,0,0,0,0,32,0
2021-01-26T23:59:59+01:00,5,8,3123,3294,8245,12928,9054,19539,10917,29379,13792,24064,7967,8335,10892,17686,9589,29216,1,0,75,29,191,215,231,385,292,753,405,601,293,283,320,543,259,1030,216159,5908,1956,0,0,0,0,31,0
2021-01-25T23:59:59+01:00,5,8,3034,3200,7962,12447,8764,18835,10531,28378,13313,23299,7686,8134,10276,16868,9133,28315,1,0,67,21,170,193,197,326,253,632,354,497,256,238,266,465,210,843,209858,4991,413,0,0,0,0,28,0
2021-01-24T23:59:59+01:00,5,8,2990,3179,7877,12367,8690,18709,10422,28218,13183,23116,7643,8097,10209,16755,9085,28219,1,0,66,20,166,189,195,312,250,610,345,483,247,234,264,458,206,828,208546,4876,309,0,0,0,0,27,0
2021-01-23T23:59:59+01:00,5,8,2989,3178,7876,12363,8685,18699,10420,28204,13177,23111,7635,8094,10085,16589,8756,27633,1,0,65,20,166,188,195,311,248,609,343,483,247,234,264,458,206,826,207287,4866,306,0,0,0,0,24,0
2021-01-22T23:59:59+01:00,5,8,2926,3132,7752,12249,8602,18557,10310,28031,13095,22997,7604,8058,9886,16286,8238,26610,1,0,65,20,165,188,195,311,248,609,342,483,247,234,264,458,206,826,204132,4864,304,0,0,0,0,20,0
2021-01-21T23:59:59+01:00,5,8,2842,2962,7253,11336,8119,17411,9773,26405,12489,21782,7320,7732,9252,15345,7722,25563,1,0,59,18,148,174,178,279,222,534,305,443,222,208,233,380,175,693,193103,4274,304,0,0,0,0,16,0
2021-01-20T23:59:59+01:00,5,8,2481,2616,6370,9924,7370,15455,8822,23575,11380,19709,6718,7083,8156,13579,6910,23341,1,0,57,18,147,169,175,277,213,520,292,421,210,201,227,355,161,655,173279,4101,300,0,0,0,0,15,0
2021-01-19T23:59:59+01:00,5,8,2043,2261,5469,8535,6508,13565,7802,20793,10112,17472,5967,6201,6778,11399,5888,20304,0,0,41,12,98,124,119,170,150,357,192,293,133,114,141,238,113,489,150957,2785,218,0,0,0,0,15,0
2021-01-18T23:59:59+01:00,4,8,1770,1973,4711,7151,5554,11332,6605,17198,8689,14758,5082,5322,5399,9152,4821,16836,0,0,22,7,39,46,54,78,66,163,76,147,59,53,66,131,61,221,126331,1290,94,0,0,0,0,15,0
2021-01-17T23:59:59+01:00,3,8,1496,1685,4198,6358,5046,10201,6067,15635,8048,13499,4745,4976,5024,8478,4494,15835,0,0,8,2,9,15,16,28,20,50,29,57,24,23,20,31,13,47,115760,392,89,0,0,0,0,14,0
2021-01-16T23:59:59+01:00,3,7,1331,1482,3981,6037,4866,9764,5808,14971,7719,12803,4554,4748,4809,8202,4142,15231,0,0,0,0,0,1,1,2,1,1,1,2,0,1,1,0,0,1,110500,12,9,0,0,0,0,13,0
2021-01-15T23:59:59+01:00,3,7,1181,1256,3726,5615,4611,9196,5518,14133,7313,12003,4263,4452,4620,7894,3605,14186,0,0,0,0,0,0,0,0,0,0,0,0,0,0,0,0,0,0,103625,0,4,0,0,0,0,13,0
2021-01-14T23:59:59+01:00,3,4,907,945,2981,4429,3745,7380,4574,11388,5918,9657,3465,3581,3880,6663,3123,12382,0,0,0,0,0,0,0,0,0,0,0,0,0,0,0,0,0,0,85060,0,0,0,0,0,0,13,0
2021-01-13T23:59:59+01:00,3,3,772,791,2507,3696,3161,6154,3803,9443,4824,7780,2595,2665,2923,5077,2392,9466,0,0,0,0,0,0,0,0,0,0,0,0,0,0,0,0,0,0,68084,0,0,0,0,0,0,12,0
2021-01-12T23:59:59+01:00,2,3,639,659,2098,3031,2604,5003,3047,7602,3803,6111,1864,1845,1999,3440,1694,6465,0,0,0,0,0,0,0,0,0,0,0,0,0,0,0,0,0,0,51944,0,0,0,0,0,0,0,0
2021-01-11T23:59:59+01:00,1,1,495,524,1748,2454,2089,4001,2361,5778,2828,4434,1201,1141,1201,2029,936,3683,0,0,0,0,0,0,0,0,0,0,0,0,0,0,0,0,0,0,36930,0,0,0,0,0,0,0,0
2021-01-10T23:59:59+01:00,1,1,438,455,1486,2028,1747,3277,1951,4793,2350,3715,1060,1015,1058,1781,835,3230,0,0,0,0,0,0,0,0,0,0,0,0,0,0,0,0,0,0,31237,0,0,0,0,0,0,0,0
2021-01-09T23:59:59+01:00,1,1,407,410,1361,1851,1601,2986,1798,4345,2165,3384,988,946,1003,1728,817,3187,0,0,0,0,0,0,0,0,0,0,0,0,0,0,0,0,0,0,28993,0,0,0,0,0,0,0,0
2021-01-08T23:59:59+01:00,1,1,310,281,1111,1505,1322,2314,1478,3563,1795,2767,853,838,915,1604,769,3031,0,0,0,0,0,0,0,0,0,0,0,0,0,0,0,0,0,0,24469,0,0,0,0,0,0,0,0
2021-01-07T23:59:59+01:00,1,0,145,76,402,509,485,797,596,1376,785,1203,467,483,563,966,466,1911,0,0,0,0,0,0,0,0,0,0,0,0,0,0,0,0,0,0,11234,0,0,0,0,0,0,0,0
2021-01-06T23:59:59+01:00,1,0,111,44,272,288,311,520,400,933,535,825,360,361,425,748,359,1445,0,0,0,0,0,0,0,0,0,0,0,0,0,0,0,0,0,0,7941,0,0,0,0,0,0,0,0
2021-01-05T23:59:59+01:00,1,0,87,31,193,233,245,432,321,823,451,703,344,347,408,716,352,1391,0,0,0,0,0,0,0,0,0,0,0,0,0,0,0,0,0,0,7081,0,0,0,0,0,0,0,0
2021-01-04T23:59:59+01:00,1,0,69,25,176,195,203,338,258,639,357,513,269,254,289,519,235,935,0,0,0,0,0,0,0,0,0,0,0,0,0,0,0,0,0,0,5277,0,0,0,0,0,0,0,0
2021-01-03T23:59:59+01:00,1,0,67,21,169,190,198,322,256,622,348,496,261,252,285,506,233,918,0,0,0,0,0,0,0,0,0,0,0,0,0,0,0,0,0,0,5147,0,0,0,0,0,0,0,0
2021-01-02T23:59:59+01:00,1,0,67,21,169,190,198,322,253,622,345,496,261,252,285,506,233,917,0,0,0,0,0,0,0,0,0,0,0,0,0,0,0,0,0,0,5140,0,0,0,0,0,0,0,0
2021-01-01T23:59:59+01:00,1,0,66,21,168,190,198,320,252,622,342,494,261,252,285,504,233,917,0,0,0,0,0,0,0,0,0,0,0,0,0,0,0,0,0,0,5128,0,0,0,0,0,0,0,0
2020-12-31T23:59:59+01:00,1,0,66,21,167,188,198,319,250,621,341,493,261,252,285,504,233,917,0,0,0,0,0,0,0,0,0,0,0,0,0,0,0,0,0,0,5119,0,0,0,0,0,0,0,0
2020-12-30T23:59:59+01:00,1,0,65,21,167,187,196,316,249,619,340,491,261,252,285,504,232,917,0,0,0,0,0,0,0,0,0,0,0,0,0,0,0,0,0,0,5105,0,0,0,0,0,0,0,0
2020-12-29T23:59:59+01:00,1,0,46,13,119,140,147,212,182,445,239,377,179,164,197,375,171,715,0,0,0,0,0,0,0,0,0,0,0,0,0,0,0,0,0,0,3723,0,0,0,0,0,0,0,0
2020-12-28T23:59:59+01:00,1,0,25,9,66,77,82,122,101,253,118,234,98,93,104,200,102,388,0,0,0,0,0,0,0,0,0,0,0,0,0,0,0,0,0,0,2074,0,0,0,0,0,0,0,0
2020-12-27T23:59:59+01:00,0,0,12,3,18,26,37,47,36,89,37,96,33,29,41,73,31,145,0,0,0,0,0,0,0,0,0,0,0,0,0,0,0,0,0,0,753,0,0,0,0,0,0,0,0
