Datum,<15_1_m,<15_1_w,15-24_1_m,15-24_1_w,25-34_1_m,25-34_1_w,35-44_1_m,35-44_1_w,45-54_1_m,45-54_1_w,55-64_1_m,55-64_1_w,65-74_1_m,65-74_1_w,75-84_1_m,75-84_1_w,>84_1_m,>84_1_w,<15_2_m,<15_2_w,15-24_2_m,15-24_2_w,25-34_2_m,25-34_2_w,35-44_2_m,35-44_2_w,45-54_2_m,45-54_2_w,55-64_2_m,55-64_2_w,65-74_2_m,65-74_2_w,75-84_2_m,75-84_2_w,>84_2_m,>84_2_w,bp_1,bp_2,mo_1,mo_2,az_1,az_2,ja,unb_1,unb_2
2021-12-13T23:59:59+01:00,112561,105864,365140,342298,471168,434517,469420,456321,519906,524631,555313,553718,367471,411414,253197,326477,74854,138384,59100,56173,327229,309640,434325,396479,438257,423651,492220,494983,532986,530211,356658,398120,246626,316647,71843,131856,4783193,4384107,548890,524480,811021,767874,341194,1128,1178
2021-12-12T23:59:59+01:00,111628,105014,364582,341779,470638,433890,468979,455858,519594,524263,554982,553343,367239,411103,253064,326289,74798,138244,58311,55355,326061,308663,433053,395230,437252,422780,491440,494276,532340,529548,356352,397743,246470,316442,71805,131782,4776373,4372597,548439,523993,811020,767870,341094,1128,1178
2021-12-11T23:59:59+01:00,110719,104124,364268,341505,470377,433575,468786,455632,519458,524125,554896,553227,367184,411044,253038,326242,74790,138227,57791,54927,325241,307991,432218,394504,436638,422270,490987,493899,532024,529255,356238,397634,246439,316384,71797,131761,4772473,4365907,548299,523809,811020,767869,341064,1127,1178
2021-12-10T23:59:59+01:00,108160,101703,363622,340863,469781,432854,468301,455106,519036,523743,554585,552882,366984,410794,252953,326098,74742,138176,56904,54064,323648,306596,430793,393099,435488,421153,489994,492988,531467,528645,356041,397403,246375,316277,71784,131725,4762097,4352802,547887,523406,811018,767869,341018,1127,1178
2021-12-09T23:59:59+01:00,105662,99217,362743,339981,468961,431836,467654,454271,518506,523156,554122,552287,366702,410413,252791,325821,74689,138014,55321,52467,321255,304409,428532,390654,433589,419216,488401,491405,530364,527449,355580,396854,246179,315955,71741,131572,4749140,4330164,547357,522621,811018,767860,340949,1126,1177
2021-12-08T23:59:59+01:00,104151,97806,362114,339436,468354,431161,467163,453695,518118,522685,553753,551867,366487,410135,252672,325622,74626,137886,54391,51571,319573,302947,426876,388987,432211,417892,487230,490263,529451,526541,355231,396392,246038,315706,71698,131438,4740473,4314371,546974,521957,811018,767859,340900,1126,1177
2021-12-07T23:59:59+01:00,102574,96305,361740,339141,468046,430823,466928,453464,517942,522504,553583,551675,366403,410027,252624,325547,74602,137841,53960,51205,318734,302235,426028,388236,431618,417406,486740,489827,529072,526227,355128,396255,245997,315635,71688,131414,4734766,4307575,546749,521758,811018,767859,340864,1126,1177
2021-12-06T23:59:59+01:00,100137,93897,361201,338590,467503,430164,466471,452935,517577,522039,553228,551219,366183,409706,252509,325327,74548,137703,53081,50363,316900,300684,424322,386568,430271,416059,485572,488687,528145,525341,354760,395816,245845,315360,71638,131295,4724375,4291371,546370,521334,811017,767851,340802,1125,1177
2021-12-05T23:59:59+01:00,98866,92755,360764,338173,467034,429545,466055,452478,517245,521676,552888,550871,365956,409425,252409,325140,74514,137594,52563,49844,315442,299501,422720,385276,429099,415058,484715,487813,527469,524705,354504,395513,245741,315200,71604,131210,4717226,4279086,546014,520946,811017,767841,340757,1124,1175
2021-12-04T23:59:59+01:00,97317,91430,360551,337975,466829,429311,465895,452329,517108,521551,552785,550763,365907,409358,252395,325111,74504,137574,52280,49601,314532,298764,421795,384518,428436,414506,484177,487369,527128,524402,354429,395422,245702,315143,71597,131196,4712670,4272271,545895,520802,811017,767840,340737,1124,1175
2021-12-03T23:59:59+01:00,93842,88223,360046,337530,466440,428809,465543,451917,516826,521207,552544,550453,365766,409186,252337,324999,74472,137525,51655,49022,312762,297273,420232,383128,427197,413392,483130,486452,526360,523789,354266,395239,245630,315027,71582,131171,4701933,4258951,545635,520463,811016,767838,340707,1124,1175
2021-12-02T23:59:59+01:00,90524,85136,359306,336855,465700,427924,464931,451196,516326,520623,552104,549870,365517,408863,252177,324745,74412,137369,50693,48055,310591,295358,418185,381160,425324,411718,481554,485068,525318,522777,353945,394841,245451,314756,71526,131069,4688442,4239756,545114,519816,811015,767838,340631,1124,1173
2021-12-01T23:59:59+01:00,88368,83144,358753,336306,465120,427128,464402,450572,515861,520105,551664,549355,365249,408473,252041,324494,74363,137231,50066,47478,308952,294004,416478,379511,423910,410470,480359,484009,524437,521924,353612,394433,245295,314518,71494,130966,4677908,4224788,544760,519371,811012,767833,340574,1122,1173
2021-11-30T23:59:59+01:00,85718,80725,358114,335732,464371,426240,463800,449857,515370,519575,551169,548773,364921,408087,251884,324228,74290,137060,49593,47017,307600,292853,414973,378140,422772,409376,479295,483078,523652,521179,353301,394096,245148,314317,71464,130884,4665744,4212014,544271,519029,811009,767830,340514,1121,1173
2021-11-29T23:59:59+01:00,82768,78038,357551,335262,463740,425518,463296,449279,514973,519076,550784,548319,364673,407752,251786,324004,74233,136915,49210,46608,306259,291764,413452,376873,421563,408416,478291,482193,522901,520490,353027,393804,245012,314098,71441,130804,4654218,4199938,543909,518648,811003,767809,340459,1121,1173
2021-11-28T23:59:59+01:00,80672,76160,357094,334841,463210,424912,462902,448814,514602,518667,550452,547955,364509,407525,251700,323836,74196,136829,48950,46348,305459,291093,412422,376086,420765,407804,477660,481637,522445,520061,352863,393598,244920,313979,71418,130755,4645503,4192334,543584,518380,810994,767784,340414,1121,1171
2021-11-27T23:59:59+01:00,78638,74299,356781,334598,462884,424585,462613,448555,514376,518469,550300,547799,364451,407436,251676,323795,74180,136814,48790,46192,304897,290618,411787,375613,420259,407455,477225,481324,522182,519852,352807,393534,244893,313949,71410,130749,4639128,4187835,543376,518196,810993,767783,340370,1121,1171
2021-11-26T23:59:59+01:00,75121,71005,356080,333972,462263,423884,462138,447991,513896,518029,549949,547419,364307,407230,251608,323670,74163,136754,48409,45840,303842,289757,410677,374839,419324,406683,476434,480692,521706,519434,352689,393389,244837,313875,71393,130733,4626657,4179237,543141,517880,810987,767772,340312,1121,1171
2021-11-25T23:59:59+01:00,71259,67614,355036,332950,461200,422549,461228,446949,513063,517101,549273,546652,363938,406802,251433,323397,74108,136635,47804,45243,302245,288369,408943,373340,417954,405419,475178,479560,520897,518704,352470,393113,244737,313711,71363,130665,4609044,4165029,542581,517366,810976,767770,340195,1121,1170
2021-11-24T23:59:59+01:00,69548,65873,354184,332207,460359,421563,460437,446100,512391,516380,548645,545985,363646,406332,251290,323075,74042,136471,47479,44923,301250,287468,407647,372241,416939,404553,474287,478758,520193,518088,352253,392812,244616,313526,71329,130589,4596836,4154691,542232,517047,810969,767758,340100,1120,1170
2021-11-23T23:59:59+01:00,67752,64294,353277,331396,459466,420476,459591,445223,511629,515584,548013,545308,363316,405874,251087,322751,73968,136323,47183,44659,300360,286761,406497,371328,416040,403814,473465,478047,519597,517557,352034,392529,244491,313327,71286,130497,4584203,4145622,541761,516742,810967,767749,340004,1120,1168
2021-11-22T23:59:59+01:00,66324,62990,352337,330616,458461,419446,458701,444385,510961,514808,547412,544658,362999,405444,250935,322476,73912,136172,46948,44409,299447,286063,405363,370489,415132,403136,472752,477375,519045,517133,351836,392279,244387,313178,71259,130427,4572402,4137150,541407,516546,810964,767735,339872,1118,1166
2021-11-21T23:59:59+01:00,65231,61919,351548,329955,457542,418558,457930,443745,510347,514207,546925,544142,362769,405114,250827,322305,73873,136073,46821,44286,298921,285677,404718,370029,414595,402698,472322,476999,518732,516849,351691,392120,244324,313067,71242,130389,4562835,4132292,541090,516357,810943,767726,339749,1118,1166
2021-11-20T23:59:59+01:00,64541,61282,350819,329421,456794,417860,457232,443226,509876,513779,546606,543791,362648,404964,250781,322231,73861,136045,46758,44206,298601,285421,404283,369752,414240,402444,472012,476752,518545,516708,351643,392048,244302,313039,71237,130386,4555934,4129403,540821,516227,810939,767721,339669,1118,1166
2021-11-19T23:59:59+01:00,63270,60002,349286,328044,455445,416526,456076,442102,508948,512840,545969,543129,362408,404674,250691,322105,73836,135989,46504,43957,297665,284771,403339,369031,413435,401817,471302,476197,518076,516374,351524,391895,244244,312968,71224,130365,4542066,4122135,540417,515956,810933,767713,339526,1118,1166
2021-11-18T23:59:59+01:00,61606,58388,347245,326186,453536,414389,454432,440399,507608,511505,545065,542137,361986,404159,250526,321811,73801,135854,46001,43466,296308,283598,401947,367896,412254,400798,470326,475300,517292,515791,351280,391590,244113,312775,71181,130290,4522173,4110320,539885,515581,810926,767701,339248,1117,1164
2021-11-17T23:59:59+01:00,60564,57351,345496,324717,451843,412613,453026,439017,506424,510417,544218,541198,361610,403697,250373,321536,73742,135710,45706,43168,295407,282809,400894,366995,411429,400034,469557,474616,516686,515272,351041,391283,243999,312592,71155,130206,4505768,4101495,539438,515282,810915,767689,339026,1117,1164
2021-11-16T23:59:59+01:00,59626,56489,343557,323160,449871,410781,451476,437531,505179,509229,543325,540289,361233,403235,250190,321226,73678,135574,45431,42914,294569,282115,400009,366192,410699,399399,468945,474013,516169,514814,350818,391030,243845,312410,71123,130124,4488669,4093804,538930,515041,810909,767684,338734,1117,1162
2021-11-15T23:59:59+01:00,58784,55699,341369,321405,447664,408818,449831,436027,503883,507987,542412,539406,360872,402840,250030,320991,73640,135473,45219,42736,293799,281528,399205,365548,410043,398830,468437,473511,515774,514447,350628,390807,243748,312251,71088,130030,4470841,4087361,538580,514828,810891,767676,338407,1117,1161
2021-11-14T23:59:59+01:00,57881,54817,339527,320022,445855,407183,448463,434843,502802,506966,541654,538730,360611,402538,249925,320837,73612,135403,45010,42528,293136,280998,398504,364932,409493,398334,467965,473084,515441,514107,350431,390653,243672,312150,71068,129998,4456065,4081699,538221,514678,810865,767665,338105,1117,1158
2021-11-13T23:59:59+01:00,57354,54322,337984,318724,444382,405940,447310,433876,501913,506220,541112,538294,360498,402401,249875,320769,73596,135386,44913,42446,292799,280708,398179,364646,409232,398095,467712,472873,515282,513965,350377,390594,243646,312113,71063,129987,4444738,4079104,538034,514593,810855,767661,337915,1117,1158
2021-11-12T23:59:59+01:00,56517,53494,335337,316590,442152,404084,445551,432291,500554,504928,540203,537539,360309,402148,249778,320625,73571,135355,44714,42229,292021,280095,397449,364056,408606,397594,467186,472424,514911,513677,350265,390458,243607,312051,71047,129964,4426520,4073322,537621,514411,810849,767648,337616,1117,1157
2021-11-11T23:59:59+01:00,55326,52273,331816,313809,439039,401249,442981,430015,498599,503098,538932,536381,359905,401649,249616,320366,73522,135257,44255,41771,290947,279178,396508,363094,407760,396775,466486,471696,514350,513181,350046,390220,243493,311892,71012,129886,4400735,4064511,536838,514048,810829,767630,337006,1117,1154
2021-11-10T23:59:59+01:00,54533,51599,329037,311601,436214,398825,440858,428155,496921,501546,537807,535310,359533,401201,249455,320107,73479,135156,43995,41486,290127,278413,395656,362295,407071,396095,465876,471094,513871,512734,349797,389959,243355,311723,70980,129817,4379365,4057166,536331,513817,810801,767602,336404,1117,1153
2021-11-09T23:59:59+01:00,53899,50949,326744,309757,433890,396939,439196,426639,495492,500250,536819,534411,359211,400859,249314,319903,73446,135058,43711,41226,289435,277834,394996,361668,406544,395549,465427,470562,513428,512296,349591,389712,243242,311564,70943,129735,4361871,4051272,535810,513394,810773,767563,335878,1117,1151
2021-11-08T23:59:59+01:00,53179,50257,323616,307343,430893,394501,436935,424783,493718,498720,535663,533352,358796,400458,249162,319677,73415,134973,43506,41033,288745,277196,394276,361013,406053,395017,464965,470058,513050,511904,349387,389479,243167,311429,70915,129671,4339961,4045767,535212,513111,810741,767547,335080,1117,1151
2021-11-07T23:59:59+01:00,52777,49872,322001,306140,429171,393036,435543,423692,492665,497886,535023,532768,358596,400221,249068,319575,73395,134923,43347,40868,288258,276774,393760,360505,405631,394630,464646,469693,512788,511658,349271,389343,243090,311342,70904,129633,4327789,4041789,534796,512883,810721,767517,334596,1117,1147
2021-11-06T23:59:59+01:00,52469,49580,321155,305336,428199,392264,434826,423118,492051,497397,534688,532480,358534,400149,249033,319543,73389,134914,43294,40825,288068,276606,393541,360335,405496,394505,464532,469576,512712,511592,349242,389313,243077,311326,70900,129627,4320856,4040428,534679,512849,810717,767515,334419,1117,1147
2021-11-05T23:59:59+01:00,51845,48957,319422,303868,426490,390671,433334,421869,490897,496364,534004,531923,358418,399987,248993,319471,73382,134894,43065,40603,287505,276178,393085,359900,405115,394150,464198,469252,512492,511399,349171,389228,243040,311277,70893,129611,4307607,4036782,534154,512660,810709,767504,333860,1117,1146
2021-11-04T23:59:59+01:00,51124,48259,317148,301874,423973,388566,431365,420222,489235,494992,533063,531206,358207,399734,248906,319336,73355,134832,42655,40155,286536,275292,392172,358959,404330,393381,463558,468616,511960,510934,348987,389030,242938,311102,70851,129541,4290154,4029294,533589,512381,810695,767474,332492,1116,1145
2021-11-03T23:59:59+01:00,50737,47873,315752,300727,422244,387260,430070,419212,488213,494143,532409,530688,358048,399561,248835,319233,73332,134782,42353,39865,285737,274617,391406,358235,403755,392834,463053,468161,511579,510598,348824,388819,242830,310951,70815,129458,4278716,4022906,533303,512225,810688,767463,331942,1115,1143
2021-11-02T23:59:59+01:00,50409,47545,314400,299751,420548,386041,428773,418335,487134,493417,531788,530191,357901,399375,248764,319134,73313,134716,41978,39521,284898,273920,390625,357522,403133,392274,462554,467678,511196,510204,348636,388609,242739,310807,70785,129368,4268110,4016343,532991,512034,810681,767446,331269,1115,1142
2021-11-01T23:59:59+01:00,50003,47164,312894,298618,418861,384901,427415,417431,486090,492677,531242,529804,357772,399246,248713,319071,73300,134681,41726,39238,284216,273307,389937,356970,402564,391817,462093,467304,510883,509936,348520,388489,242680,310692,70765,129307,4257724,4011545,532727,511816,810648,767431,330297,1114,1141
2021-10-31T23:59:59+01:00,49944,47127,312689,298492,418620,384762,427186,417286,485951,492576,531174,529749,357756,399234,248710,319064,73300,134679,41669,39191,284095,273240,389831,356890,402470,391757,462034,467266,510849,509910,348509,388480,242676,310687,70761,129302,4256386,4010940,532660,511776,810644,767425,330122,1114,1140
2021-10-30T23:59:59+02:00,49887,47088,312485,298362,418293,384602,426964,417126,485742,492415,531051,529688,357735,399209,248705,319055,73297,134673,41633,39182,283992,273168,389719,356819,402377,391691,461973,467205,510806,509891,348500,388472,242673,310681,70757,129298,4254679,4010393,532613,511715,810643,767421,329953,1114,1140
2021-10-29T23:59:59+02:00,49667,46854,311436,297642,416961,383713,425833,416416,484840,491784,530539,529400,357664,399133,248668,319011,73287,134652,41501,39076,283493,272796,389225,356423,401951,391393,461616,466921,510598,509734,348442,388418,242653,310642,70750,129284,4246971,4007513,532325,511557,810639,767416,329073,1114,1140
2021-10-28T23:59:59+02:00,49212,46425,309630,296296,414857,382281,424188,415247,483527,490796,529796,528868,357507,398964,248602,318929,73276,134610,41186,38783,282522,271943,388260,355597,401172,390728,460990,466385,510129,509410,348293,388229,242580,310542,70728,129228,4234567,4001283,531889,511250,810624,767384,327425,1114,1139
2021-10-27T23:59:59+02:00,48883,46099,308720,295511,413746,381395,423313,414520,482799,490254,529379,528557,357406,398787,248543,318831,73258,134574,40891,38492,281769,271256,387602,354978,400678,390231,460558,465950,509822,509125,348132,388051,242501,310418,70701,129165,4227049,3995717,531577,511059,810618,767354,326822,1114,1139
2021-10-26T23:59:59+02:00,48471,45686,307638,294545,412585,380453,422400,413828,482097,489650,528954,528230,357285,398659,248483,318747,73236,134525,40531,38123,280888,270316,386835,354239,400110,389662,460110,465492,509460,508821,347984,387887,242401,310262,70675,129095,4218854,3989142,531355,510895,810605,767337,326144,1114,1139
2021-10-25T23:59:59+02:00,48314,45549,307119,294082,412000,380019,421905,413478,481674,489359,528764,528063,357241,398599,248470,318721,73230,134518,40465,38062,280658,270124,386587,354060,399930,389523,459958,465372,509357,508743,347962,387854,242390,310243,70671,129084,4215096,3987883,531286,510851,810601,767328,325607,1114,1139
2021-10-24T23:59:59+02:00,48101,45365,306562,293596,411306,379498,421380,413054,481243,489032,528544,527870,357177,398511,248439,318695,73222,134505,40274,37901,280179,269651,386115,353653,399569,389200,459681,465111,509183,508560,347867,387752,242352,310177,70658,129065,4210852,3984548,531128,510714,810598,767308,325005,1113,1137
2021-10-23T23:59:59+02:00,48064,45334,306398,293462,411091,379352,421224,412911,481130,488941,528471,527820,357156,398486,248435,318689,73221,134501,40234,37857,280088,269542,385993,353580,399490,389122,459609,465048,509147,508526,347846,387738,242351,310171,70657,129064,4209660,3983883,531060,510649,810596,767305,324853,1113,1137
2021-10-22T23:59:59+02:00,47809,45099,305610,292892,410192,378658,420473,412350,480555,488462,528115,527568,357098,398416,248416,318655,73215,134489,39982,37614,279521,269013,385489,353137,399063,388753,459300,464770,508920,508353,347778,387673,242329,310129,70651,129054,4203974,3980188,530785,510481,810594,767288,324197,1113,1137
2021-10-21T23:59:59+02:00,47332,44642,304474,292007,408932,377671,419458,411530,479711,487798,527565,527186,356972,398277,248349,318551,73197,134435,39400,37052,278446,267949,384577,352253,398333,387976,458654,464193,508498,507987,347619,387472,242236,309970,70627,129002,4195246,3972268,530505,510104,810589,767273,323224,1111,1136
2021-10-20T23:59:59+02:00,47106,44387,303857,291455,408244,377041,418890,411062,479268,487418,527269,526948,356879,398153,248278,318459,73172,134375,38980,36674,277689,267189,383955,351584,397802,387361,458218,463738,508142,507661,347441,387269,242137,309828,70588,128926,4189941,3965761,530351,509927,810580,767260,322859,1111,1136
2021-10-19T23:59:59+02:00,46816,44109,303290,290970,407720,376562,418496,410707,478972,487139,527028,526740,356763,398023,248217,318369,73139,134320,38526,36218,276795,266350,383238,350867,397318,386816,457807,463277,507806,507336,347252,387037,242031,309679,70551,128844,4185554,3958876,530222,509753,810570,767240,322503,1111,1133
2021-10-18T23:59:59+02:00,46616,43911,302727,290491,407190,376111,418115,410344,478680,486891,526790,526531,356667,397915,248165,318273,73118,134278,38238,35957,276143,265657,382684,350216,396894,386323,457465,462882,507513,507060,347097,386885,241946,309551,70518,128794,4181510,3953526,530074,509568,810565,767219,322130,1111,1133
2021-10-17T23:59:59+02:00,46502,43792,302394,290230,406910,375852,417889,410176,478520,486729,526682,526401,356607,397860,248143,318226,73105,134241,37989,35702,275628,265147,382306,349834,396604,385980,457219,462648,507344,506886,347006,386772,241909,309482,70494,128743,4179256,3949806,529997,509405,810552,767182,321918,1111,1133
2021-10-16T23:59:59+02:00,46473,43759,302314,290166,406829,375791,417844,410130,478473,486690,526655,526384,356601,397851,248139,318220,73103,134239,37947,35657,275520,265037,382225,349763,396547,385907,457176,462603,507316,506861,346997,386762,241906,309477,70493,128738,4178756,3949180,529971,509344,810552,767180,321846,1111,1133
2021-10-15T23:59:59+02:00,46323,43599,301876,289818,406448,375463,417543,409865,478224,486460,526493,526250,356549,397811,248122,318189,73094,134224,37714,35410,274955,264446,381812,349363,396203,385562,456897,462319,507117,506689,346936,386687,241866,309430,70488,128717,4175885,3945398,529846,509130,810548,767168,321531,1111,1133
2021-10-14T23:59:59+02:00,45989,43260,301078,289110,405775,374789,417016,409393,477787,486040,526170,525967,356433,397681,248066,318095,73065,134160,37157,34846,273700,263172,380997,348393,395514,384722,456243,461667,506689,506267,346702,386462,241755,309273,70457,128666,4170291,3936635,529581,508626,810529,767110,320927,1111,1131
2021-10-13T23:59:59+02:00,45675,42977,300489,288548,405274,374268,416605,408987,477441,485697,525903,525713,356309,397536,248000,318000,73041,134101,36826,34562,272927,262360,380386,347643,394988,384084,455815,461198,506320,505899,346524,386259,241657,309080,70421,128587,4165611,3930244,529396,508353,810522,767064,320490,1110,1131
2021-10-12T23:59:59+02:00,45345,42698,299826,287998,404742,373722,416192,408597,477129,485386,525650,525479,356202,397398,247954,317911,73013,134051,36530,34273,272088,261496,379691,346917,394444,383515,455392,460766,505957,505549,346298,386038,241550,308930,70380,128477,4160885,3923611,529214,508124,810513,767040,320133,1110,1129
2021-10-11T23:59:59+02:00,45101,42471,299236,287510,404247,373255,415778,408230,476821,485076,525405,525277,356092,397277,247885,317817,72977,133987,36243,34017,271331,260760,379013,346237,393951,382960,455008,460315,505621,505244,346103,385840,241456,308787,70339,128394,4156681,3917702,529037,507843,810501,767014,319673,1110,1129
2021-10-10T23:59:59+02:00,44940,42336,298871,287221,403897,372940,415539,407977,476637,484879,525255,525143,356041,397222,247861,317779,72959,133958,36075,33890,270850,260340,378548,345766,393617,382615,454718,460028,505398,505067,346007,385738,241401,308717,70321,128361,4154220,3914064,528893,507721,810488,766979,319305,1109,1129
2021-10-09T23:59:59+02:00,44910,42308,298767,287141,403806,372879,415472,407921,476585,484830,525226,525123,356031,397207,247859,317775,72958,133957,36025,33835,270731,260235,378447,345666,393533,382538,454659,459974,505360,505036,345997,385724,241395,308709,70320,128359,4153679,3913350,528852,507648,810485,766966,319190,1109,1129
2021-10-08T23:59:59+02:00,44668,42099,298257,286730,403343,372500,415164,407622,476298,484590,525012,524953,355969,397146,247824,317723,72940,133943,35817,33557,270163,259670,378020,345232,393151,382156,454378,459646,505179,504876,345933,385640,241361,308664,70309,128347,4150245,3909502,528724,507483,810481,766946,318779,1109,1128
2021-10-07T23:59:59+02:00,44285,41666,297267,285849,402548,371719,414515,406997,475775,484090,524602,524625,355839,396971,247734,317614,72908,133877,35165,32896,268766,258268,377021,344043,392342,381153,453659,458895,504629,504372,345675,385357,241224,308487,70254,128266,4143272,3899792,528485,506288,810472,766903,318098,1109,1127
2021-10-06T23:59:59+02:00,44023,41402,296552,285249,402015,371206,414106,406563,475406,483768,524331,524373,355707,396819,247660,317496,72884,133801,34837,32583,268022,257454,376477,343379,391863,380607,453235,458445,504280,504013,345502,385146,241113,308340,70225,128186,4138350,3893668,528352,506173,810465,766868,317604,1109,1127
2021-10-05T23:59:59+02:00,43705,41104,295832,284562,401370,370576,413581,406074,475020,483360,524043,524068,355560,396662,247582,317349,72855,133706,34536,32268,267202,256607,375783,342638,391319,379995,452728,457977,503927,503654,345309,384923,241000,308168,70178,128112,4132888,3887199,528213,506026,810458,766845,316857,1109,1127
2021-10-04T23:59:59+02:00,43425,40864,294982,283848,400632,369970,413069,405587,474597,482958,523738,523793,355425,396487,247508,317228,72825,133615,34230,31950,266281,255671,375053,341855,390717,379393,452249,457439,503535,503285,345117,384692,240845,308004,70138,128025,4127562,3880475,528058,505913,810447,766804,315888,1107,1127
2021-10-03T23:59:59+02:00,43264,40712,294568,283422,400203,369597,412744,405323,474374,482719,523559,523626,355339,396387,247462,317146,72818,133578,34050,31814,265785,255243,374593,341443,390359,378996,451974,457126,503286,503050,344992,384546,240784,307908,70120,127995,4124627,3876880,527954,505795,810421,766748,315241,1107,1126
2021-10-02T23:59:59+02:00,43227,40675,294444,283295,400079,369505,412656,405240,474310,482659,523521,523593,355325,396363,247461,317143,72816,133576,34003,31775,265646,255112,374493,341353,390281,378917,451917,457072,503255,503012,344979,384522,240782,307901,70118,127995,4123904,3876182,527876,505739,810419,766721,315091,1107,1126
2021-10-01T23:59:59+02:00,43015,40418,293817,282729,399506,368989,412191,404847,473968,482386,523252,523409,355239,396283,247433,317094,72804,133559,33703,31481,264983,254458,373999,340911,389894,378539,451589,456755,503030,502811,344902,384455,240755,307855,70109,127979,4119905,3872269,527733,505580,810407,766665,314295,1107,1124
2021-09-30T23:59:59+02:00,42608,40016,292671,281620,398469,367991,411366,404039,473290,481700,522736,522987,355065,396075,247340,316965,72781,133490,33165,30934,263779,253284,373121,339977,389179,377707,450983,456099,502554,502406,344733,384231,240674,307696,70080,127926,4112013,3865153,527386,504572,810385,766580,312819,1105,1124
2021-09-29T23:59:59+02:00,42264,39709,291889,280867,397721,367271,410804,403451,472782,481203,522370,522673,354880,395869,247262,316831,72752,133424,32862,30624,263015,252515,372469,339315,388714,377125,450553,455639,502200,502061,344557,384049,240581,307533,70058,127868,4106026,3859619,527225,504420,810377,766511,311780,1105,1123
2021-09-28T23:59:59+02:00,41928,39394,291009,280031,396909,366542,410188,402877,472254,480688,521985,522312,354670,395649,247166,316675,72714,133321,32551,30353,262148,251721,371748,338667,388194,376588,450103,455177,501845,501709,344375,383845,240488,307389,70031,127815,4099675,3854061,527097,504270,810369,766454,310551,1105,1123
2021-09-27T23:59:59+02:00,41510,39011,290112,279182,396101,365819,409614,402283,471768,480159,521581,521982,354510,395450,247079,316555,72686,133234,32230,29993,261113,250789,370867,337854,387517,375907,449554,454627,501436,501347,344192,383612,240398,307255,70005,127751,4093971,3847830,526930,504117,810361,766343,308744,1105,1123
2021-09-26T23:59:59+02:00,41136,38705,289531,278640,395591,365367,409267,401928,471460,479863,521369,521791,354398,395350,247036,316486,72667,133194,32070,29859,260602,250323,370411,337448,387169,375531,449259,454329,501229,501156,344099,383520,240340,307182,69989,127714,4090228,3844819,526782,503966,810334,766227,307803,1105,1122
2021-09-25T23:59:59+02:00,41081,38644,289361,278471,395432,365243,409148,401836,471364,479778,521307,521746,354384,395330,247027,316477,72665,133191,32026,29803,260433,250166,370261,337321,387046,375430,449186,454226,501165,501121,344077,383496,240330,307168,69989,127712,4089460,3844090,526707,503904,810331,766193,307354,1105,1122
2021-09-24T23:59:59+02:00,40882,38428,288717,277811,394773,364668,408614,401348,470906,479366,521003,521500,354277,395245,246986,316425,72659,133166,31766,29544,259757,249475,369646,336770,386592,374987,448765,453862,500841,500874,343959,383390,240287,307114,69977,127688,4085643,3840341,526553,503799,810321,766121,305618,1105,1121
2021-09-23T23:59:59+02:00,40243,37754,286988,276135,393282,363291,407412,400126,469853,478392,520246,520813,353980,394969,246854,316209,72616,133048,31371,29123,258446,248381,368482,335773,385643,374149,447942,453122,500243,500357,343720,383145,240173,306965,69951,127612,4075670,3834195,526139,503524,810309,766020,301441,1105,1119
2021-09-22T23:59:59+02:00,39907,37436,285982,275142,392406,362434,406654,399346,469181,477783,519702,520371,353746,394700,246745,316012,72566,132961,31082,28860,257660,247628,367724,335077,385007,373550,447427,452596,499770,500006,343512,382931,240068,306827,69918,127549,4068737,3829037,525916,503351,810288,765904,299477,1104,1117
2021-09-21T23:59:59+02:00,39489,36953,284888,274050,391425,361517,405884,398583,468546,477189,519248,519936,353520,394432,246642,315836,72512,132847,30763,28581,256789,246768,366942,334355,384359,372940,446921,452109,499353,499605,343315,382720,239963,306662,69885,127462,4061075,3823362,525753,503152,810277,765822,297730,1104,1117
2021-09-20T23:59:59+02:00,39134,36675,283738,272966,390360,360570,405049,397767,467839,476567,518749,519477,353273,394202,246534,315654,72468,132750,30378,28210,255659,245776,365942,333503,383555,372161,446196,451522,498886,499160,343085,382502,239857,306474,69849,127384,4053967,3816810,525603,502976,810264,765616,295267,1104,1116
2021-09-19T23:59:59+02:00,38973,36540,283138,272551,389773,360076,404637,397362,467495,476251,518480,519242,353186,394077,246494,315575,72457,132712,30260,28090,255140,245334,365426,333072,383128,371816,445825,451174,498599,498937,342976,382372,239800,306388,69840,127353,4050597,3813942,525458,502793,810240,765316,294046,1104,1116
2021-09-18T23:59:59+02:00,38918,36468,282975,272390,389571,359911,404452,397217,467384,476137,518411,519182,353170,394064,246486,315566,72455,132708,30129,27959,254825,244984,365170,332817,382886,371623,445662,451040,498504,498848,342946,382346,239781,306369,69837,127345,4049633,3812047,525343,502712,810237,765303,293572,1104,1115
2021-09-17T23:59:59+02:00,38585,36102,282067,271554,388775,359151,403724,396558,466767,475610,518028,518817,353019,393917,246423,315495,72431,132676,29860,27691,254080,244296,364474,332216,382290,371117,445192,450627,498164,498559,342824,382209,239730,306291,69824,127323,4044262,3808231,525007,502308,810225,765272,291516,1104,1115
2021-09-16T23:59:59+02:00,38013,35504,280471,269975,387398,357689,402505,395228,465742,474625,517250,518117,352701,393588,246293,315306,72385,132584,29421,27268,252926,243276,363499,331275,381453,370249,444522,449929,497644,498108,342595,381985,239631,306163,69793,127263,4033292,3801567,524241,501906,810184,765125,288963,1104,1112
2021-09-15T23:59:59+02:00,37633,35193,279332,268871,386486,356706,401641,394366,465063,473932,516717,517599,352477,393297,246125,315133,72351,132473,29119,26979,252064,242462,362707,330471,380763,369568,443948,449408,497137,497665,342384,381746,239495,306017,69770,127186,4025715,3795870,523950,501671,810170,765051,286855,1104,1112
2021-09-14T23:59:59+02:00,37320,34884,278358,267902,385538,355839,400896,393591,464452,473273,516185,517144,352229,393053,245995,314963,72308,132405,28843,26740,251277,241666,361970,329797,380150,368967,443402,448893,496714,497277,342188,381530,239383,305871,69746,127131,4018831,3790713,523616,501445,810140,764901,285041,1103,1110
2021-09-13T23:59:59+02:00,36930,34489,277107,266629,384577,354792,400115,392706,463753,472547,515654,516638,352005,392799,245872,314808,72270,132332,28382,26316,250146,240609,361142,329007,379546,368311,442842,448365,496255,496897,341990,381301,239282,305724,69717,127077,4010569,3783753,522891,501160,810107,764804,283745,1103,1107
2021-09-12T23:59:59+02:00,36786,34360,276517,266187,384098,354341,399722,392273,463426,472243,515438,516422,351898,392685,245826,314734,72260,132297,28224,26197,249613,240194,360631,328558,379172,367954,442536,448069,496003,496672,341863,381163,239224,305635,69702,127034,4007343,3780691,522723,500967,810070,764676,282666,1102,1103
2021-09-11T23:59:59+02:00,36707,34311,276326,265974,383871,354151,399560,392115,463291,472119,515367,516360,351868,392654,245817,314718,72258,132294,28077,26098,249330,240006,360407,328400,379022,367811,442386,447951,495935,496617,341839,381135,239216,305622,69702,127030,4006302,3779603,522634,500834,810061,764655,282048,1102,1101
2021-09-10T23:59:59+02:00,36376,33973,275240,264974,382906,353245,398673,391303,462486,471434,514807,515909,351659,392454,245729,314605,72240,132264,27868,25898,248415,239292,359573,327658,378230,367178,441692,447426,495441,496235,341677,380980,239135,305517,69680,127000,4000917,3776110,522490,500615,810051,764631,278093,1101,1100
2021-09-09T23:59:59+02:00,35939,33522,273921,263812,381845,352058,397727,390258,461678,470550,514222,515391,351418,392169,245601,314449,72205,132204,27483,25508,247334,238325,358653,326783,377407,366365,440998,446818,494853,495788,341460,380745,239013,305374,69649,126948,3992651,3769970,522186,500215,810004,764477,275396,1099,1094
2021-09-08T23:59:59+02:00,35536,33120,272951,262816,381031,351203,397023,389469,461039,469943,513780,514923,351215,391926,245497,314273,72176,132146,27188,25219,246406,237460,357830,326043,376715,365634,440389,446243,494402,495328,341257,380499,238900,305213,69616,126871,3986131,3764246,521959,499892,809948,764341,273289,1098,1091
2021-09-07T23:59:59+02:00,35161,32783,271925,261885,380191,350412,396371,388792,460503,469415,513338,514523,351021,391714,245395,314108,72143,132075,26912,25008,245526,236672,357022,325356,376058,365072,439883,445738,493954,494936,341049,380281,238813,305076,69589,126817,3979985,3759225,521715,499553,809933,764161,271376,1098,1090
2021-09-06T23:59:59+02:00,34762,32375,270801,260774,379236,349455,395677,388012,459894,468772,512896,514087,350799,391468,245306,313985,72113,132005,26676,24796,244752,235909,356270,324693,375436,364478,439416,445229,493539,494550,340836,380071,238735,304944,69561,126761,3972714,3754374,521575,499309,809882,764029,269493,1098,1089
2021-09-05T23:59:59+02:00,34606,32227,270388,260355,378915,349102,395371,387693,459654,468526,512717,513907,350726,391373,245264,313923,72097,131976,26540,24641,244320,235513,355869,324303,375075,364159,439152,444979,493337,494337,340736,379951,238690,304880,69544,126729,3970067,3751710,521465,499031,809852,763890,268680,1097,1086
2021-09-04T23:59:59+02:00,34547,32187,270215,260220,378791,348972,395242,387587,459577,468440,512665,513861,350714,391355,245257,313911,72097,131975,26502,24588,244150,235368,355703,324134,374927,364042,439060,444877,493271,494289,340715,379931,238682,304868,69544,126728,3969343,3750917,521410,498895,809847,763866,268256,1097,1086
2021-09-03T23:59:59+02:00,34230,31872,269309,259410,378044,348301,394648,386996,458999,467954,512202,513526,350541,391175,245191,313804,72073,131940,26178,24244,243126,234503,354901,323415,374248,363386,438403,444285,492780,493871,340516,379731,238595,304762,69524,126700,3964939,3746587,520703,497353,809819,763790,265993,1097,1084
2021-09-02T23:59:59+02:00,33862,31530,268239,258518,377171,347455,393900,386232,458301,467314,511667,513094,350274,390922,245067,313625,72048,131861,25877,23977,242096,233693,354004,322629,373496,362668,437684,443655,492213,493413,340267,379468,238487,304609,69499,126622,3958893,3741361,520412,496867,809783,763461,263225,1097,1081
2021-09-01T23:59:59+02:00,33533,31161,267379,257671,376400,346777,393366,385677,457824,466827,511278,512744,350091,390728,244978,313506,72024,131800,25489,23575,240997,232627,353128,321767,372802,361969,437065,443048,491682,492926,340034,379199,238357,304457,69474,126568,3953381,3734523,520226,496321,809748,763242,261635,1096,1075
2021-08-31T23:59:59+02:00,33135,30817,266503,256747,375649,346050,392779,385087,457305,466336,510821,512375,349893,390529,244882,313359,71992,131756,25204,23279,240040,231725,352312,321005,372131,361328,436505,442533,491159,492524,339830,378983,238269,304306,69440,126512,3947757,3729170,520035,495933,809721,762815,259721,1094,1073
2021-08-30T23:59:59+02:00,32588,30330,265193,255556,374640,345123,391956,384267,456543,465620,510255,511873,349662,390307,244789,313205,71956,131687,24883,22959,238876,230730,351296,320098,371334,360582,435797,441946,490602,492006,339574,378736,238143,304127,69399,126435,3940215,3723077,519917,495488,809676,762559,256952,1093,1069
2021-08-29T23:59:59+02:00,32398,30139,264620,255043,374149,344702,391567,383923,456245,465329,510024,511647,349561,390195,244739,313140,71946,131663,24657,22744,238156,230082,350671,319546,370833,360105,435364,441565,490290,491744,339433,378579,238082,304050,69381,126410,3937083,3719147,519795,495085,809645,762297,255713,1093,1068
2021-08-28T23:59:59+02:00,32308,30043,264390,254864,373969,344546,391409,383799,456121,465209,509948,511594,349536,390172,244728,313128,71945,131660,24591,22640,237835,229822,350417,319347,370611,359937,435182,441400,490162,491652,339391,378538,238062,304024,69380,126406,3936035,3717563,519754,494968,809639,762270,255145,1093,1068
2021-08-27T23:59:59+02:00,32079,29793,263743,254295,373453,344021,390931,383342,455663,464809,509572,511305,349405,390036,244670,313042,71926,131640,24444,22487,237227,229317,349795,318834,370131,359497,434723,441039,489855,491400,339259,378419,238007,303960,69369,126399,3932216,3714303,519684,494752,809580,762209,253446,1093,1064
2021-08-26T23:59:59+02:00,31693,29403,262738,253308,372592,343199,390168,382593,454974,464130,509016,510822,349171,389775,244549,312924,71898,131579,24094,22122,235739,227946,348552,317632,369004,358492,433845,440221,489182,490821,338968,378097,237844,303790,69339,126354,3925978,3705877,519438,494101,809541,761845,250761,1093,1059
2021-08-25T23:59:59+02:00,31327,29070,261808,252440,371832,342412,389503,381889,454330,463534,508452,510359,348927,389513,244426,312760,71863,131511,23488,21546,233676,226072,347055,316224,367805,357290,432836,439257,488379,490087,338587,377706,237690,303557,69295,126266,3920187,3693837,519305,493691,809511,761690,248136,1088,1056
2021-08-24T23:59:59+02:00,31008,28802,261071,251658,371220,341775,388957,381306,453845,463016,508034,509981,348716,389288,244308,312596,71837,131439,23170,21230,232459,225003,346082,315299,367013,356531,432160,438599,487817,489537,338306,377389,237559,303397,69271,126202,3915207,3686617,519015,493238,809490,761382,246325,1087,1049
2021-08-23T23:59:59+02:00,30485,28271,259678,250337,370181,340852,388115,380510,453065,462334,507380,509407,348431,389005,244168,312406,71810,131378,22859,20931,230969,223674,344756,314215,366056,355674,431295,437836,487109,488965,338000,377054,237426,303203,69245,126143,3907705,3679137,518866,492754,809455,761094,242955,1086,1047
2021-08-22T23:59:59+02:00,30339,28157,259267,249965,369819,340515,387842,380239,452825,462087,507188,509255,348330,388908,244127,312348,71793,131352,22676,20748,230237,222986,344057,313547,365514,355163,430852,437426,486783,488693,337830,376867,237362,303098,69227,126108,3905446,3674690,518716,492284,809415,760788,241943,1084,1042
2021-08-21T23:59:59+02:00,30086,27952,258769,249499,369501,340192,387585,379977,452619,461909,507039,509116,348274,388852,244105,312310,71790,131343,22400,20494,229491,222330,343565,313145,365109,354750,430487,437115,486553,488496,337744,376799,237335,303055,69221,126096,3902880,3671688,518572,491077,809406,760731,241218,1084,1042
2021-08-20T23:59:59+02:00,29894,27753,258107,248830,368757,339555,386899,379442,452019,461406,506559,508790,348125,388688,244049,312213,71773,131308,21995,20153,227679,220704,342147,311941,363983,353784,429527,436311,485829,487943,337499,376550,237231,302935,69196,126066,3899352,3663388,518247,489910,809392,760363,238334,1082,1041
2021-08-19T23:59:59+02:00,29561,27439,257110,247977,367743,338757,386104,378745,451303,460764,505991,508303,347881,388421,243940,312065,71739,131235,21497,19659,224902,218263,339821,310090,362265,352293,428113,435036,484667,486984,337074,376121,237037,302688,69162,125997,3893781,3648940,517878,488137,809349,759885,235221,1081,1038
2021-08-18T23:59:59+02:00,29274,27178,256312,247268,367029,338132,385513,378167,450695,460258,505517,507888,347608,388177,243822,311917,71707,131169,21118,19282,222418,215733,337751,308321,360606,350632,426578,433702,483518,485944,336554,375567,236806,302389,69112,125903,3888616,3635611,517697,484187,809319,759500,233145,1080,1037
2021-08-17T23:59:59+02:00,28954,26902,255524,246542,366405,337446,384948,377605,450196,459769,505078,507468,347402,387964,243705,311785,71681,131116,20646,18845,219662,212973,335667,306486,358906,349159,425138,432424,482393,484954,336062,375027,236572,302098,69059,125826,3883520,3620503,517394,481402,809293,759070,231427,1079,1031
2021-08-16T23:59:59+02:00,28661,26639,254827,245885,365828,336884,384476,377138,449756,459325,504655,507101,347215,387755,243606,311620,71650,131076,20090,18361,216482,209887,333366,304357,357372,347697,423926,431274,481441,484105,335667,374574,236386,301827,69020,125736,3879068,3602992,517238,480693,809264,758718,229668,1079,1028
2021-08-15T23:59:59+02:00,28464,26476,254327,245435,365388,336490,384111,376795,449456,459063,504409,506896,347100,387634,243556,311538,71639,131055,19305,17630,212451,205815,331455,302726,356103,346462,422890,430325,480650,483438,335332,374235,236259,301650,68996,125686,3876165,3585257,517093,479775,809226,758383,228489,1079,1025
2021-08-14T23:59:59+02:00,28395,26417,254079,245236,365150,336311,383935,376644,449297,458932,504291,506788,347050,387601,243538,311515,71636,131050,18979,17332,211371,204707,330625,301958,355379,345779,422391,429862,480262,483116,335191,374107,236221,301593,68987,125669,3874979,3578528,517018,479401,809220,758305,227788,1079,1024
2021-08-13T23:59:59+02:00,28137,26173,253369,244645,364645,335881,383494,376206,448855,458564,503949,506529,346920,387450,243473,311437,71624,131021,18373,16775,209474,202915,329187,300630,354104,344580,421336,428916,479508,482467,334946,373815,236108,301450,68969,125615,3871122,3566516,516945,478795,809210,758111,226237,1073,1020
2021-08-12T23:59:59+02:00,27937,25946,252642,244006,364019,335284,382947,375712,448314,458109,503521,506170,346735,387249,243369,311330,71611,130973,17791,16276,206865,200633,326292,298073,352076,342766,419817,427650,478279,481394,334490,373276,235862,301173,68929,125532,3867108,3548991,516753,477613,809171,757076,223980,1071,1017
2021-08-11T23:59:59+02:00,27700,25698,251906,243309,363389,334695,382415,375224,447844,457675,503111,505736,346504,387008,243252,311196,71584,130918,16971,15588,203801,197635,323094,295112,349890,340695,418306,426236,476993,480100,333941,372627,235612,300766,68879,125403,3862201,3527016,516533,476538,809131,756131,222437,1068,1013
2021-08-10T23:59:59+02:00,27454,25439,251065,242564,362666,334126,381862,374669,447343,457189,502654,505328,346307,386809,243165,311057,71561,130874,16174,14802,199584,193481,318403,290866,346887,337904,416167,424280,475388,478638,333257,371945,235319,300359,68823,125285,3857064,3496729,516244,475454,809092,754974,220869,1066,1013
2021-08-09T23:59:59+02:00,27256,25238,250432,241986,362071,333632,381407,374284,446920,456838,502300,505036,346142,386658,243099,310945,71541,130838,15180,13857,195022,188868,312668,286097,344114,335397,414243,422492,473761,477164,332617,371250,235054,299990,68766,125150,3853276,3466206,516064,472701,809055,753879,219365,1063,1006
2021-08-08T23:59:59+02:00,27081,25079,249946,241567,361666,333263,381054,373988,446612,456572,502054,504843,346033,386546,243036,310862,71524,130803,14958,13662,193665,187488,311028,284741,342781,334219,413357,421729,473180,476640,332350,370974,234925,299819,68740,125098,3850631,3456970,515906,471328,809000,753385,218126,1060,1004
2021-08-07T23:59:59+02:00,26932,24903,249416,241118,361264,332922,380717,373701,446317,456334,501826,504666,345960,386451,243002,310811,71516,130792,13786,12617,189977,183888,308970,282877,341052,332687,412014,420459,472246,475842,331994,370598,234794,299629,68707,125061,3847756,3437256,515799,469987,808985,753171,217240,1060,1000
2021-08-06T23:59:59+02:00,26706,24668,248543,240444,360470,332306,380035,373118,445658,455805,501287,504272,345722,386244,242903,310694,71505,130770,12878,11789,186220,180316,305479,280046,338918,330840,410405,419109,470945,474871,331610,370209,234635,299475,68682,125013,3845135,3417827,514429,468251,808971,752067,213749,1056,997
2021-08-05T23:59:59+02:00,26381,24343,247361,239497,359563,331421,379197,372378,444907,455107,500614,503725,345438,385938,242787,310518,71463,130707,11872,10854,181726,176353,300067,275606,334779,327256,407576,416606,468675,473081,330936,369502,234373,299101,68620,124902,3838695,3389745,514160,463516,808898,748346,210716,1054,994
2021-08-04T23:59:59+02:00,26008,24000,246214,238499,358550,330494,378413,371665,444271,454501,500033,503188,345163,385669,242665,310346,71436,130636,11057,10140,178225,173033,296271,272446,330347,323328,405318,414501,466954,471522,330238,368802,234096,298749,68559,124800,3832137,3362435,513816,461738,808862,746588,208049,1048,993
2021-08-03T23:59:59+02:00,25544,23578,244842,237307,357628,329653,377695,370966,443611,453834,499428,502645,344866,385365,242533,310169,71392,130569,10494,9638,174719,169575,292135,268769,325217,318700,402558,411931,464606,469417,329398,367932,233746,298277,68493,124663,3824151,3330208,513651,459851,808814,744505,206118,1047,991
2021-08-02T23:59:59+02:00,25225,23271,243781,236339,356772,328890,376986,370362,443031,453277,498903,502195,344600,385084,242415,310014,71366,130511,9937,9096,171065,165969,287409,264774,319322,313728,399788,409361,462364,467413,328617,367084,233451,297877,68431,124546,3817752,3296589,513399,457859,808750,741960,204228,1045,984
2021-08-01T23:59:59+02:00,25066,23080,243146,235725,356166,328373,376534,369959,442592,452954,498554,501913,344458,384916,242338,309898,71352,130485,9669,8885,169506,164505,284906,262755,314663,310000,397919,407775,460878,466158,328180,366594,233279,297659,68402,124487,3814012,3278564,513092,455703,808656,739504,202854,1041,974
2021-07-31T23:59:59+02:00,24956,22975,242798,235403,355881,328145,376286,369786,442399,452799,498446,501809,344424,384874,242318,309884,71351,130479,8433,7788,165716,160645,282063,260195,312560,307992,396514,406486,459728,465166,327860,366214,233145,297485,68376,124441,3812375,3255538,512902,454760,808646,738708,202195,1040,974
2021-07-30T23:59:59+02:00,24665,22715,241992,234675,355295,327612,375786,369311,441933,452393,498080,501518,344286,384734,242273,309804,71338,130463,7493,6918,161955,156864,278651,257063,309519,305159,394269,404361,457873,463574,327348,365681,232934,297193,68343,124382,3808241,3230331,512529,453552,808625,735502,200580,1039,972
2021-07-29T23:59:59+02:00,24316,22372,240451,233394,354118,326531,374814,368388,441068,451593,497260,500890,343950,384416,242135,309616,71300,130396,6507,6042,157078,152359,273233,252844,303582,300349,389884,400842,454809,461150,326508,364830,232621,296782,68283,124282,3800597,3196194,511838,448662,808536,730374,197131,1037,970
2021-07-28T23:59:59+02:00,24014,22081,239291,232348,353229,325684,374060,367688,440425,450919,496688,500395,343691,384116,241997,309429,71266,130323,6014,5599,153290,148690,268704,249154,299113,296359,386601,397960,452699,459289,325838,364053,232353,296392,68218,124155,3793791,3165224,511296,446726,808458,727711,195187,1037,966
2021-07-27T23:59:59+02:00,23740,21854,238279,231367,352373,324935,373350,367088,439834,450299,496158,499933,343442,383807,241864,309235,71230,130224,5444,5072,148238,143543,262743,243993,293792,291567,382567,394241,449505,456464,324848,362941,231987,295889,68125,123996,3787439,3123419,510737,444413,808400,723951,193526,1034,962
2021-07-26T23:59:59+02:00,23508,21614,237297,230376,351575,324218,372732,366526,439274,449808,495702,499555,343204,383565,241737,309076,71206,130166,5020,4711,143875,139124,257158,239174,288602,287072,378079,390259,445970,453420,323885,361971,231657,295407,68050,123858,3781698,3083780,510101,442146,808313,719584,192116,1029,960
2021-07-25T23:59:59+02:00,23149,21312,235949,229214,350625,323438,372046,365859,438688,449259,495234,499145,343000,383343,241647,308945,71184,130102,4765,4479,142011,137349,254449,236938,286076,284955,375928,388464,443867,451617,323358,361441,231449,295176,68025,123781,3774548,3068597,509721,439955,808243,715199,190707,1027,957
2021-07-24T23:59:59+02:00,22898,21115,235020,228341,349898,322778,371469,365334,438159,448816,494871,498867,342883,383244,241603,308883,71181,130091,4442,4194,139102,134536,251704,234605,283500,282728,373662,386599,442621,450626,323006,361101,231304,294994,68006,123747,3770489,3050170,508953,436924,808228,714852,188856,1027,956
2021-07-23T23:59:59+02:00,22480,20726,233510,226991,348559,321824,370413,364459,437273,448025,494171,498330,342644,382971,241513,308771,71160,130055,4018,3802,133599,129670,246307,230271,278995,278913,369951,383376,439958,448411,322299,360374,231047,294682,67952,123665,3762965,3014434,508480,435143,808172,712706,185319,1027,951
2021-07-22T23:59:59+02:00,21971,20250,231400,225004,346797,320269,368903,363156,435951,446870,493184,497424,342208,382519,241337,308521,71116,129974,3595,3457,129238,125586,240269,225735,272573,273816,363031,377854,434473,443878,321109,359104,230605,294157,67858,123510,3750454,2972125,506889,429135,808037,706368,182520,1025,949
2021-07-21T23:59:59+02:00,21461,19726,229507,223177,345085,318720,367276,361573,434371,445478,491955,496248,341654,381989,241089,308234,71062,129879,3392,3259,125463,121996,234778,221477,267010,269266,354872,370893,429840,440123,319986,357954,230141,293589,67777,123329,3739371,2936429,503131,418212,807810,701572,179206,1024,947
2021-07-20T23:59:59+02:00,21158,19447,228038,221686,343839,317534,366306,360690,433503,444681,491228,495602,341310,381612,240940,308013,71032,129789,3131,2968,121111,117738,228399,216272,261158,264067,347729,364770,425125,435792,318883,356687,229722,293002,67679,123145,3729977,2892457,502725,410962,807680,697159,177055,1020,946
2021-07-19T23:59:59+02:00,20844,19150,226296,219986,342512,316269,365258,359706,432684,443895,490554,494978,341008,381241,240788,307781,70987,129692,2935,2759,118342,115120,223982,212668,256521,260098,343993,361582,422496,433597,318151,355955,229422,292609,67604,123021,3719330,2867273,502300,405562,807585,692825,175441,1018,944
2021-07-18T23:59:59+02:00,20690,19015,224987,218703,340874,314830,364177,358766,431856,443165,490014,494431,340771,380952,240658,307605,70965,129630,2843,2665,116832,113723,221301,210465,254152,257977,341734,359718,420453,431894,317654,355458,229262,292391,67583,122953,3709792,2854877,501764,401270,807508,689111,174044,1014,939
2021-07-17T23:59:59+02:00,20292,18591,223832,217642,340290,314286,363576,358249,431333,442711,489594,494142,340667,380834,240616,307549,70962,129619,2579,2408,114757,111615,218832,208150,251668,255771,339295,357569,418997,430626,317316,355067,229127,292223,67560,122913,3704197,2837291,501561,398534,807479,688321,172566,1012,939
2021-07-16T23:59:59+02:00,19748,18077,221291,215496,338541,312977,362058,356948,429862,441505,488493,493282,340259,380462,240445,307391,70938,129583,2312,2167,111634,108796,214038,204203,247113,252123,334974,353855,415642,427895,316391,354130,228775,291806,67507,122832,3693963,2809489,500798,396158,807322,684493,166273,1011,936
2021-07-15T23:59:59+02:00,19106,17448,218497,213067,336627,311257,360463,355499,428511,440313,487543,492422,339852,380033,240242,307136,70896,129478,2134,2026,107711,105544,205621,197915,239570,246487,328339,348592,408537,421425,314641,352306,228224,291134,67435,122633,3678839,2762644,500194,387672,807205,677029,163128,1005,934
2021-07-14T23:59:59+02:00,18261,16722,216051,210733,334914,309720,359046,354144,427281,439111,486511,491462,339394,379567,240001,306824,70843,129390,1982,1882,104083,102178,199110,192708,233822,241795,324027,345088,404341,417786,313320,350985,227813,290573,67351,122477,3663852,2728803,499605,382106,807080,670201,160401,1004,928
2021-07-13T23:59:59+02:00,17607,16064,213860,208700,333302,308332,357701,352902,426102,438017,485542,490598,338952,379089,239796,306578,70807,129297,1869,1773,100309,98619,192587,187264,226653,235711,317315,339005,395917,409898,311505,349050,227205,289777,67239,122275,3649939,2685780,499042,369378,806921,660691,158300,1004,923
2021-07-12T23:59:59+02:00,16589,15128,210556,205507,331229,306585,356111,351420,424853,436805,484556,489699,338532,378611,239618,306349,70767,129220,1788,1702,97194,95883,187279,182939,219653,230006,310454,332949,390800,405605,309763,347173,226611,289040,67139,122104,3631357,2647287,498482,362217,806739,652238,156505,1001,920
2021-07-11T23:59:59+02:00,16079,14651,209189,204225,330471,305850,355436,350785,424280,436292,484103,489349,338335,378400,239557,306244,70745,129180,1753,1676,95763,94587,184470,180608,216632,227694,307753,330784,387952,403210,307276,344537,226233,288568,67085,122006,3625023,2632182,497836,360213,806608,641703,154654,993,915
2021-07-10T23:59:59+02:00,15604,14189,207335,202430,328991,304574,354294,349801,423544,435694,483627,488948,338166,378234,239491,306157,70735,129160,1712,1629,94453,93308,181913,178473,213593,225200,305217,328617,386783,402166,306626,343860,226053,288379,67069,121979,3616386,2615309,497190,359979,806372,639933,151966,992,914
2021-07-09T23:59:59+02:00,15278,13908,205418,200580,327376,303109,353215,348829,422632,434973,483049,488467,337959,378011,239395,306037,70720,129126,1038,973,91651,90576,178363,175223,209234,221025,300177,324005,383323,399174,305523,342626,225746,288008,67031,121913,3607172,2586188,496316,357905,806178,632309,149350,988,912
2021-07-08T23:59:59+02:00,14810,13479,201916,197579,324042,300420,350817,346832,420913,433504,481611,487394,337510,377563,239217,305789,70675,129048,920,862,87337,86791,171093,169523,201071,214605,292785,317865,376341,392937,302780,339687,224965,287064,66914,121653,3591713,2539799,492260,349212,805659,621901,144397,984,909
2021-07-07T23:59:59+02:00,14308,13025,198167,193699,320855,297543,348489,344772,419351,432026,480399,486287,337026,376996,239025,305515,70636,128942,787,766,83647,83331,163755,163785,191992,207404,284771,311281,369280,386100,299452,336054,224049,285960,66772,121406,3570319,2491645,490885,335731,805270,611865,141445,983,907
2021-07-06T23:59:59+02:00,13848,12651,194725,190314,317581,294788,346003,342472,417625,430454,479123,485145,336516,376429,238829,305226,70582,128856,665,648,80064,79739,157043,158253,184557,201183,275810,303310,362763,379987,296241,332793,223158,284863,66664,121177,3550352,2438952,487808,328729,804855,602320,138995,981,905
2021-07-05T23:59:59+02:00,13451,12314,190309,186054,313500,291426,343483,340122,415940,428898,477969,484064,336040,375903,238649,304978,70549,128769,589,553,76983,76891,151897,154145,179780,197047,268875,297021,356639,374434,292957,329326,222268,283740,66554,121005,3527386,2399754,486634,324218,804359,591928,134871,975,899
2021-07-04T23:59:59+02:00,13272,12153,186460,182162,310849,289380,342158,339035,415051,428110,477380,483568,335813,375643,238559,304850,70523,128715,556,524,74788,74997,148769,151550,177433,194991,266411,294957,353503,372208,289633,325918,221684,283068,66498,120883,3515051,2385846,485335,321904,803794,580350,130328,973,897
2021-07-03T23:59:59+02:00,12075,11095,180022,176147,306564,285912,339811,336852,413229,426302,476163,482511,335413,375198,238385,304601,70499,128672,525,505,72999,73409,146330,149658,174987,192898,263334,292228,351213,370347,287872,323924,221415,282704,66466,120834,3488591,2370036,483926,321696,803615,575845,124124,973,897
2021-07-02T23:59:59+02:00,10978,10002,176297,172668,304127,283698,338047,335134,411972,425109,475385,481819,335153,374881,238271,304419,70470,128624,487,454,70295,70705,142387,146357,170519,188834,257260,286760,345972,365631,284607,320181,220772,281928,66417,120750,3470418,2336673,482441,318897,803432,563236,121567,963,882
2021-07-01T23:59:59+02:00,9879,9072,172608,169206,300073,280380,335542,332849,410168,423523,474282,480847,334734,374416,238068,304148,70425,128544,414,380,65385,65965,136031,140983,163207,182295,246964,277868,335140,355806,279804,314889,218915,279660,66237,120437,3447752,2280076,480338,306502,803088,545449,118383,962,876
2021-06-30T23:59:59+02:00,9389,8679,169323,166107,294431,275733,331852,329502,408396,421982,473258,479873,334311,373928,237876,303845,70391,128455,332,318,62233,63102,130366,136285,156544,176284,236888,268689,321708,342498,274572,309320,217022,277329,66068,120114,3422557,2224861,478161,293665,802801,526561,114595,961,873
2021-06-29T23:59:59+02:00,8851,8156,165508,162303,289869,271440,328279,326191,406276,419890,471704,478452,333720,373284,237620,303489,70336,128345,274,247,59433,60075,125396,131844,150495,170739,225008,257959,313129,334111,268095,302114,215040,274864,65864,119766,3394894,2165393,476160,288984,802474,509123,110950,959,867
2021-06-28T23:59:59+02:00,8445,7776,162167,158830,284810,267105,324961,323338,404127,417953,470213,477135,333199,372670,237386,303180,70292,128252,214,197,57147,57703,121469,128308,146126,166641,215761,249519,307322,328684,263137,296804,213275,272625,65716,119498,3370865,2129512,472183,280332,801813,492559,107727,957,864
2021-06-27T23:59:59+02:00,8297,7653,160647,157291,282695,265283,323153,321787,402422,416589,469309,476411,332905,372376,237283,303017,70273,128203,187,176,55938,56581,119318,126580,143546,164496,211627,246112,303938,325809,259311,292784,210810,269708,65605,119303,3360771,2113934,470105,276805,800765,476372,104697,956,860
2021-06-26T23:59:59+02:00,7142,6553,157375,153947,280580,263396,320730,319541,401228,415433,468610,475712,332636,372095,237176,302859,70249,128173,175,164,55390,55986,117964,125407,142112,163245,209375,244097,301397,323379,257771,291120,210473,269294,65578,119234,3341600,2097015,467271,276713,800758,473866,104556,938,844
2021-06-25T23:59:59+02:00,5919,5437,153063,149647,277174,260429,318663,317572,399913,414177,467606,474880,332346,371760,237049,302703,70222,128124,146,142,54091,54350,115462,122685,137996,158655,200577,235621,295688,317484,256040,288990,209875,268491,65507,119118,3316571,2054338,465836,275000,800705,467245,104314,938,839
2021-06-24T23:59:59+02:00,5052,4646,148600,145498,272312,256466,314372,313780,397709,412291,466224,473740,331916,371294,236880,302465,70188,128036,127,112,51433,51743,110284,117925,130609,151981,188496,225128,284247,307224,250641,283127,208034,266143,65303,118717,3285235,1992041,463822,263144,800538,453449,102596,937,831
2021-06-23T23:59:59+02:00,4831,4441,145422,142367,268595,253289,309121,308965,395213,409938,464818,472418,331382,370669,236650,302153,70139,127929,95,82,49485,49643,106468,113988,124906,146273,178569,216440,272247,295197,246013,278287,206692,264439,65140,118356,3257586,1935480,460287,253256,800376,442722,100804,935,826
2021-06-22T23:59:59+02:00,4578,4212,142337,139230,264867,249892,302985,303522,392570,407373,463274,470922,330827,370059,236430,301800,70092,127822,64,61,47784,47884,102840,110654,120087,141671,165946,205277,261314,284871,241930,273794,204764,262021,64887,117883,3225444,1876899,458342,245503,800184,431740,99517,933,816
2021-06-21T23:59:59+02:00,4318,3966,139071,136275,260144,245971,297729,298641,389512,404491,461795,469556,330302,369491,236210,301489,70052,127710,56,53,46542,46648,100438,108408,117327,138947,159699,199482,254408,278225,236563,267930,200817,257475,64702,117505,3193592,1845737,456291,239972,799979,411893,97540,928,814
2021-06-20T23:59:59+02:00,4174,3847,137554,134755,255871,242459,295129,296393,388116,403169,460997,468802,330074,369197,236098,301356,70032,127648,50,50,45400,45712,98156,106596,115031,136946,156658,196921,250085,274128,233543,264388,199825,256218,64620,117379,3176007,1825230,454518,236399,799820,403995,95996,925,804
2021-06-19T23:59:59+02:00,3758,3497,135396,132648,253109,240129,293340,294733,386269,401599,460152,468072,329853,368944,235995,301219,70012,127616,49,48,44852,45059,96873,105319,113540,135461,155141,195475,246847,271089,232810,263533,199652,255953,64598,117326,3159632,1809158,451685,234805,799808,403696,95874,925,803
2021-06-18T23:59:59+02:00,2806,2585,132102,129502,249574,237063,289314,291312,383862,399468,458807,466914,329476,368544,235839,300984,69986,127567,49,48,44063,44135,95286,103526,111224,132782,151580,191425,239958,263774,231072,261515,199162,255310,64522,117191,3133762,1779713,447242,234267,799779,396956,95579,922,800
2021-06-17T23:59:59+02:00,2570,2362,128380,126204,243524,232598,284070,286908,379055,395466,456472,465070,328879,367821,235594,300626,69921,127453,47,48,41809,42299,91214,100029,106294,128010,143678,183717,228537,252348,225843,255559,197506,253146,64262,116771,3098814,1723810,444241,230102,799518,386007,91082,879,787
2021-06-16T23:59:59+02:00,2300,2126,125134,122790,238614,228240,279361,282643,373876,390955,453873,462927,328137,367027,235302,300214,69855,127338,47,44,39967,40685,87654,96975,101916,124162,135406,176348,216408,240404,219588,248415,195574,250812,64009,116282,3065194,1663768,438688,224472,799030,377861,88465,876,784
2021-06-15T23:59:59+02:00,1912,1793,120211,117910,232617,223071,273992,277642,368802,386314,451016,460498,327262,366045,234951,299702,69772,127154,46,42,38347,39056,84305,93905,97925,120092,128330,169959,204025,228346,213537,241599,193602,248372,63699,115709,3020374,1606279,436742,218602,798464,370149,85727,875,782
2021-06-14T23:59:59+02:00,1649,1517,116147,113740,227371,218149,268617,272663,363504,381549,447889,457898,326473,365181,234640,299313,69710,127034,42,41,37366,38163,82016,91794,95196,117559,124196,166193,197401,221826,210409,238072,192462,246888,63479,115315,2978130,1576539,434380,216308,798202,362468,82956,874,778
2021-06-13T23:59:59+02:00,1575,1432,114652,112356,224910,216028,266067,270397,361245,379582,446714,456865,326195,364874,234503,299142,69678,126960,39,41,36494,37421,80149,90113,93167,115730,121360,163571,193510,218101,207310,234619,191423,245510,63245,114900,2963073,1562450,431938,209018,797900,354204,80881,872,773
2021-06-12T23:59:59+02:00,1426,1295,111998,109602,223012,214292,264677,269110,359804,378182,445819,456096,325906,364564,234411,299039,69660,126931,39,41,36122,37011,79159,89014,91898,114417,119773,162000,189933,214787,206274,233491,190025,243853,63235,114868,2946864,1549221,430957,209000,797879,346820,80738,870,772
2021-06-11T23:59:59+02:00,1279,1159,109440,107081,220104,211657,260998,265908,356655,375442,444097,454623,325469,364111,234274,298829,69633,126876,39,40,35440,35886,77134,85608,89648,110867,115643,156831,183198,207297,204168,231113,189415,243079,63172,114769,2922373,1521535,428153,208294,797696,333336,80015,868,770
2021-06-10T23:59:59+02:00,1116,1002,104681,102658,214014,206880,253924,260070,350546,370131,439595,450841,324612,363138,233955,298382,69548,126723,37,39,33856,34388,73113,81410,84692,105338,108941,148576,170791,193618,198057,224192,187678,240932,62915,114364,2878647,1474115,421032,206536,796856,306257,75855,862,761
2021-06-09T23:59:59+02:00,968,871,100751,98936,208019,202137,247088,254347,343865,364170,435905,447815,323928,362386,233681,297998,69484,126589,36,37,32316,33121,69856,78743,80979,102161,104195,144274,159612,182819,187389,212151,185800,238680,62641,113868,2839509,1419845,412483,202542,796342,294939,71168,846,753
2021-06-08T23:59:59+02:00,786,690,96212,94376,201369,196551,240119,248323,335590,356878,430794,443139,323089,361376,233305,297512,69404,126453,33,35,31236,32254,67259,76426,77680,99416,99586,140340,151976,175289,178639,202397,183987,236420,62410,113499,2787430,1380429,406700,197604,795757,284036,66622,841,744
2021-06-07T23:59:59+02:00,627,551,92981,91265,195280,191831,233552,243063,327744,350694,427738,440684,322540,360734,233090,297184,69350,126357,29,31,30356,31399,64778,74459,74716,97244,95798,137397,143868,167472,174564,197746,182550,234604,62186,113113,2748302,1353161,400511,194291,795194,272878,61780,837,741
2021-06-06T23:59:59+02:00,589,516,91397,89940,191977,189260,230187,240276,323449,347282,426290,439601,322259,360433,232982,297025,69326,126310,29,31,29749,30835,62992,72764,72622,95221,92584,134310,138153,161648,172019,195097,181436,233200,61956,112732,2732807,1341203,393100,184562,794700,262413,58999,836,731
2021-06-05T23:59:59+02:00,507,436,89448,87920,187086,185015,227710,238141,321628,345661,425290,438687,321975,360114,232832,296858,69312,126278,29,29,29286,30068,61776,70796,71214,93062,90889,132023,133371,156296,169001,191413,180952,232541,61922,112667,2709230,1317489,392965,184095,794609,256948,58592,834,727
2021-06-04T23:59:59+02:00,407,351,87082,85384,183399,181376,223681,234177,318026,342009,422920,436488,321514,359578,232638,296629,69273,126216,29,27,28811,29389,60639,69119,69891,90948,89078,129374,129979,152615,164745,186626,179958,231273,61874,112579,2679887,1298464,389131,183311,794492,246848,58120,832,722
2021-06-03T23:59:59+02:00,315,274,83789,82295,177634,176679,216377,228045,310274,335271,415150,429617,320471,358388,232267,296175,69218,126084,26,27,27916,28364,58714,66899,67463,88168,85382,125219,123176,145917,158364,178976,178374,229236,61759,112340,2630764,1269014,378860,177943,794068,234060,55089,826,708
2021-06-02T23:59:59+02:00,264,216,81699,80115,173509,172912,212706,224865,306660,331899,413090,427775,320055,357923,232112,295966,69190,126032,25,25,27443,27874,57567,65753,65832,86861,83280,123247,118173,141007,150460,169970,177647,228278,61674,112169,2601824,1236582,377463,175963,794041,230419,54111,819,693
2021-06-01T23:59:59+02:00,163,149,77416,76278,165208,166316,203309,217109,297538,323998,404868,419937,318540,356307,231570,295228,69078,125805,24,22,25887,26453,53236,62778,60965,83551,77822,118711,110720,133748,139311,156500,175531,225531,61467,111744,2543009,1186167,365774,171837,793285,218616,47169,813,675
2021-05-31T23:59:59+02:00,142,131,74658,73780,159530,161978,195975,211122,290136,317590,399112,414958,317535,355184,231181,294706,68988,125634,24,21,24970,25385,50600,60532,57771,80995,74196,115404,106189,129276,135127,151559,174154,223799,61298,111411,2502468,1163572,356352,169461,792632,208177,41284,811,667
2021-05-30T23:59:59+02:00,132,123,73602,72708,157033,159916,193337,208753,287329,315065,397219,413208,317169,354767,231019,294466,68950,125553,24,21,24363,24596,48993,58769,56009,79114,71927,112820,103504,126386,132953,149008,173358,222860,61204,111199,2486582,1153667,353814,168140,791997,196749,38345,808,647
2021-05-29T23:59:59+02:00,129,121,72989,72111,155516,158512,191033,206722,285483,313476,396379,412437,316944,354519,230938,294386,68939,125534,23,21,24034,24068,48066,57262,54657,77225,69989,109963,101170,123577,130125,145562,172698,221952,61177,111145,2472666,1139950,353651,168067,791934,186191,38306,805,637
2021-05-28T23:59:59+02:00,125,118,71899,70990,153103,156241,187343,203169,282195,310338,394516,410663,316531,354013,230792,294173,68920,125477,23,20,23498,23059,46444,55115,52808,74653,67922,105998,96819,117673,125707,140464,171716,220637,61130,111031,2448758,1117090,352592,167851,791726,171667,37912,802,625
2021-05-27T23:59:59+02:00,114,109,68571,67963,146593,151278,179140,196901,275778,305154,388195,404963,315258,352559,230331,293640,68848,125295,21,19,22165,21369,43180,52044,48902,70813,63332,99955,90430,110127,121747,135810,168897,216921,60955,110715,2404051,1088445,344945,165090,789911,151522,32146,798,611
2021-05-26T23:59:59+02:00,110,106,66407,65773,141623,147173,173026,191829,269012,299471,381453,398266,313727,350937,229835,292942,68743,125082,21,18,21418,20441,41339,49890,46534,68054,60280,96142,85819,104979,116740,130053,165083,211557,60744,110286,2366667,1056297,331709,163500,788080,140004,29402,793,601
2021-05-25T23:59:59+02:00,109,99,64376,63770,137400,143671,167967,187520,261934,293166,376016,392866,312437,349521,229420,292291,68660,124905,21,18,20834,19771,39920,48352,44685,66018,57797,93118,81718,100578,111755,124315,159506,204270,60572,109979,2329000,1024473,324189,160071,785522,130747,27751,789,585
2021-05-24T23:59:59+02:00,108,96,63128,62546,134628,141548,164672,185090,254980,287165,371068,388172,311602,348594,229131,291905,68589,124774,21,18,20483,19359,38884,47264,43326,64520,56104,91099,79461,98045,110310,122643,158893,203474,60459,109774,2305164,1014980,313053,158755,783712,124039,26187,789,575
2021-05-23T23:59:59+02:00,104,95,62623,62029,133521,140641,163464,184049,253726,286135,369473,386734,310976,347930,228958,291676,68569,124738,21,15,20247,19167,38321,46697,42551,63805,54926,90086,77950,96663,109121,121228,157908,202245,60388,109632,2293591,1006692,312456,155657,783663,122416,26047,788,557
2021-05-22T23:59:59+02:00,101,93,61926,61400,132019,139550,161083,182414,250745,283835,366985,384498,310446,347334,228781,291408,68543,124687,20,15,19927,18743,37697,46087,41907,63270,54265,89345,77173,95509,107569,119413,157133,201275,60360,109578,2275523,999949,312439,155647,783626,118960,24568,788,556
2021-05-21T23:59:59+02:00,98,91,60581,59953,129084,136927,157761,179074,245486,279052,360874,378795,309505,346233,228485,291009,68482,124579,20,15,19555,18373,37069,45304,41237,62207,53295,87934,75431,93199,104312,115453,155989,199816,60266,109401,2239264,986798,310788,155314,782043,112341,24266,783,549
2021-05-20T23:59:59+02:00,89,89,57522,57151,123327,132025,150798,172739,235153,270266,351827,370494,306955,343477,227713,289992,68350,124359,19,15,18252,17432,34881,43044,38764,59285,50453,84148,71486,88677,100158,110777,153511,196776,60082,109043,2181055,967307,304107,153342,776074,94633,21356,775,542
2021-05-19T23:59:59+02:00,87,87,55303,54946,118297,127326,143604,166098,224590,260886,341257,359573,304295,340604,226963,288945,68200,124082,19,15,17667,16643,33647,41441,37336,57205,48420,81350,68219,85078,96257,106290,149866,192023,59820,108550,2114941,943726,297832,151334,773088,85100,19525,770,523
2021-05-18T23:59:59+02:00,83,83,53195,52975,113497,123047,137195,160516,213004,250496,331360,349760,301617,337626,226080,287747,68050,123827,19,15,17144,16036,32423,39961,35965,55402,46591,78924,65314,81834,92221,101736,146652,187939,59608,108115,2054940,923332,288428,148453,769482,76415,17535,766,519
2021-05-17T23:59:59+02:00,79,77,52151,51973,111147,120970,134365,157850,206455,244462,323774,342654,299812,335642,225488,286924,67941,123614,18,15,16683,15582,31366,38910,34778,54095,45101,77111,63025,79421,87370,95854,145180,186052,59458,107802,2028001,911524,276094,140976,766043,69703,15457,761,507
2021-05-16T23:59:59+02:00,77,74,51360,51318,109690,119638,132611,156175,203470,241769,316329,335681,298780,334503,225178,286438,67888,123516,18,15,16398,15208,30610,38123,33899,53167,44027,75791,61681,77943,83948,91758,144386,184972,59371,107660,2012576,905369,265649,134194,762785,65560,13694,752,494
2021-05-15T23:59:59+02:00,76,73,50820,50681,108679,118639,131591,155048,201528,239824,312749,332454,298153,333817,224982,286165,67868,123452,18,15,16255,15041,30346,37804,33612,52733,43531,75137,60823,76950,83351,90939,143867,184306,59334,107611,1996294,900082,265619,134040,761913,64418,12978,750,491
2021-05-14T23:59:59+02:00,75,72,49556,49242,106401,116525,127974,151580,193285,232730,306419,326548,297166,332673,224695,285715,67819,123358,18,15,15752,14608,29546,36963,32819,51530,42437,73333,59239,74992,81427,88434,143253,183309,59293,107526,1958843,890306,263903,133149,757357,58966,11915,747,488
2021-05-13T23:59:59+02:00,72,70,47628,47271,102528,113267,123220,147446,183230,224117,295790,316705,294195,329243,223882,284576,67719,123149,16,14,14891,14158,28682,36245,32044,50620,41472,72224,57713,73411,77635,84070,140478,179693,59183,107310,1907064,877655,255227,126073,751112,55101,10880,736,477
2021-05-12T23:59:59+02:00,70,68,46709,46553,100590,111814,121140,145764,180648,221992,291046,311365,293030,327957,223642,284259,67681,123064,16,13,14725,14003,28352,36019,31631,50321,41018,71839,57165,72833,76276,82428,139693,178555,59096,107150,1883826,871830,253055,124265,750614,54822,10072,726,470
2021-05-11T23:59:59+02:00,66,64,44458,45069,96535,108717,115304,141020,167255,210701,279371,300584,289621,324035,222688,282862,67532,122765,15,12,14287,13436,27326,34578,30481,48502,39699,69556,55441,70552,73168,78825,138326,176711,58935,106788,1824817,859396,243313,121559,742080,46949,8583,721,468
2021-05-10T23:59:59+02:00,65,60,43198,44083,93915,106694,112030,138368,158830,203659,271473,293464,287438,321575,222115,282002,67408,122524,15,11,13942,12987,26560,33585,29680,47237,38688,67694,54204,68815,71071,76260,137181,175195,58816,106498,1789110,850458,237250,120495,735078,39739,7600,711,461
2021-05-09T23:59:59+02:00,64,60,42069,43305,91225,104917,109347,136586,153794,200217,265932,288508,286189,320174,221738,281472,67342,122377,15,11,13623,12762,25856,32909,28946,46428,37886,66727,53273,67865,69833,74851,136583,174352,58761,106367,1769675,845832,230132,119512,729054,34953,6603,690,457
2021-05-08T23:59:59+02:00,64,60,41776,42999,90371,104178,108237,135711,152332,198989,263359,286437,285687,319628,221617,281296,67326,122345,15,11,13522,12697,25719,32814,28798,46294,37695,66527,52931,67544,68866,73925,135510,172981,58714,106274,1757546,841182,229610,118757,728819,34170,6585,682,450
2021-05-07T23:59:59+02:00,63,60,40849,42275,88424,102825,105385,133478,147698,195162,257086,280914,284341,318017,221272,280842,67274,122223,15,11,12775,12213,24882,32070,28022,45223,36828,65260,51743,66023,66608,71226,133270,170149,58625,106097,1731625,831411,226386,116478,724686,27376,5632,677,445
2021-05-06T23:59:59+02:00,60,59,38195,40544,83656,99346,99363,128706,137474,186625,240600,266477,279206,312210,219981,279156,67099,121908,15,11,12089,11694,23937,30964,27015,43866,35461,63251,49999,64030,64107,68085,131157,167376,58511,105879,1665880,820249,216457,113350,713740,18994,4712,658,438
2021-05-05T23:59:59+02:00,58,57,36301,39339,79982,96750,94750,125047,129624,180075,225830,252417,273011,305064,218402,277162,66853,121386,15,10,11851,11415,23386,30232,26408,42933,34530,61842,48833,62603,61486,64958,128210,163665,58413,105628,1599537,807847,211364,109767,707677,15024,3644,654,430
2021-05-04T23:59:59+02:00,58,55,35186,38219,77238,94412,91224,121991,124030,175327,215175,242109,267516,298601,216952,275317,66644,120919,15,10,11686,11206,22969,29683,25937,42147,33795,60738,47712,61312,58747,61755,125837,160725,58264,105392,1550306,795821,206225,107122,701569,11872,2987,643,421
2021-05-03T23:59:59+02:00,57,54,34311,37165,74929,92579,88336,119627,119576,171668,208494,236093,264214,294719,216157,274224,66521,120624,15,10,11439,10933,22568,29088,25448,41441,33099,59765,46679,60157,55939,58400,122048,155821,58006,104952,1518418,779853,203104,105401,696608,9109,1330,633,405
2021-05-02T23:59:59+02:00,57,54,33954,36848,73736,91660,86847,118515,117130,169787,205383,233561,263246,293626,215873,273817,66454,120517,15,9,11364,10855,22372,28868,25211,41151,32747,59356,46219,59676,54741,56931,118970,152135,57921,104820,1507720,774773,200302,99829,692709,8202,450,620,392
2021-05-01T23:59:59+02:00,56,54,33634,36463,72967,90862,85769,117468,115655,168417,202283,230527,262552,292797,215663,273536,66443,120478,15,9,11348,10838,22316,28836,25145,41111,32684,59298,46137,59597,54498,56637,118812,151937,57912,104803,1492563,773443,200289,99786,692437,8154,443,619,390
2021-04-30T23:59:59+02:00,54,52,33087,35859,71750,89628,84295,115728,111867,164834,194869,223406,260557,290425,215214,272927,66383,120369,15,9,11021,10640,21949,28552,24867,40683,32351,58735,45665,58957,53596,55470,117860,150750,57857,104684,1459580,769726,199959,97788,691629,5808,239,614,381
2021-04-29T23:59:59+02:00,52,51,31582,34900,68811,87583,80640,113100,106730,160710,182030,211841,252609,281312,214017,271297,66249,120026,15,9,10710,10423,21468,28099,24433,40181,31760,57989,44858,58022,51753,53267,116007,148503,57756,104486,1404521,760851,192668,95097,686236,3480,214,600,374
2021-04-28T23:59:59+02:00,51,50,30345,34285,66931,86261,78151,111268,103288,157845,172313,202640,241744,268702,212733,269611,66053,119699,15,9,10518,10258,21156,27731,24062,39702,31324,57326,44113,57185,49593,50622,113418,145261,57630,104274,1351730,751156,189300,90526,680859,2253,180,589,355
2021-04-27T23:59:59+02:00,48,49,29583,33596,65341,84779,76129,109449,100508,155438,167561,197893,233220,258873,211588,267995,65933,119477,15,9,10392,10144,20867,27433,23821,39367,30960,56821,43419,56493,47577,48068,110773,141819,57511,104073,1317552,741293,186987,86505,672852,1527,178,568,331
2021-04-26T23:59:59+02:00,47,49,29150,33207,64233,83880,74619,108272,98204,153715,158927,189869,229020,254018,210880,266998,65840,119277,15,9,10296,10054,20644,27241,23580,39146,30658,56473,42799,55912,45764,45912,108876,139332,57415,103918,1288495,733291,185542,83391,666111,1143,171,555,319
2021-04-25T23:59:59+02:00,47,48,28897,32965,63444,83345,73542,107527,96454,152475,153519,184982,224678,249124,210288,266216,65774,119155,15,9,10240,10017,20562,27155,23489,39058,30548,56343,42631,55751,45348,45414,108195,138423,57387,103848,1275623,731594,179393,81616,657412,1011,168,547,315
2021-04-24T23:59:59+02:00,47,47,28549,32536,62498,82114,72353,106069,94890,150805,148599,179824,221889,245782,209819,265542,65740,119105,15,9,10226,9997,20519,27109,23432,38988,30466,56256,42480,55616,45103,45102,107944,138127,57366,103820,1250677,730486,179358,80912,656116,967,167,542,313
2021-04-23T23:59:59+02:00,47,47,27796,31911,60917,80587,70539,104040,92277,148147,143784,175413,217313,240214,209164,264555,65677,118990,15,9,10173,9932,20408,27022,23293,38834,30228,56043,42112,55281,44487,44342,106878,136839,57209,103543,1225628,727104,178167,78427,647561,914,162,538,309
2021-04-22T23:59:59+02:00,45,47,27176,31308,59374,79135,68056,101805,88127,144643,135721,167898,208267,229204,207126,261924,65477,118593,14,9,10046,9832,20153,26720,22936,38393,29710,55525,41348,54642,43321,43020,104875,134385,56980,103145,1183975,719579,170686,74488,639203,791,162,525,301
2021-04-21T23:59:59+02:00,45,43,26678,30784,58034,78013,66160,100163,85068,141986,128517,161065,195168,213848,204974,259033,65251,118167,14,9,9912,9742,19918,26465,22644,38064,29348,55067,40793,54101,42466,41994,102675,131588,56724,102727,1132330,712969,167785,70379,632817,716,162,517,291
2021-04-20T23:59:59+02:00,43,43,26246,30310,56855,76851,64463,98563,82503,139399,123416,155976,183677,200371,202543,255895,65015,117737,13,9,9807,9648,19696,26273,22346,37787,28933,54645,40248,53567,41643,41057,100447,128589,56385,102192,1089538,705355,164285,67122,626015,634,160,513,280
2021-04-19T23:59:59+02:00,43,42,25878,29947,55876,76026,63167,97380,80365,137464,119873,152564,177899,193518,200834,253663,64830,117407,13,9,9698,9554,19459,26050,22098,37510,28615,54250,39735,53030,40846,40150,97327,124588,55978,101476,1064882,694922,162441,64699,619390,593,159,504,278
2021-04-18T23:59:59+02:00,42,37,25567,29679,55095,75472,62034,96427,78498,136036,116496,150158,172778,187952,199819,252431,64718,117215,13,9,9624,9477,19268,25870,21916,37338,28396,53971,39471,52776,40517,39767,96111,123032,55794,101175,1050812,691011,160764,62765,608811,578,159,499,276
2021-04-17T23:59:59+02:00,41,36,25454,29582,54717,75268,61512,96069,77837,135426,115643,149414,168514,183057,199285,251707,64684,117150,13,9,9579,9418,19126,25679,21727,37107,28168,53695,39208,52508,40211,39440,95343,122103,55729,101091,1039875,686972,160727,62447,604726,565,159,499,274
2021-04-16T23:59:59+02:00,41,36,25076,29331,53720,74650,60213,95176,76199,134086,111483,145262,160852,174261,197623,249502,64576,116943,13,9,9372,9240,18728,25241,21133,36525,27049,52784,37172,50897,36869,36470,92138,118559,55326,100434,1013852,671769,159928,55489,595183,534,157,496,269
2021-04-15T23:59:59+02:00,39,32,24597,28878,52455,73476,58235,93445,72905,131235,105992,139970,152960,165264,192964,243623,64280,116327,13,9,9197,9074,18356,24808,20636,35856,26367,51979,35782,49663,34746,34411,89009,114804,54817,99577,981527,658574,157862,49887,577221,483,155,488,262
2021-04-14T23:59:59+02:00,37,29,24256,28549,51509,72531,56883,92040,70511,129064,101979,136175,143744,154857,185221,233745,63939,115663,13,9,8782,8795,17875,24294,20088,35195,25448,51098,34491,48543,32688,32246,86023,111146,54322,98715,943537,643562,155179,45657,561958,391,154,472,262
2021-04-13T23:59:59+02:00,37,29,24012,28321,50799,71987,55917,91194,68854,127634,98237,132722,131874,141690,178821,225413,63600,115074,13,9,8542,8615,17523,23876,19647,34638,24764,50292,33406,47515,31292,30873,83851,108735,53961,98169,910089,634035,150647,41259,545421,268,153,466,260
2021-04-12T23:59:59+02:00,37,28,23802,28128,50236,71468,55044,90451,67375,126337,95590,130384,124748,133651,175596,221465,63329,114583,13,9,8305,8426,17155,23574,19272,34195,24287,49755,32738,46887,29754,29325,82185,106791,53634,97647,893612,625537,149092,38001,529500,256,151,454,255
2021-04-11T23:59:59+02:00,36,28,23625,27959,49702,71040,54298,89988,66223,125525,93715,128892,119255,127617,171673,216857,63159,114284,13,9,8167,8292,16853,23290,18949,33878,23924,49371,32289,46499,29113,28653,81164,105541,53425,97328,886066,620203,144676,36164,513102,241,144,440,249
2021-04-10T23:59:59+02:00,36,28,23563,27899,49529,70896,54089,89824,65887,125246,93185,128449,117165,125079,170231,215003,63117,114184,13,9,7578,7684,15957,22500,17984,33034,22802,48332,31170,45495,28448,27938,79066,102931,53157,96892,879023,604819,143816,35785,510548,238,133,439,248
2021-04-09T23:59:59+02:00,35,28,23315,27646,49014,70393,53431,89122,64883,124112,91346,126530,108321,114117,166845,210589,62917,113826,12,9,6616,6780,14420,21173,16259,31471,20658,46360,28946,43478,26663,26103,75551,98733,52612,96052,859480,577263,136749,34262,500226,226,120,432,245
2021-04-08T23:59:59+02:00,33,27,23014,27398,48429,69897,52667,88418,63563,123020,88913,124352,97985,102085,161296,203732,62587,113259,12,9,5970,6190,13222,20150,14992,30130,19016,44638,26443,41142,23634,23124,70873,92918,51453,94281,840714,545538,127828,32318,482132,200,107,424,243
2021-04-07T23:59:59+02:00,32,26,22693,27162,47610,69418,51728,87786,62160,122019,85741,121888,88751,91755,154277,194940,62293,112700,12,9,5588,5862,12556,19468,14171,29298,17973,43588,24526,39243,21087,20591,66895,88126,50455,92659,820128,521963,122206,29837,460657,175,97,408,237
2021-04-06T23:59:59+02:00,31,26,22477,27002,47070,69024,51135,87253,61120,121239,83622,120134,80974,82927,147892,186963,61947,112073,12,9,5390,5701,12198,19103,13815,28860,17436,43018,23664,38425,19953,19559,63720,84013,49530,91267,800763,508523,118984,26868,443194,163,91,386,230
2021-04-05T23:59:59+02:00,31,26,22377,26874,46754,68671,50739,86843,60561,120542,82435,118972,76484,77826,142904,180864,61746,111757,12,9,5251,5560,11935,18847,13521,28544,17115,42640,23214,37964,19488,19086,60823,80447,48833,90197,791272,499142,117223,24072,427955,159,85,374,228
2021-04-04T23:59:59+02:00,31,26,22327,26809,46629,68392,50567,86525,60279,120037,81915,118336,75032,76115,142201,179890,61709,111675,12,9,5245,5551,11916,18830,13509,28526,17094,42624,23114,37891,19080,18764,59378,78591,48625,89885,788698,494326,117112,24066,422746,152,78,364,221
2021-04-03T23:59:59+02:00,31,26,22264,26727,46501,68281,50400,86346,59962,119720,81344,117754,73686,74480,141084,178352,61626,111527,12,9,5234,5540,11903,18810,13487,28506,17060,42576,23008,37816,18944,18613,59023,78024,48536,89738,782317,492525,117066,24066,420790,150,76,363,221
2021-04-02T23:59:59+02:00,31,26,22184,26640,46335,68108,50175,86096,59487,119259,80454,116938,72130,72592,138801,175372,61432,111167,12,9,5213,5502,11851,18766,13430,28423,16970,42426,22735,37338,18587,18250,56683,75133,47722,88634,773162,484018,115280,23422,418853,150,71,359,219
2021-04-01T23:59:59+02:00,28,25,21988,26432,45913,67586,49524,85352,58611,118313,78565,115263,68861,69153,134707,170189,61115,110597,12,9,5066,5358,11575,18499,13203,28185,16648,42117,22228,36893,17750,17491,51808,69070,46028,86152,761476,465829,109173,22044,411648,137,66,351,210
2021-03-31T23:59:59+02:00,27,25,21656,26210,45508,67052,49022,84693,57872,117367,77398,114024,66804,66823,129945,164068,60708,109874,11,9,4986,5305,11473,18373,13036,28028,16405,41845,21627,36372,16608,16581,46572,62634,44641,84156,751664,447367,101986,21093,405511,134,55,348,207
2021-03-30T23:59:59+02:00,27,24,21476,25985,45103,66431,48511,83886,57157,116312,76257,112639,64954,64799,125562,158311,60241,108980,11,9,4919,5217,11366,18245,12840,27834,16072,41520,21049,35825,15768,15773,43802,59211,43526,82353,741443,435449,97753,19725,397561,107,47,337,202
2021-03-29T23:59:59+02:00,26,24,21278,25746,44639,65875,48029,83185,56416,115228,75015,111195,62452,62046,118823,149684,59471,107587,11,9,4819,5145,11258,18123,12682,27666,15822,41194,20585,35355,15112,15226,41193,56213,42418,80523,720860,424176,94328,19034,391638,90,45,332,198
2021-03-28T23:59:59+02:00,26,24,21073,25453,44135,65179,47504,82435,55731,114218,74060,110081,61189,60605,114111,143708,59028,106830,11,9,4762,5083,11112,17971,12422,27366,15629,40947,20416,35119,14869,14978,40113,54792,42066,79981,714285,419830,87013,17705,384198,69,45,328,186
2021-03-27T23:59:59+01:00,26,24,20952,25294,43836,64813,47137,81902,55224,113527,73383,109341,60030,59514,112619,142001,58961,106748,11,9,4747,5071,11084,17950,12402,27335,15267,40515,20015,34681,14574,14767,39626,54105,41593,79164,708995,415762,86306,17049,380137,64,45,323,185
2021-03-26T23:59:59+01:00,26,23,20700,24780,43024,63102,46158,79872,53880,110498,71361,105718,58007,57623,109865,138761,58633,106230,9,9,4726,5038,11062,17898,12330,27241,15187,40403,19670,34086,14102,14111,36537,50251,39531,75904,697559,401176,82981,16830,367831,52,41,314,184
2021-03-25T23:59:59+01:00,26,20,20268,24104,42144,61331,45056,77311,52360,106962,68964,101949,55407,54979,106548,134789,58063,105238,9,9,4680,4982,10971,17794,12205,27096,14997,40185,19388,33775,13621,13615,32686,45189,36524,71345,686086,382759,78772,16232,350776,45,38,308,180
2021-03-24T23:59:59+01:00,26,20,19862,23649,41355,60053,44028,75763,50972,105029,66856,99612,52615,52058,102292,129696,57423,104163,9,9,4624,4913,10877,17651,12036,26892,14766,39896,19021,33353,13161,13164,30109,41970,33394,66487,673234,367133,73890,15133,338467,39,33,304,176
2021-03-23T23:59:59+01:00,26,20,19614,23340,40794,59123,43295,74656,49923,103508,65180,97745,50309,49703,99535,126482,56866,103327,9,9,4563,4841,10776,17521,11886,26706,14517,39580,18602,32962,12654,12651,27670,38852,29689,60539,665023,349424,70539,14543,328003,35,31,302,174
2021-03-22T23:59:59+01:00,26,20,19388,22916,40145,58232,42619,73608,48971,102111,63702,96109,48472,47808,97138,123740,56397,102562,6,8,4506,4795,10688,17402,11754,26529,14356,39340,18360,32660,12336,12275,25825,36480,25682,54047,658658,333009,67731,13986,317691,30,31,300,171
2021-03-21T23:59:59+01:00,26,20,19248,22651,39645,57469,42049,72749,48305,100945,62751,94870,47421,46778,95494,121889,56024,101982,6,8,4490,4786,10651,17354,11704,26441,14295,39251,18278,32557,12214,12137,25395,36031,25328,53486,656000,330795,65695,13572,308737,30,26,298,166
2021-03-20T23:59:59+01:00,26,20,19187,22504,39429,56970,41806,72187,47989,100307,62306,94264,46763,46010,92897,118658,55736,101498,6,8,4481,4777,10641,17341,11675,26424,14250,39215,18196,32481,12059,11976,24754,35259,24562,52403,649506,327079,65246,13384,303918,30,26,296,166
2021-03-19T23:59:59+01:00,25,19,18830,21936,38295,54839,40521,70186,46246,98216,59417,91503,42318,42134,87671,112896,55037,100420,6,8,4460,4762,10608,17291,11610,26311,14158,39041,17959,32181,11703,11692,23073,33193,22877,49829,631723,317700,58026,13020,290872,28,25,292,165
2021-03-18T23:59:59+01:00,25,18,18435,21282,37113,52679,38981,67394,44086,93738,55566,85699,38277,38317,82936,107415,53947,98763,6,8,4440,4733,10540,17188,11531,26155,14011,38851,17749,31980,11466,11508,21826,31669,21160,47226,614749,309602,52285,12405,267744,26,24,287,161
2021-03-17T23:59:59+01:00,24,17,18007,20926,36380,51753,38213,66433,43001,92378,53775,83871,35590,35521,78918,102581,53006,97292,5,8,4417,4705,10476,17087,11456,26019,13897,38661,17553,31789,11230,11283,20571,30248,19569,44819,598031,302072,47875,11689,261881,24,22,284,155
2021-03-16T23:59:59+01:00,23,17,17646,20502,35626,50678,37395,65231,41899,90696,51932,81881,33376,33499,74873,97610,52123,95978,5,6,4366,4653,10403,16956,11365,25866,13797,38420,17418,31543,11046,11095,19287,28721,18087,42491,584703,294245,43181,11254,253202,23,18,279,153
2021-03-15T23:59:59+01:00,23,17,17365,20135,34910,49690,36599,64037,40991,89214,50668,80274,31646,31655,71577,93510,51430,94847,5,6,4344,4618,10334,16832,11297,25662,13677,38130,17269,31269,10877,10933,18555,27753,16818,40627,573532,288393,39849,10603,245319,23,6,272,147
2021-03-14T23:59:59+01:00,23,16,17093,19707,34050,48480,35693,62716,39925,87385,49408,78541,30474,30409,69572,90943,50986,94169,5,6,4319,4599,10289,16753,11240,25520,13616,37908,17176,31103,10803,10847,18376,27472,16556,40065,566384,287185,37967,9470,235355,14,3,264,147
2021-03-13T23:59:59+01:00,23,16,16273,18641,32549,46430,34108,60571,37880,84298,47265,75976,29117,29047,67552,88315,50718,93779,5,6,4319,4598,10287,16746,11235,25511,13607,37900,17168,31093,10767,10809,17626,26581,15507,38607,550002,282913,37683,9468,224968,13,3,263,139
2021-03-12T23:59:59+01:00,22,15,15170,17262,30101,43778,31439,57426,35007,79442,44042,71493,26274,25855,63238,83002,49733,92376,5,5,4306,4563,10267,16683,11214,25458,13559,37782,17079,30960,10485,10582,16730,25325,14434,37078,521883,277076,36369,9452,207504,11,3,260,134
2021-03-11T23:59:59+01:00,21,15,14125,15798,27834,41072,29106,54238,32408,75047,40274,66595,22854,22366,57206,75669,47803,89543,5,5,4263,4520,10185,16564,11100,25231,13440,37471,16914,30651,10181,10364,16102,24479,13764,35799,489730,273050,34773,8019,187537,9,3,246,117
2021-03-10T23:59:59+01:00,21,15,13529,15097,26420,39451,27443,52410,30838,72720,37743,63460,20092,19799,51284,68524,46251,87203,5,5,4226,4476,10086,16395,10978,24975,13291,37048,16714,30274,9936,10173,15360,23705,13103,34772,463236,268285,32725,7272,176405,5,3,242,114
2021-03-09T23:59:59+01:00,20,14,13245,14626,25289,38408,26023,51227,29768,71064,36360,61622,18898,18669,47769,64069,45127,85414,5,5,4201,4450,10001,16226,10874,24713,13135,36730,16536,30037,9809,10067,14694,22864,12603,33996,449597,264557,30179,6431,167892,5,3,238,106
2021-03-08T23:59:59+01:00,19,14,12912,14014,24205,37291,24748,50084,28827,69576,35117,59999,17820,17782,43642,59085,43900,83430,5,5,4186,4414,9939,16028,10771,24447,13000,36370,16404,29769,9724,9982,14196,22256,12287,33550,434104,261344,28167,6034,160251,1,3,232,105
2021-03-07T23:59:59+01:00,19,14,12677,13719,23607,36434,24044,49203,28221,68702,34498,59233,17554,17522,42573,57631,43534,82871,5,5,4173,4399,9915,15985,10743,24371,12968,36200,16347,29655,9702,9953,13997,22000,12152,33344,429314,260272,26348,5688,156457,0,3,221,104
2021-03-06T23:59:59+01:00,18,14,12562,13428,23202,35693,23507,48409,27166,67167,33394,57467,17164,17191,41926,56741,43234,82403,5,5,4170,4385,9903,15959,10725,24337,12958,36157,16329,29624,9684,9912,13950,21962,12049,33133,425226,259890,26284,5404,149235,0,3,220,103
2021-03-05T23:59:59+01:00,18,14,12147,12827,22516,34486,22819,47179,26407,65529,32154,55048,16513,16354,38462,52438,41080,78961,5,5,4143,4335,9833,15855,10674,24189,12889,35961,16242,29415,9587,9840,13765,21751,11677,32519,410022,258184,24829,4556,140153,0,1,219,96
2021-03-04T23:59:59+01:00,16,14,11387,11812,21326,32755,21599,45126,25048,62874,30457,52687,15780,15632,34454,47268,38000,74273,5,5,4093,4242,9717,15559,10570,23830,12755,35426,16096,29010,9404,9682,13605,21541,11592,32373,391553,255106,22744,4457,126260,0,1,218,89
2021-03-03T23:59:59+01:00,15,14,11075,11308,20638,31534,20820,43759,24131,61120,29408,51039,15301,15124,31836,43942,34905,69500,5,5,4051,4177,9636,15385,10490,23573,12646,35002,15915,28661,9217,9554,13478,21321,11447,32097,376062,252432,21943,4289,117510,0,1,214,83
2021-03-02T23:59:59+01:00,15,14,10813,10878,19985,30557,20103,42735,23340,59725,28429,49760,14667,14468,29157,40573,31008,63279,5,5,4003,4104,9573,15218,10420,23304,12537,34567,15810,28350,9090,9451,13337,21129,11370,31952,357814,250003,20428,4283,111309,0,0,210,82
2021-03-01T23:59:59+01:00,13,13,10639,10617,19470,29749,19538,41850,22746,58652,27713,48635,14241,14011,27082,37989,26736,56372,5,5,3987,4054,9517,15060,10351,23003,12453,34189,15701,28025,9005,9389,13153,20859,11254,31768,340540,247555,19311,4283,106258,0,0,207,81
2021-02-28T23:59:59+01:00,13,13,10468,10414,19000,29094,18996,41108,22264,57794,27220,47838,14028,13765,26475,37327,26330,55768,5,5,3970,4039,9491,15027,10331,22951,12435,34119,15673,27975,8978,9365,13020,20679,11190,31619,338063,246691,18445,4245,101449,0,0,205,77
2021-02-27T23:59:59+01:00,13,13,10289,9899,18671,28228,18737,40320,21977,56808,26892,47047,13755,13464,25804,36525,25404,54349,5,5,3956,4026,9469,15006,10298,22904,12396,34035,15626,27901,8957,9348,12999,20654,11168,31599,334146,246324,17718,4094,96369,0,0,205,75
2021-02-26T23:59:59+01:00,12,12,9492,9115,17768,26788,17954,38113,21044,53955,25432,44222,13288,13061,24211,34534,23875,52042,5,5,3875,3957,9389,14845,10223,22648,12316,33669,15509,27608,8877,9267,12932,20585,11128,31529,325005,244414,17463,4020,82483,0,0,202,73
2021-02-25T23:59:59+01:00,12,12,8334,8260,16445,25175,16682,35855,19803,51066,23719,41435,12810,12660,22932,32943,22373,49757,5,5,3751,3811,9223,14524,9999,22041,12058,32804,15176,26950,8680,9115,12670,20260,10988,31261,317365,240247,16685,3141,66248,0,0,198,71
2021-02-24T23:59:59+01:00,11,11,7967,7736,15789,24141,16055,34616,19089,49551,22926,40236,12414,12324,21624,31447,20697,47130,4,5,3678,3741,9078,14228,9819,21582,11851,32172,14912,26410,8537,8972,12526,20087,10923,31049,309125,237449,15718,2191,58942,0,0,198,70
2021-02-23T23:59:59+01:00,11,11,7484,7258,14973,22959,15367,33397,18366,48139,22203,39159,12092,11993,20281,29873,19083,44575,4,5,3635,3664,8957,14024,9678,21183,11663,31590,14609,25904,8366,8826,12396,19874,10851,30811,300975,234581,14916,1524,51350,0,0,196,69
2021-02-22T23:59:59+01:00,10,9,7376,7052,14587,22340,15012,32669,17899,47130,21709,38423,11886,11742,19532,28861,17762,42619,4,5,3605,3562,8819,13732,9514,20680,11408,30841,14236,25301,8113,8626,12194,19618,10745,30500,295084,231242,14308,328,47241,0,0,191,64
2021-02-21T23:59:59+01:00,10,9,7284,6926,14259,21892,14593,32085,17482,46478,21266,37928,11777,11637,19369,28647,17514,42284,4,5,3565,3522,8733,13605,9433,20459,11335,30547,14113,25028,8053,8565,12136,19507,10674,30336,293925,229376,13937,310,43594,0,0,186,63
2021-02-20T23:59:59+01:00,10,9,7167,6875,14132,21812,14475,31947,17361,46324,21103,37745,11676,11548,18584,27727,16452,40812,4,5,3563,3515,8722,13597,9423,20438,11320,30522,14098,25017,8048,8556,12071,19443,10620,30267,289651,228987,13740,309,42390,0,0,177,62
2021-02-19T23:59:59+01:00,8,8,6865,6622,13776,21371,14100,31275,16885,45528,20397,36870,11068,11145,17533,26396,15295,39203,4,5,3483,3490,8646,13566,9380,20379,11282,30428,14038,24922,8006,8496,11852,19170,10426,29937,283250,227271,13363,307,37755,0,0,171,61
2021-02-18T23:59:59+01:00,8,8,6465,6147,13147,20223,13459,29901,16068,43659,19518,35289,10834,10924,16940,25642,14717,38316,4,5,3296,3352,8311,13027,9085,19626,10930,29383,13667,24088,7798,8182,11263,18214,9928,28779,279651,218704,12783,304,28858,0,0,160,58
2021-02-17T23:59:59+01:00,8,7,6299,5804,12701,19341,12966,28710,15365,41937,18867,33959,10598,10666,16184,24827,13941,37132,3,5,3046,3191,7968,12508,8784,18834,10560,28335,13279,23235,7562,7944,10704,17358,9488,27963,274970,210534,12048,298,22322,0,0,152,58
2021-02-16T23:59:59+01:00,8,7,5973,5502,12164,18506,12462,27636,14819,40561,18272,32923,10440,10558,15514,23998,13433,36348,3,5,2864,3071,7663,12051,8478,18108,10162,27241,12814,22334,7287,7644,9982,16178,8755,26406,271436,200973,11551,142,16173,0,0,142,52
2021-02-15T23:59:59+01:00,8,7,5865,5318,11867,17861,12195,26852,14466,39567,17921,32150,10310,10445,14955,23344,13072,35809,3,5,2775,2991,7467,11724,8258,17598,9858,26390,12459,21650,7005,7356,9279,15118,8240,25122,268319,193275,10948,96,12784,0,0,135,47
2021-02-14T23:59:59+01:00,8,7,5597,5200,11619,17589,11970,26417,14234,39120,17729,31873,10263,10394,14720,23003,12908,35416,3,5,2724,2953,7350,11555,8128,17390,9680,26056,12281,21347,6906,7228,9055,14735,8053,24584,267312,190019,10009,93,10784,0,0,134,40
2021-02-13T23:59:59+01:00,8,7,5537,5162,11568,17551,11939,26385,14205,39087,17709,31853,10249,10364,14693,22971,12894,35398,3,5,2720,2950,7344,11546,8116,17368,9663,26021,12254,21300,6875,7191,8898,14521,7700,23952,267062,188500,10005,10,10552,0,0,133,35
2021-02-12T23:59:59+01:00,8,7,5020,4844,10999,17187,11622,25833,13885,38446,17379,31211,10135,10255,14509,22758,12813,35288,3,5,2669,2917,7248,11387,8014,17136,9514,25629,12039,20853,6692,6953,8533,13956,7106,22606,265368,183339,9990,8,6883,0,0,128,31
2021-02-11T23:59:59+01:00,8,7,4559,4541,10409,16503,11209,25024,13403,37183,16890,30350,9817,9990,14228,22309,12531,34601,3,5,2500,2642,6645,10189,7322,15400,8651,23007,10978,18764,6033,6234,7480,12336,6288,20288,262123,164849,8346,3,3139,0,0,119,21
2021-02-10T23:59:59+01:00,8,7,4310,4374,10075,16051,10897,24485,13090,36297,16476,29599,9596,9851,14045,22104,12438,34391,3,5,2137,2348,5706,8719,6509,13349,7660,20094,9845,16717,5489,5644,6491,10670,5510,18225,259461,145206,7843,2,841,0,0,109,8
2021-02-09T23:59:59+01:00,8,7,4247,4274,9951,15781,10788,24076,12915,35679,16261,29124,9417,9710,13849,21890,12295,34166,3,5,1742,1996,4918,7446,5734,11547,6740,17568,8756,14719,4909,5012,5438,9100,4774,16099,256995,126586,7061,1,434,0,0,107,3
2021-02-08T23:59:59+01:00,8,7,4213,4220,9855,15570,10675,23714,12791,35219,16115,28765,9321,9642,13645,21605,12188,33969,3,5,1577,1799,4354,6448,5067,9964,5922,15036,7738,12855,4354,4480,4459,7502,4010,14006,254601,109651,6545,1,428,0,0,103,3
2021-02-07T23:59:59+01:00,8,7,4048,4153,9698,15433,10572,23549,12710,34957,16000,28568,9280,9595,13501,21425,12113,33825,3,5,1363,1552,3931,5774,4646,9082,5492,13865,7248,11891,4099,4218,4227,7106,3849,13406,253501,101827,5997,1,0,0,0,97,2
2021-02-06T23:59:59+01:00,8,7,4038,4143,9687,15417,10559,23514,12688,34906,15981,28512,9261,9582,13483,21390,12007,33628,3,5,1210,1357,3698,5468,4460,8656,5273,13279,6969,11333,3963,4083,4100,6956,3569,12949,253155,97397,5712,1,0,0,0,97,2
2021-02-05T23:59:59+01:00,8,6,3965,4073,9614,15273,10492,23263,12602,34538,15867,28228,9177,9507,13412,21315,11657,33033,3,4,1069,1126,3416,5020,4201,8072,4958,12500,6585,10604,3706,3837,3939,6724,3058,12057,251267,90941,4819,0,0,0,0,95,2
2021-02-04T23:59:59+01:00,8,6,3907,3948,9492,14954,10312,22714,12413,33740,15653,27664,9054,9394,13186,21020,11543,32826,3,2,805,791,2589,3763,3266,6321,4004,9949,5260,8382,3029,3122,3319,5736,2669,10560,247299,73616,4590,0,0,0,0,94,2
2021-02-03T23:59:59+01:00,8,6,3837,3875,9388,14731,10209,22377,12280,33231,15505,27248,8944,9278,13045,20843,11467,32661,3,2,668,622,1957,2837,2525,4882,3025,7642,4027,6317,2211,2247,2418,4243,1933,7896,244574,55489,4416,0,0,0,0,92,1
2021-02-02T23:59:59+01:00,8,6,3769,3779,9288,14534,10110,21998,12139,32667,15302,26795,8816,9160,12921,20635,11384,32395,2,2,532,491,1486,2100,1932,3671,2277,5813,3008,4729,1570,1548,1654,2798,1347,5253,241351,40236,4412,0,0,0,0,89,1
2021-02-01T23:59:59+01:00,7,6,3729,3687,9209,14303,10003,21611,12002,32030,15116,26290,8692,9007,12811,20491,11336,32216,1,0,395,357,1039,1451,1274,2452,1487,3810,1873,3002,999,985,980,1710,772,3038,238198,25638,4411,0,0,0,0,81,0
2021-01-31T23:59:59+01:00,7,6,3708,3651,9154,14193,9931,21401,11934,31731,15013,26093,8635,8948,12759,20378,11291,32086,1,0,364,336,912,1260,1083,2074,1285,3254,1638,2631,900,894,878,1526,701,2729,236689,22477,4293,0,0,0,0,79,0
2021-01-30T23:59:59+01:00,7,6,3707,3648,9143,14178,9916,21377,11921,31711,15001,26079,8631,8943,12690,20309,11224,32008,1,0,348,311,851,1176,1025,1950,1221,3064,1563,2495,870,868,859,1486,686,2676,236363,21460,4199,0,0,0,0,79,0
2021-01-29T23:59:59+01:00,7,6,3646,3631,9082,14148,9887,21325,11889,31634,14952,26012,8607,8920,12504,20082,11042,31764,1,0,281,227,726,1000,880,1587,1066,2674,1351,2168,779,776,811,1432,668,2623,235131,19058,4070,0,0,0,0,78,0
2021-01-28T23:59:59+01:00,7,5,3528,3544,8876,13759,9665,20809,11655,31047,14619,25511,8470,8813,12070,19463,10685,31185,1,0,133,60,308,372,386,627,470,1167,618,977,412,429,477,827,384,1591,230330,9243,3448,0,0,0,0,74,0
2021-01-27T23:59:59+01:00,7,5,3297,3406,8581,13338,9364,20180,11266,30211,14231,24769,8251,8598,11520,18653,10259,30421,1,0,82,35,215,232,251,430,312,813,441,676,313,313,354,617,289,1167,223602,6544,2822,0,0,0,0,68,0
2021-01-26T23:59:59+01:00,6,5,3132,3308,8297,12995,9100,19608,10958,29450,13832,24134,8010,8372,10941,17735,9609,29267,1,0,76,31,200,222,235,395,296,759,410,614,298,287,326,553,262,1037,216856,6005,1976,0,0,0,0,60,0
