Datum,<24_1_m,<24_1_w,25-34_1_m,25-34_1_w,35-44_1_m,35-44_1_w,45-54_1_m,45-54_1_w,55-64_1_m,55-64_1_w,65-74_1_m,65-74_1_w,75-84_1_m,75-84_1_w,>84_1_m,>84_1_w,<24_2_m,<24_2_w,25-34_2_m,25-34_2_w,35-44_2_m,35-44_2_w,45-54_2_m,45-54_2_w,55-64_2_m,55-64_2_w,65-74_2_m,65-74_2_w,75-84_2_m,75-84_2_w,>84_2_m,>84_2_w,bp_1,bp_2,mo_1,mo_2,az_1,az_2,ja
2021-05-03T23:59:59+02:00,38472,43858,74056,90545,85394,119674,122763,175298,211625,236206,255582,287636,201935,260883,54214,102376,12583,12876,21901,28329,24340,41284,32885,59616,45209,55564,56059,59377,121537,158271,46835,88229,1484498,755146,198532,100969,677440,8628,228
2021-05-02T23:59:59+02:00,38098,43496,72950,89754,84104,118759,120433,173535,208983,234040,254857,286765,201728,260580,54168,102318,12523,12817,21795,28162,24225,41090,32715,59365,44832,55129,54372,57432,119275,155476,46767,88134,1475011,750591,195835,95602,673724,7813,179
2021-05-01T23:59:59+02:00,37735,43089,72172,88953,83036,117739,118957,172137,205978,231071,254286,286069,201554,260330,54159,102291,12505,12800,21749,28134,24171,41053,32652,59311,44753,55046,54125,57128,119143,155322,46759,88119,1460271,749332,195833,95565,673458,7774,175
2021-04-30T23:59:59+02:00,37108,42398,71002,87774,81611,116097,114586,168139,199281,224359,252670,284136,201170,259817,54111,102206,12144,12590,21432,27870,23912,40637,32350,58759,44289,54453,53162,55870,118338,154318,46719,88027,1428224,745780,195511,93599,672865,5522,45
2021-04-29T23:59:59+02:00,35459,41355,68108,85808,78121,113530,109140,163764,186148,212122,246228,276712,200247,258501,54024,101947,11819,12344,20972,27445,23517,40146,31769,58043,43490,53524,51229,53546,116782,152441,46640,87870,1374650,737316,188910,90998,667806,3311,28
2021-04-28T23:59:59+02:00,34085,40683,66287,84512,75674,111730,105656,160826,175945,202186,236538,265425,199189,257102,53876,101704,11643,12167,20692,27116,23193,39702,31370,57398,42757,52707,49051,50839,114655,149758,46545,87699,1323328,728417,185651,86792,662597,2137,22
2021-04-27T23:59:59+02:00,33216,39886,64729,83056,73740,109977,102852,158400,171226,197252,228623,256265,198303,255815,53790,101556,11517,12043,20420,26842,22985,39386,31005,56909,42060,51962,46877,48118,112412,146836,46459,87550,1290582,719111,183388,82860,654875,1465,21
2021-04-26T23:59:59+02:00,32710,39443,63635,82192,72275,108826,100394,156584,162298,188685,225199,252263,197754,255009,53725,101412,11418,11949,20231,26682,22768,39193,30717,56587,41429,51353,44962,45796,110837,144759,46385,87429,1262243,711461,182001,79993,648321,1098,19
2021-04-25T23:59:59+02:00,32409,39163,62844,81669,71215,108087,98611,155333,155805,182404,222402,249059,197245,254365,53678,101323,11360,11910,20161,26616,22686,39111,30617,56471,41266,51186,44496,45224,110263,143983,46367,87377,1249861,709910,175914,78263,639997,978,19
2021-04-24T23:59:59+02:00,31997,38651,61901,80456,70050,106639,97012,153660,150530,176821,220180,246339,196863,253808,53648,101282,11346,11893,20117,26573,22637,39052,30529,56385,41113,51031,44243,44913,110046,143727,46350,87350,1225355,708857,175894,77572,638749,934,18
2021-04-23T23:59:59+02:00,31122,37918,60331,78941,68299,104599,94279,150964,145595,172099,216191,241422,196283,252975,53601,101183,11298,11832,20009,26492,22510,38912,30319,56192,40789,50722,43624,44142,109098,142549,46227,87140,1200910,705559,174742,75472,630311,883,17
2021-04-22T23:59:59+02:00,30402,37211,58784,77510,65862,102389,89817,147209,137753,164379,207877,231245,194625,250821,53446,100875,11160,11707,19778,26224,22176,38503,29814,55701,40037,50099,42408,42758,107273,140255,46057,86842,1160325,698333,167973,71782,622068,736,17
2021-04-21T23:59:59+02:00,29841,36633,57420,76375,63991,100793,86673,144442,130076,156844,195678,216896,192903,248481,53259,100535,11028,11608,19556,25992,21915,38195,29475,55269,39507,49601,41502,41661,105229,137612,45867,86513,1110089,691997,165111,67913,615801,679,17
2021-04-20T23:59:59+02:00,29344,36098,56250,75249,62327,99184,84020,141798,124646,151253,184896,204197,190936,245980,53074,100198,10920,11516,19344,25800,21636,37928,29062,54845,38992,49108,40628,40589,103142,134845,45616,86085,1068833,684799,161668,64712,609109,605,16
2021-04-19T23:59:59+02:00,28952,35689,55277,74439,61045,98008,81806,139780,120960,147648,179480,197646,189513,244128,52938,99941,10788,11411,19137,25590,21396,37664,28751,54454,38503,48600,39771,39589,100268,131106,45317,85521,1044892,674981,159872,62373,602646,572,16
2021-04-18T23:59:59+02:00,28600,35394,54499,73895,59902,97053,79842,138306,117575,145080,174838,192538,188704,243093,52873,99817,10705,11323,18947,25420,21230,37504,28539,54187,38259,48369,39399,39154,99115,129629,45181,85299,1031296,671294,158321,60464,592552,562,16
2021-04-17T23:59:59+02:00,28481,35303,54101,73693,59412,96705,79175,137687,116519,144046,170866,187940,188252,242507,52847,99763,10649,11247,18813,25235,21036,37281,28305,53895,38003,48123,39088,38799,98391,128750,45133,85233,1020632,667348,158302,60151,588523,542,16
2021-04-16T23:59:59+02:00,28051,35004,53095,73078,58151,95819,77479,136289,112125,139571,163696,179574,186892,240681,52762,99607,10419,11044,18419,24830,20479,36716,27147,52958,35963,46512,35867,35917,95510,125532,44830,84749,995336,652894,157548,53542,579150,516,16
2021-04-15T23:59:59+02:00,27505,34483,51809,71884,56160,94051,74079,133298,106340,133900,156110,170829,182970,235651,52533,99131,10230,10851,18048,24394,19990,36087,26436,52132,34561,45273,33735,33838,92618,121960,44446,84080,963806,640264,155560,48011,561526,464,16
2021-04-14T23:59:59+02:00,27109,34102,50911,70976,54820,92678,71681,131096,102001,129748,147018,160444,176148,226846,52279,98618,9775,10539,17602,23895,19465,35462,25483,51231,33334,44180,31591,31567,89913,118573,44070,83401,926854,625941,153019,43830,546760,371,15
2021-04-13T23:59:59+02:00,26833,33846,50211,70425,53909,91863,69962,129625,97641,125612,135582,147524,170613,219570,52015,98168,9524,10342,17286,23491,19074,34951,24857,50472,32398,43257,30342,30284,88023,116458,43806,82967,894394,617199,148548,40144,530615,250,15
2021-04-12T23:59:59+02:00,26599,33617,49657,69914,53065,91137,68438,128276,94739,122928,128368,139326,168194,216548,51795,97767,9270,10130,16951,23206,18734,34513,24386,49950,31712,42631,28793,28699,86493,114617,43551,82564,878405,609105,147043,36914,515077,240,15
2021-04-11T23:59:59+02:00,26384,33436,49147,69508,52354,90676,67256,127444,92675,121193,122112,132483,165565,213345,51673,97548,9123,9985,16665,22935,18452,34230,24047,49590,31328,42278,28133,28013,85539,113443,43393,82318,871242,604159,142676,35145,499039,227,14
2021-04-10T23:59:59+02:00,26305,33368,48994,69384,52149,90522,66924,127164,92100,120662,119612,129449,164674,212143,51636,97457,8452,9305,15770,22179,17514,33375,22891,48540,30290,41342,27458,27288,83514,110887,43168,81936,864316,588960,141835,34785,496549,223,14
2021-04-09T23:59:59+02:00,26016,33081,48522,68907,51506,89838,65873,125975,90046,118424,110569,118166,162017,208657,51474,97170,7371,8300,14241,20823,15771,31814,20667,46531,28254,39436,25631,25444,80165,106808,42741,81258,845183,561794,134832,33311,486383,209,14
2021-04-08T23:59:59+02:00,25709,32815,47955,68410,50777,89142,64508,124871,87427,115902,100061,105903,157253,202731,51210,96691,6623,7636,13067,19793,14508,30468,18975,44804,25782,37107,22718,22477,75692,101257,41871,79870,826835,531118,126030,31398,468659,192,11
2021-04-07T23:59:59+02:00,25349,32553,47161,67973,49883,88538,63012,123817,83905,113028,90890,95474,151166,195036,50967,96216,6209,7269,12406,19122,13702,29662,17930,43718,23810,35148,20218,19989,71900,96590,41086,78564,806872,508260,120486,28963,447769,160,11
2021-04-06T23:59:59+02:00,25098,32370,46662,67603,49330,88021,61903,123008,81569,110958,82655,86064,145837,188286,50699,95688,5995,7090,12054,18775,13368,29219,17372,43144,22936,34376,19110,18915,68725,92455,40366,77456,788026,495200,117300,26068,430584,149,10
2021-04-05T23:59:59+02:00,24982,32230,46359,67261,48952,87615,61321,122293,80218,109648,77688,80364,141688,183113,50525,95422,5843,6932,11777,18527,13084,28909,17049,42777,22509,33930,18640,18414,65760,88783,39876,76660,778777,486047,115519,23337,415539,146,10
2021-04-04T23:59:59+02:00,24935,32162,46234,66983,48778,87302,61049,121782,79653,108990,76246,78606,141087,182277,50497,95355,5840,6923,11765,18519,13073,28894,17034,42758,22371,33841,18253,18065,64285,86888,39743,76457,776287,481295,115422,23336,410383,138,10
2021-04-03T23:59:59+02:00,24864,32078,46114,66871,48622,87130,60702,121441,79111,108398,74780,76850,140140,180944,50429,95234,5832,6914,11749,18504,13052,28872,16996,42713,22267,33759,18110,17919,63929,86315,39681,76346,770021,479544,115384,23336,408459,138,10
2021-04-02T23:59:59+02:00,24780,31986,45953,66708,48392,86872,60196,120968,78223,107543,73042,74695,138122,178301,50277,94950,5812,6877,11707,18464,13000,28793,16901,42534,21994,33301,17752,17574,61487,83295,39048,75455,760991,471215,113617,22702,406556,138,9
2021-04-01T23:59:59+02:00,24545,31724,45531,66205,47751,86120,59310,120018,76312,105864,69091,70363,134892,174159,50030,94497,5636,6692,11455,18231,12783,28577,16582,42224,21486,32853,16908,16800,56533,77025,37728,73485,749456,453600,107613,21336,399497,123,9
2021-03-31T23:59:59+02:00,24197,31465,45127,65693,47281,85491,58569,119030,75146,104638,66781,67666,130542,168537,49699,93907,5553,6636,11352,18107,12633,28433,16325,41930,20873,32337,15739,15888,51264,70394,36644,71923,739879,435577,100566,20395,393478,120,9
2021-03-30T23:59:59+02:00,24009,31201,44730,65074,46791,84691,57846,117940,74011,103275,64679,65352,126488,163129,49329,93152,5483,6543,11249,17990,12437,28256,15990,41602,20309,31784,14893,15081,48460,66855,35759,70414,729766,424010,96390,19063,385694,93,8
2021-03-29T23:59:59+02:00,23785,30918,44290,64541,46341,84000,57114,116829,72762,101861,61678,61825,120404,155320,48716,92000,5388,6473,11163,17890,12280,28095,15752,41270,19846,31324,14247,14534,45730,63625,34906,68941,709479,413005,93013,18442,380045,78,8
2021-03-28T23:59:59+02:00,23541,30578,43799,63860,45840,83268,56430,115831,71832,100759,59761,59636,116432,150170,48356,91379,5330,6405,11019,17746,12029,27790,15583,41052,19680,31098,14002,14299,44599,62126,34653,68540,703083,408777,85755,17174,372787,61,8
2021-03-27T23:59:59+01:00,23404,30388,43516,63499,45467,82736,55926,115145,71104,100016,58647,58544,115051,148573,48307,91317,5317,6393,10989,17726,12011,27760,15176,40560,19315,30707,13722,14103,44011,61250,34307,67933,697885,404771,85060,16523,368847,47,8
2021-03-26T23:59:59+01:00,23116,29721,42681,61833,44517,80668,54544,111969,69110,96695,56513,56565,112573,145558,48052,90900,5298,6356,10968,17676,11942,27668,15093,40452,18951,30083,13242,13491,40491,56787,32791,65386,686663,390383,81770,16309,356732,44,8
2021-03-25T23:59:59+01:00,22668,28908,41788,60049,43452,78096,52986,108377,66775,93180,53837,53869,109538,141810,47609,90104,5248,6296,10877,17571,11827,27532,14919,40224,18663,29780,12740,12976,36097,50939,30562,61942,675343,372499,77627,15716,340226,40,7
2021-03-24T23:59:59+01:00,22206,28382,41047,58809,42476,76580,51553,106444,64728,90932,50956,50861,105588,136964,47097,89206,5188,6226,10781,17429,11665,27335,14684,39919,18309,29395,12291,12523,33011,46954,28096,58053,662770,357268,72782,14620,328432,38,2
2021-03-23T23:59:59+01:00,21932,28001,40471,57919,41789,75488,50493,104905,63083,89115,48653,48416,102967,133987,46665,88502,5126,6153,10683,17298,11523,27156,14431,39603,17900,28993,11780,12045,30079,43090,25082,53111,654851,340049,69498,14034,318192,37,1
2021-03-22T23:59:59+01:00,21654,27521,39861,57052,41155,74464,49562,103493,61643,87531,46803,46528,100734,131383,46300,87876,5058,6100,10610,17173,11394,26999,14270,39377,17666,28683,11487,11689,27727,40012,21775,47630,648771,324196,66740,13487,308204,34,0
2021-03-21T23:59:59+01:00,21491,27191,39363,56302,40631,73612,48914,102342,60709,86363,45729,45476,99182,129607,46001,87388,5043,6091,10575,17124,11349,26913,14217,39288,17585,28582,11366,11569,27290,39524,21478,47160,646280,322099,64725,13088,299448,34,0
2021-03-20T23:59:59+01:00,21422,27008,39153,55786,40390,73083,48596,101676,60259,85789,45016,44658,96680,126451,45757,86960,5035,6084,10564,17114,11322,26897,14172,39248,17491,28498,11206,11406,26571,38658,20824,46189,639862,318414,64283,12898,294690,34,0
2021-03-19T23:59:59+01:00,21002,26281,37997,53719,39123,71098,46762,99536,57299,83024,40548,40763,91800,120927,45203,86076,5015,6071,10534,17056,11259,26793,14083,39077,17243,28196,10870,11140,24611,36226,19476,44048,622252,309199,57103,12534,281952,32,0
2021-03-18T23:59:59+01:00,20547,25460,36759,51581,37595,68195,44500,94895,53461,77576,36555,36961,87288,115645,44339,84704,4989,6034,10469,16955,11183,26643,13933,38882,17026,28014,10631,10957,23103,34301,18076,41906,605514,301207,51378,11930,259315,31,0
2021-03-17T23:59:59+01:00,20073,25049,36044,50665,36824,67248,43375,93460,51654,75793,33743,34005,83504,110989,43558,83484,4960,6003,10412,16860,11113,26505,13818,38698,16812,27828,10415,10737,21656,32600,16767,39882,589035,293871,47022,11231,253556,28,0
2021-03-16T23:59:59+01:00,19667,24555,35284,49598,36035,66042,42202,91772,49815,73853,31526,31919,79680,106214,42841,82394,4906,5946,10343,16736,11024,26349,13723,38461,16668,27601,10251,10559,20171,30813,15550,37895,576081,286232,42357,10800,245101,28,0
2021-03-15T23:59:59+01:00,19351,24124,34590,48640,35281,64816,41289,90302,48569,72312,29782,30030,76446,102165,42300,81446,4882,5903,10283,16612,10958,26152,13609,38176,16524,27350,10086,10405,19285,29650,14534,36317,565140,280611,39046,10153,237396,26,0
2021-03-14T23:59:59+01:00,19047,23604,33718,47449,34441,63527,40230,88436,47411,70710,28602,28797,74500,99638,41953,80894,4857,5880,10233,16532,10902,26004,13555,37955,16437,27210,10011,10323,19112,29361,14292,35797,558243,279487,37182,9020,227669,18,0
2021-03-13T23:59:59+01:00,18136,22486,32272,45621,32958,61568,38191,85502,45448,68508,27349,27502,72524,97056,41775,80620,4856,5879,10228,16527,10894,25994,13547,37944,16432,27200,9964,10282,18242,28293,13389,34551,541953,275249,36901,9019,218792,18,0
2021-03-12T23:59:59+01:00,16858,20881,29783,42971,30369,58350,35224,80458,42350,64361,24575,24382,68276,91762,41043,79527,4846,5844,10208,16468,10874,25937,13505,37829,16332,27048,9698,10082,17202,26836,12507,33268,514160,269519,35602,9009,201537,17,0
2021-03-11T23:59:59+01:00,15701,19170,27573,40381,28122,55127,32552,75989,38672,59724,21210,20905,62282,84364,39525,77238,4798,5802,10133,16350,10764,25695,13381,37513,16159,26772,9402,9864,16528,25932,11909,32089,482344,265563,34020,7576,182294,13,0
2021-03-10T23:59:59+01:00,15026,18336,26106,38784,26534,53307,30957,73589,36072,56664,18529,18392,56346,77062,38326,75391,4754,5744,10038,16184,10652,25435,13231,37094,15957,26441,9172,9683,15691,25040,11360,31194,456155,260836,31987,6882,171401,13,0
2021-03-09T23:59:59+01:00,14701,17775,24917,37763,25201,52102,29880,71895,34707,54924,17372,17310,52784,72483,37426,73888,4723,5707,9955,16010,10542,25181,13069,36776,15801,26228,9044,9579,14969,24124,10946,30525,442701,257178,29475,6051,163066,11,0
2021-03-08T23:59:59+01:00,14322,17087,23775,36701,24017,50958,28947,70396,33495,53391,16310,16470,48546,67236,36464,72291,4707,5655,9890,15811,10442,24928,12931,36417,15685,25999,8973,9490,14432,23482,10702,30162,427340,254099,27528,5664,155651,4,0
2021-03-07T23:59:59+01:00,14064,16730,23180,35869,23319,50082,28379,69532,32945,52728,16058,16230,47411,65697,36201,71862,4693,5640,9870,15770,10415,24841,12898,36245,15629,25907,8952,9457,14217,23201,10590,29996,422658,253056,25726,5325,152015,0,0
2021-03-06T23:59:59+01:00,13928,16364,22749,35158,22800,49266,27270,67909,31885,51085,15752,15994,46698,64682,35994,71539,4690,5620,9858,15749,10400,24807,12888,36203,15611,25876,8932,9420,14170,23160,10492,29792,418618,252684,25663,5044,144904,0,0
2021-03-05T23:59:59+01:00,13465,15655,22069,34010,22146,47996,26492,66245,30666,48757,15131,15242,42785,59742,34385,68802,4661,5560,9790,15652,10346,24659,12822,36010,15528,25678,8840,9366,13961,22930,10144,29199,403487,250996,24218,4210,135990,0,0
2021-03-04T23:59:59+01:00,12688,14527,20908,32336,20988,45956,25119,63524,29073,46710,14420,14528,38159,53647,32079,65210,4610,5456,9683,15361,10254,24297,12694,35492,15393,25335,8698,9238,13810,22722,10079,29069,385125,248131,22148,4119,122705,0,0
2021-03-03T23:59:59+01:00,12356,13966,20235,31161,20246,44614,24218,61808,28121,45252,13959,14058,35031,49530,29619,61353,4566,5381,9600,15182,10175,24046,12586,35060,15202,25027,8546,9119,13677,22495,9950,28821,369866,245527,21380,3965,114383,0,0
2021-03-02T23:59:59+01:00,12080,13471,19604,30218,19547,43595,23429,60416,27202,44054,13337,13453,31821,45337,26392,56093,4512,5300,9538,15019,10109,23772,12490,34635,15101,24750,8430,9024,13537,22302,9888,28693,351862,243194,19930,3964,108356,0,0
2021-03-01T23:59:59+01:00,11886,13145,19114,29415,19009,42772,22852,59355,26532,42997,12941,13028,29177,41958,22795,50129,4490,5244,9488,14861,10041,23490,12413,34237,15007,24489,8353,8969,13338,22005,9797,28548,334833,240863,18869,3964,103500,0,0
2021-02-28T23:59:59+01:00,11712,12916,18660,28788,18531,42012,22379,58530,26076,42268,12747,12824,28556,41247,22454,49617,4471,5229,9468,14829,10021,23443,12397,34172,14983,24454,8330,8947,13197,21801,9748,28430,332462,240047,18015,3930,98936,0,0
2021-02-27T23:59:59+01:00,11489,12272,18342,27987,18273,41233,22086,57493,25726,41526,12466,12525,27762,40288,21667,48349,4460,5216,9444,14809,9989,23381,12357,34098,14945,24389,8312,8931,13185,21786,9747,28426,328373,239702,17295,3830,93910,0,0
2021-02-26T23:59:59+01:00,10638,11365,17514,26559,17518,38975,21167,54620,24288,38988,12119,12250,25910,37958,20451,46424,4369,5131,9369,14655,9919,23112,12273,33725,14828,24136,8237,8860,13119,21706,9713,28371,319422,237822,17042,3757,80372,0,0
2021-02-25T23:59:59+01:00,9494,10409,16285,24974,16324,36693,19920,51638,22685,36495,11731,11968,24419,36029,19234,44552,4257,4973,9224,14345,9732,22486,12023,32889,14529,23584,8064,8723,12861,21367,9596,28150,311898,233878,16274,2981,64769,0,0
2021-02-24T23:59:59+01:00,9059,9796,15658,23945,15718,35435,19188,50117,21930,35462,11378,11657,22908,34202,17835,42331,4193,4876,9092,14069,9558,22023,11836,32266,14278,23104,7941,8599,12725,21189,9541,27963,303794,231196,15314,2111,57600,0,0
2021-02-23T23:59:59+01:00,8504,9207,14855,22799,15064,34192,18440,48713,21247,34512,11113,11360,21325,32304,16510,40142,4150,4790,8965,13843,9420,21604,11645,31699,13971,22661,7796,8460,12607,20978,9480,27747,295757,228407,14517,1462,50101,0,0
2021-02-22T23:59:59+01:00,8366,8959,14479,22195,14721,33476,17983,47702,20791,33866,10938,11124,20406,31075,15438,38492,4116,4665,8820,13539,9249,21081,11380,30956,13594,22118,7585,8282,12410,20724,9394,27464,290045,225136,13911,293,46142,0,0
2021-02-21T23:59:59+01:00,8260,8783,14141,21758,14311,32899,17566,47021,20388,33446,10839,11035,20238,30849,15211,38181,4068,4611,8741,13408,9172,20862,11308,30662,13482,21871,7525,8232,12348,20612,9333,27316,288916,223322,13544,280,42552,0,0
2021-02-20T23:59:59+01:00,8126,8727,14026,21673,14197,32776,17444,46850,20233,33285,10734,10948,19344,29758,14294,36911,4065,4605,8732,13400,9161,20842,11293,30636,13469,21865,7521,8224,12276,20534,9290,27267,284692,222952,13348,279,41372,0,0
2021-02-19T23:59:59+01:00,7789,8443,13682,21227,13822,32088,16970,46055,19520,32445,10206,10618,18135,28213,13335,35548,3973,4580,8666,13373,9118,20779,11261,30543,13404,21780,7479,8168,12031,20221,9124,26980,278415,221252,12974,279,36789,0,0
2021-02-18T23:59:59+01:00,7340,7842,13060,20120,13194,30688,16134,44121,18683,31048,10035,10437,17481,27384,12840,34771,3766,4395,8330,12830,8829,20014,10916,29492,13055,21054,7279,7856,11403,19192,8701,25962,274869,212845,12401,279,27988,0,0
2021-02-17T23:59:59+01:00,7149,7416,12625,19264,12705,29479,15445,42363,18085,29935,9833,10217,16617,26429,12192,33740,3488,4180,7994,12336,8547,19193,10537,28426,12689,20329,7054,7625,10794,18262,8332,25256,270177,204811,11671,278,21724,0,0
2021-02-16T23:59:59+01:00,6756,7040,12126,18428,12228,28388,14920,41055,17540,29056,9693,10115,15889,25513,11766,33059,3279,4027,7694,11872,8239,18450,10131,27318,12255,19535,6795,7321,10016,16996,7692,23856,266618,195397,11176,126,15854,0,0
2021-02-15T23:59:59+01:00,6639,6802,11838,17806,11960,27598,14561,40065,17217,28375,9575,10014,15271,24792,11485,32602,3180,3925,7508,11553,8030,17949,9827,26485,11912,18900,6521,7046,9279,15838,7242,22728,263535,187888,10575,82,12566,0,0
2021-02-14T23:59:59+01:00,6347,6662,11599,17529,11740,27152,14330,39620,17032,28137,9533,9965,15019,24422,11344,32248,3125,3879,7394,11388,7897,17745,9656,26138,11741,18627,6414,6915,9058,15435,7080,22234,262539,184690,9641,82,10573,0,0
2021-02-13T23:59:59+01:00,6276,6616,11558,17498,11709,27120,14306,39592,17014,28115,9520,9941,14990,24395,11337,32232,3120,3875,7387,11384,7887,17725,9639,26103,11712,18586,6391,6883,8893,15203,6746,21633,262305,183207,9641,6,10347,0,0
2021-02-12T23:59:59+01:00,5682,6254,11039,17127,11404,26572,13985,38928,16699,27519,9420,9867,14797,24170,11275,32141,3064,3828,7294,11231,7782,17476,9482,25714,11502,18146,6210,6662,8509,14598,6198,20373,260621,178110,9631,5,6700,0,0
2021-02-11T23:59:59+01:00,5165,5889,10490,16468,10999,25730,13503,37694,16241,26750,9134,9621,14514,23718,11021,31494,2867,3457,6663,10023,7113,15690,8611,23057,10474,16298,5601,5988,7426,12824,5492,18299,257483,159922,7994,3,3026,0,0
2021-02-10T23:59:59+01:00,4895,5683,10152,16027,10707,25198,13182,36803,15862,26107,8948,9495,14342,23509,10934,31302,2451,3069,5754,8589,6324,13607,7637,20190,9449,14570,5091,5418,6386,11072,4834,16435,254856,140909,7538,2,824,0,0
2021-02-09T23:59:59+01:00,4821,5559,10032,15753,10601,24788,13004,36160,15652,25685,8778,9369,14141,23297,10817,31100,2016,2613,4966,7334,5558,11779,6746,17664,8407,12846,4544,4785,5307,9404,4212,14581,252443,122791,6762,2,423,0,0
2021-02-08T23:59:59+01:00,4780,5492,9944,15532,10491,24426,12890,35670,15521,25390,8691,9309,13922,22981,10733,30948,1816,2343,4418,6366,4924,10161,5933,15157,7434,11253,4043,4271,4286,7733,3561,12720,250119,106443,6250,2,420,0,0
2021-02-07T23:59:59+01:00,4592,5413,9806,15397,10390,24248,12804,35401,15419,25222,8656,9266,13767,22772,10674,30837,1571,2029,4000,5709,4524,9254,5498,13999,6970,10397,3805,4026,4059,7327,3423,12171,249025,98783,5706,2,0,0,0
2021-02-06T23:59:59+01:00,4583,5399,9795,15382,10376,24208,12783,35350,15402,25171,8638,9249,13745,22739,10574,30644,1389,1782,3775,5433,4345,8799,5273,13398,6691,9880,3686,3921,3936,7171,3152,11730,248682,94381,5423,2,0,0,0
2021-02-05T23:59:59+01:00,4501,5315,9727,15243,10311,23939,12692,34975,15289,24915,8563,9183,13674,22659,10230,30058,1226,1497,3492,5007,4091,8211,4971,12630,6304,9221,3450,3702,3783,6946,2677,10907,246807,88135,4532,0,0,0,0
2021-02-04T23:59:59+01:00,4435,5164,9600,14921,10148,23362,12493,34174,15082,24434,8447,9076,13442,22350,10136,29887,905,1053,2642,3743,3186,6429,3993,10030,5017,7267,2833,3035,3192,5925,2334,9535,242906,71135,4310,0,0,0,0
2021-02-03T23:59:59+01:00,4357,5068,9484,14699,10044,22989,12356,33640,14930,24054,8343,8957,13284,22145,10069,29679,745,824,1993,2837,2461,4978,3057,7704,3817,5514,2057,2201,2349,4441,1708,7183,240013,53881,4150,0,0,0,0
2021-02-02T23:59:59+01:00,4286,4961,9382,14491,9942,22588,12205,33061,14731,23651,8237,8837,13161,21930,9991,29427,594,653,1511,2112,1898,3769,2319,5886,2845,4145,1448,1480,1601,2966,1192,4793,236795,39222,4149,0,0,0,0
2021-02-01T23:59:59+01:00,4241,4850,9292,14253,9836,22165,12067,32411,14552,23197,8125,8702,13060,21794,9948,29260,455,470,1043,1461,1259,2517,1498,3839,1779,2651,908,943,963,1817,681,2768,233667,25059,4149,0,0,0,0
2021-01-31T23:59:59+01:00,4219,4803,9238,14139,9764,21964,11999,32105,14462,23020,8073,8652,13007,21677,9909,29140,416,432,915,1268,1076,2129,1291,3261,1550,2346,822,854,858,1623,619,2485,232195,21950,4038,0,0,0,0
2021-01-30T23:59:59+01:00,4219,4800,9228,14126,9748,21939,11987,32086,14449,23010,8071,8647,12941,21601,9868,29092,398,400,850,1183,1022,2003,1222,3071,1479,2222,800,831,839,1583,606,2436,231881,20949,3993,0,0,0,0
2021-01-29T23:59:59+01:00,4149,4786,9178,14094,9716,21887,11956,32012,14402,22949,8049,8620,12730,21341,9716,28890,321,300,727,1006,879,1629,1070,2685,1273,1931,721,745,790,1527,591,2390,230669,18588,3868,0,0,0,0
2021-01-28T23:59:59+01:00,4013,4665,8971,13698,9499,21363,11712,31425,14096,22505,7920,8527,12256,20647,9418,28396,152,82,289,375,372,629,468,1170,587,859,391,417,468,888,337,1446,225898,8930,3274,0,0,0,0
2021-01-27T23:59:59+01:00,3754,4485,8676,13298,9206,20721,11342,30591,13725,21855,7716,8321,11659,19761,9060,27746,93,52,198,229,245,431,307,817,420,590,294,303,345,657,254,1058,219296,6293,2676,0,0,0,0
2021-01-26T23:59:59+01:00,3587,4361,8396,12939,8945,20143,11028,29810,13335,21304,7496,8099,11025,18768,8486,26699,88,48,185,219,227,392,293,759,388,541,283,277,315,584,232,943,212607,5774,1870,0,0,0,0
2021-01-25T23:59:59+01:00,3504,4233,8121,12462,8666,19425,10636,28817,12858,20624,7253,7910,10359,17856,8097,25927,79,38,164,195,196,332,250,633,339,449,244,237,263,501,187,765,206416,4872,387,0,0,0,0
2021-01-24T23:59:59+01:00,3455,4206,8038,12380,8595,19302,10526,28642,12733,20469,7220,7872,10290,17747,8056,25835,78,36,160,191,194,319,248,612,330,436,236,234,261,493,183,751,205128,4762,292,0,0,0,0
2021-01-23T23:59:59+01:00,3453,4205,8038,12380,8591,19293,10525,28630,12726,20464,7216,7871,10153,17564,7745,25271,78,36,160,191,193,319,247,612,330,436,236,234,261,493,183,751,203888,4760,291,0,0,0,0
2021-01-22T23:59:59+01:00,3382,4153,7916,12267,8510,19142,10417,28470,12655,20357,7187,7842,9925,17219,7261,24295,78,36,159,191,193,319,247,612,330,436,236,234,261,493,183,750,200761,4758,291,0,0,0,0
2021-01-21T23:59:59+01:00,3265,3906,7397,11337,8040,17964,9859,26798,12068,19249,6921,7537,9226,16138,6821,23367,71,33,143,175,177,286,222,537,293,399,212,207,228,406,156,630,189654,4175,291,0,0,0,0
2021-01-20T23:59:59+01:00,2846,3461,6520,9919,7300,15966,8900,23970,11017,17434,6359,6879,8069,14277,6128,21355,70,33,142,169,174,284,214,519,282,382,202,199,219,380,146,595,170157,4010,289,0,0,0,0
2021-01-19T23:59:59+01:00,2349,2989,5615,8550,6432,14002,7893,21141,9787,15434,5626,5995,6638,11906,5243,18609,47,23,96,123,117,176,151,352,182,270,124,113,141,261,99,440,148037,2715,210,0,0,0,0
2021-01-18T23:59:59+01:00,2033,2593,4833,7158,5484,11679,6687,17485,8417,13068,4791,5131,5212,9501,4307,15437,26,12,36,46,54,84,66,155,69,135,59,54,61,141,56,207,123764,1261,88,0,0,0,0
2021-01-17T23:59:59+01:00,1722,2223,4319,6386,4986,10495,6149,15890,7792,11923,4467,4790,4845,8809,4010,14496,11,3,6,14,15,32,19,44,25,49,25,23,15,36,12,41,113246,370,86,0,0,0,0
2021-01-16T23:59:59+01:00,1526,1965,4106,6093,4806,10020,5884,15205,7464,11272,4299,4597,4634,8517,3668,13919,0,0,0,0,2,3,0,0,1,2,0,1,0,0,0,1,108000,10,4,0,0,0,0
2021-01-15T23:59:59+01:00,1354,1683,3851,5691,4554,9436,5596,14351,7052,10523,4022,4333,4455,8207,3168,12940,0,0,0,0,0,0,0,0,0,0,0,0,0,0,0,1,101241,1,2,0,0,0,0
2021-01-14T23:59:59+01:00,1024,1258,3080,4482,3707,7549,4620,11562,5681,8430,3286,3505,3762,6951,2745,11282,0,0,0,0,0,0,0,0,0,0,0,0,0,0,0,0,82945,0,0,0,0,0,0
2021-01-13T23:59:59+01:00,865,1060,2592,3734,3112,6284,3854,9534,4576,6782,2416,2609,2850,5298,2103,8568,0,0,0,0,0,0,0,0,0,0,0,0,0,0,0,0,66255,0,0,0,0,0,0
2021-01-12T23:59:59+01:00,727,903,2181,3080,2571,5142,3120,7739,3607,5328,1725,1781,1961,3656,1497,5899,0,0,0,0,0,0,0,0,0,0,0,0,0,0,0,0,50932,0,0,0,0,0,0
2021-01-11T23:59:59+01:00,583,728,1815,2490,2071,4127,2396,5843,2665,3859,1087,1086,1166,2155,822,3326,0,0,0,0,0,0,0,0,0,0,0,0,0,0,0,0,36230,0,0,0,0,0,0
2021-01-10T23:59:59+01:00,510,623,1543,2046,1724,3375,1971,4825,2211,3243,972,968,1022,1891,732,2907,0,0,0,0,0,0,0,0,0,0,0,0,0,0,0,0,30571,0,0,0,0,0,0
2021-01-09T23:59:59+01:00,475,562,1417,1870,1579,3066,1815,4362,2039,2958,904,904,966,1838,717,2870,0,0,0,0,0,0,0,0,0,0,0,0,0,0,0,0,28348,0,0,0,0,0,0
2021-01-08T23:59:59+01:00,361,411,1163,1503,1307,2397,1491,3582,1690,2434,785,800,883,1710,679,2739,0,0,0,0,0,0,0,0,0,0,0,0,0,0,0,0,23940,0,0,0,0,0,0
2021-01-07T23:59:59+01:00,171,111,398,519,471,809,604,1403,745,1062,447,471,555,1047,411,1733,0,0,0,0,0,0,0,0,0,0,0,0,0,0,0,0,10957,0,0,0,0,0,0
2021-01-06T23:59:59+01:00,129,66,260,292,308,525,405,958,513,733,337,355,422,816,324,1326,0,0,0,0,0,0,0,0,0,0,0,0,0,0,0,0,7769,0,0,0,0,0,0
2021-01-05T23:59:59+01:00,99,50,188,238,241,440,322,844,439,631,325,339,405,781,318,1273,0,0,0,0,0,0,0,0,0,0,0,0,0,0,0,0,6933,0,0,0,0,0,0
2021-01-04T23:59:59+01:00,82,40,167,198,199,347,255,637,350,463,247,250,285,557,210,856,0,0,0,0,0,0,0,0,0,0,0,0,0,0,0,0,5143,0,0,0,0,0,0
2021-01-03T23:59:59+01:00,80,36,161,193,195,331,254,623,341,448,242,247,281,545,208,839,0,0,0,0,0,0,0,0,0,0,0,0,0,0,0,0,5024,0,0,0,0,0,0
2021-01-02T23:59:59+01:00,80,36,161,193,195,331,253,623,341,448,242,247,281,545,208,839,0,0,0,0,0,0,0,0,0,0,0,0,0,0,0,0,5023,0,0,0,0,0,0
2021-01-01T23:59:59+01:00,80,36,160,193,195,330,253,623,340,446,242,247,281,544,208,839,0,0,0,0,0,0,0,0,0,0,0,0,0,0,0,0,5017,0,0,0,0,0,0
2020-12-31T23:59:59+01:00,80,36,160,191,195,330,253,622,340,445,242,247,281,544,208,839,0,0,0,0,0,0,0,0,0,0,0,0,0,0,0,0,5013,0,0,0,0,0,0
2020-12-30T23:59:59+01:00,79,36,160,189,193,328,253,621,340,445,242,247,281,544,208,839,0,0,0,0,0,0,0,0,0,0,0,0,0,0,0,0,5005,0,0,0,0,0,0
2020-12-29T23:59:59+01:00,56,25,113,143,146,222,184,447,239,343,159,159,199,412,152,654,0,0,0,0,0,0,0,0,0,0,0,0,0,0,0,0,3653,0,0,0,0,0,0
2020-12-28T23:59:59+01:00,29,17,64,77,83,126,103,254,112,207,92,92,102,217,93,364,0,0,0,0,0,0,0,0,0,0,0,0,0,0,0,0,2032,0,0,0,0,0,0
2020-12-27T23:59:59+01:00,14,8,17,24,37,53,35,84,35,82,32,28,36,80,30,137,0,0,0,0,0,0,0,0,0,0,0,0,0,0,0,0,732,0,0,0,0,0,0
