Datum,<15_m,<15_w,15-24_1_m,15-24_1_w,25-34_1_m,25-34_1_w,35-44_1_m,35-44_1_w,45-54_1_m,45-54_1_w,55-64_1_m,55-64_1_w,65-74_1_m,65-74_1_w,75-84_1_m,75-84_1_w,>84_1_m,>84_1_w,<24_2_m,<24_2_w,25-34_2_m,25-34_2_w,35-44_2_m,35-44_2_w,45-54_2_m,45-54_2_w,55-64_2_m,55-64_2_w,65-74_2_m,65-74_2_w,75-84_2_m,75-84_2_w,>84_2_m,>84_2_w,bp_1,bp_2,mo_1,mo_2,az_1,az_2,ja,unb_1,unb_2
2021-09-07T23:59:59+02:00,34870,32564,270326,259896,377085,347257,393531,386273,457906,467092,511119,512507,349405,390054,244916,313711,72071,131992,243546,234456,353577,321842,372746,362100,436816,442777,491053,492084,338686,377741,237516,303506,69212,125992,3958319,3730597,519452,496456,807999,760930,267419,492,398
2021-09-06T23:59:59+02:00,34483,32163,269231,258821,376170,346331,392857,385508,457330,466473,510691,512082,349191,389821,244831,313593,72044,131933,242801,233721,352856,321203,372145,361523,436369,442293,490652,491717,338478,377544,237441,303388,69186,125952,3951264,3725913,519316,496224,807956,760814,265631,492,398
2021-09-05T23:59:59+02:00,34336,32017,268828,258410,375855,345992,392569,385195,457097,466245,510513,511910,349120,389733,244793,313531,72028,131912,242373,233319,352463,320826,371805,361220,436114,442056,490457,491519,338384,377431,237400,303327,69170,125925,3948730,3723348,519223,495965,807930,760693,264815,492,398
2021-09-04T23:59:59+02:00,34279,31980,268667,258284,375731,345863,392438,385090,457021,466160,510461,511864,349109,389715,244786,313519,72028,131911,242216,233177,352300,320667,371660,361104,436023,441956,490392,491471,338362,377411,237391,303315,69170,125924,3948021,3722575,519170,495833,807925,760673,264404,492,398
2021-09-03T23:59:59+02:00,33961,31673,267783,257488,374994,345216,391851,384505,456443,465684,510004,511530,348941,389539,244723,313413,72005,131877,241218,232345,351517,319974,370999,360461,435384,441386,489911,491064,338170,377215,237308,303211,69150,125897,3943700,3718386,518503,494377,807895,760601,262145,492,398
2021-09-02T23:59:59+02:00,33609,31345,266744,256629,374155,344404,391126,383771,455771,465066,509474,511111,348681,389293,244599,313240,71980,131800,240207,231559,350653,319222,370279,359771,434689,440776,489349,490612,337925,376960,237204,303062,69126,125824,3937901,3713356,518225,493908,807860,760284,259425,492,398
2021-09-01T23:59:59+02:00,33284,30985,265918,255808,373428,343744,390615,383237,455316,464600,509098,510776,348509,389103,244515,313127,71956,131740,239141,230525,349817,318398,369620,359088,434095,440188,488841,490148,337704,376707,237083,302913,69102,125772,3932584,3706754,518044,493381,807829,760071,257915,492,395
2021-08-31T23:59:59+02:00,32887,30645,265060,254909,372713,343048,390057,382667,454822,464122,508658,510415,348318,388913,244421,312984,71925,131702,238201,229654,349034,317676,368974,358469,433556,439694,488335,489757,337505,376505,236998,302775,69072,125719,3927134,3701585,517855,493000,807803,759662,256086,492,395
2021-08-30T23:59:59+02:00,32346,30166,263780,253754,371739,342150,389254,381867,454081,463425,508102,509926,348093,388702,244328,312834,71890,131635,237062,228690,348055,316803,368202,357748,432867,439128,487787,489257,337262,376272,236877,302601,69034,125644,3919803,3695717,517740,492565,807759,759412,253381,492,395
2021-08-29T23:59:59+02:00,32160,29978,263219,253259,371270,341741,388877,381538,453789,463140,507874,509705,347998,388594,244279,312770,71880,131611,236355,228065,347456,316268,367710,357289,432447,438760,487483,488999,337125,376120,236817,302531,69017,125620,3916763,3691915,517624,492170,807733,759159,252172,492,395
2021-08-28T23:59:59+02:00,32071,29886,262996,253082,371096,341589,388722,381418,453666,463023,507801,509655,347975,388573,244268,312758,71879,131608,236039,227809,347211,316078,367492,357127,432266,438597,487361,488908,337085,376081,236797,302506,69016,125616,3915740,3690361,517584,492055,807727,759134,251625,492,395
2021-08-27T23:59:59+02:00,31844,29638,262347,252519,370590,341081,388255,380975,453218,462631,507439,509377,347848,388441,244211,312674,71861,131588,235438,227320,346609,315585,367028,356708,431824,438249,487065,488665,336956,375967,236746,302445,69007,125609,3911994,3687217,517516,491844,807663,759078,249973,492,395
2021-08-26T23:59:59+02:00,31468,29252,261355,251548,369755,340275,387514,380244,452545,461966,506904,508901,347617,388188,244088,312559,71832,131527,233991,225987,345407,314425,365949,355730,430970,437472,486418,488100,336680,375660,236588,302280,68980,125565,3905900,3679098,517275,491210,807616,758725,247355,492,394
2021-08-25T23:59:59+02:00,31112,28924,260455,250706,369021,339518,386873,379557,451921,461382,506361,508459,347387,387939,243968,312403,71797,131461,232002,224157,343955,313052,364793,354556,429989,436525,485639,487395,336311,375278,236444,302050,68937,125481,3900321,3667425,517150,490804,807588,758577,244794,491,391
2021-08-24T23:59:59+02:00,30815,28669,259742,249953,368430,338905,386348,378997,451451,460891,505969,508106,347185,387724,243861,312246,71770,131391,230807,223111,343007,312144,364021,353820,429328,435891,485089,486859,336042,374976,236315,301893,68914,125418,3895594,3660370,516865,490364,807570,758277,243033,491,386
2021-08-23T23:59:59+02:00,30300,28149,258363,248655,367409,337997,385524,378220,450681,460218,505328,507546,346910,387445,243724,312058,71743,131332,229336,221806,341705,311092,363077,352976,428477,435150,484397,486294,335744,374646,236182,301707,68888,125359,3888261,3653066,516723,489894,807536,757999,239689,491,386
2021-08-22T23:59:59+02:00,30161,28037,257961,248293,367065,337678,385255,377958,450449,459977,505145,507401,346818,387352,243685,312000,71727,131306,228622,221135,341027,310442,362545,352480,428047,434747,484079,486034,335586,374471,236120,301605,68869,125322,3886092,3648739,516584,489439,807497,757701,238701,491,386
2021-08-21T23:59:59+02:00,29914,27834,257470,247834,366754,337360,385004,377702,450246,459804,504998,507264,346765,387296,243663,311962,71724,131297,227885,220485,340548,310048,362150,352077,427683,434442,483852,485845,335503,374404,236094,301562,68863,125310,3883573,3645800,516444,488241,807490,757645,237990,491,386
2021-08-20T23:59:59+02:00,29726,27637,256815,247179,366021,336744,384337,377182,449657,459314,504531,506947,346624,387141,243608,311867,71708,131264,226091,218881,339158,308873,361042,351128,426736,433651,483140,485300,335265,374157,235994,301444,68839,125281,3880150,3637644,516128,487093,807478,757279,235151,491,386
2021-08-19T23:59:59+02:00,29401,27328,255854,246342,365046,335975,383571,376501,448951,458697,503979,506469,346390,386883,243501,311721,71676,131193,223346,216459,336868,307061,359352,349662,425350,432395,481995,484350,334851,373736,235803,301205,68805,125211,3874766,3623401,515776,485341,807447,756813,232094,490,386
2021-08-18T23:59:59+02:00,29121,27070,255063,245644,364359,335373,383002,375934,448363,458211,503509,506067,346123,386647,243384,311574,71645,131128,220892,213951,334831,305310,357727,348023,423841,431082,480863,483324,334339,373191,235574,300916,68758,125118,3869739,3610250,515605,481453,807423,756436,230054,490,386
2021-08-17T23:59:59+02:00,28810,26795,254283,244941,363754,334710,382451,375396,447889,457743,503086,505654,345927,386443,243270,311446,71619,131077,218146,211211,332768,303487,356051,346567,422419,429822,479745,482347,333863,372656,235348,300635,68708,125044,3864836,3595323,515307,478684,807396,756006,228358,490,385
2021-08-16T23:59:59+02:00,28529,26538,253597,244300,363190,334160,381994,374941,447460,457308,502673,505291,345745,386239,243175,311286,71588,131037,214994,208156,330488,301386,354545,345131,421224,428699,478806,481512,333482,372223,235167,300366,68670,124958,3860498,3578062,515156,477987,807373,755659,226626,490,384
2021-08-15T23:59:59+02:00,28336,26378,253114,243861,362771,333776,381642,374609,447167,457059,502436,505103,345634,386125,243128,311206,71577,131016,210998,204109,328606,299783,353294,343922,420209,427770,478026,480859,333153,371891,235049,300191,68646,124908,3857708,3560545,515020,477078,807340,755337,225472,490,383
2021-08-14T23:59:59+02:00,28271,26321,252873,243663,362541,333601,381468,374461,447012,456930,502320,504997,345585,386093,243110,311183,71574,131012,209931,203014,327800,299023,352583,343253,419719,427313,477642,480539,333014,371764,235011,300134,68637,124891,3856547,3553902,514950,476715,807336,755262,224784,490,383
2021-08-13T23:59:59+02:00,28017,26079,252174,243078,362044,333178,381036,374036,446579,456571,501985,504742,345457,385944,243046,311108,71562,130984,208055,201235,326382,297716,351323,342070,418677,426378,476893,479903,332773,371476,234899,299992,68619,124839,3852761,3542018,514880,476119,807326,755071,223260,485,383
2021-08-12T23:59:59+02:00,27821,25856,251454,242446,361432,332597,380511,373558,446052,456135,501568,504393,345277,385746,242945,311006,71550,130936,205472,198975,323506,295197,349321,340284,417178,425145,475679,478847,332333,370949,234656,299716,68579,124757,3848854,3524703,514695,474956,807292,754049,221048,485,382
2021-08-11T23:59:59+02:00,27589,25607,250732,241767,360817,332027,379994,373085,445597,455718,501164,503971,345053,385509,242832,310874,71523,130885,202439,195999,320330,292266,347157,338225,415685,423744,474404,477564,331798,370315,234410,299317,68531,124636,3844085,3502940,514483,473893,807253,753114,219531,483,381
2021-08-10T23:59:59+02:00,27348,25351,249905,241044,360120,331488,379464,372545,445106,455248,500720,503579,344865,385316,242747,310737,71500,130841,198253,191888,315677,288077,344191,335464,413575,421804,472822,476116,331125,369649,234122,298915,68476,124520,3839070,3472930,514206,472817,807219,751967,218038,482,381
2021-08-09T23:59:59+02:00,27156,25153,249288,240477,359554,331020,379034,372171,444704,454911,500382,503300,344709,385170,242681,310628,71480,130806,193723,187310,309984,283337,341440,332980,411674,420040,471209,474659,330495,368965,233858,298548,68420,124388,3835452,3442650,514029,470075,807191,750883,216561,482,380
2021-08-08T23:59:59+02:00,26988,24999,248811,240079,359169,330674,378698,371892,444412,454662,500144,503110,344604,385067,242620,310549,71463,130773,192383,185949,308370,282011,340140,331834,410814,419289,470649,474150,330240,368699,233735,298383,68395,124338,3832959,3433630,513877,468721,807142,750408,215345,482,380
2021-08-07T23:59:59+02:00,26838,24825,248289,239629,358775,330342,378364,371611,444119,454427,499919,502937,344533,384974,242585,310500,71455,130762,188722,182363,306330,280165,338427,330318,409486,418028,469726,473362,329888,368329,233605,298195,68361,124302,3830119,3414071,513770,467392,807132,750194,214472,482,377
2021-08-06T23:59:59+02:00,26615,24591,247421,238967,358001,329735,377699,371036,443465,453906,499388,502548,344298,384769,242486,310385,71444,130740,184991,178822,302881,277375,336309,328492,407889,416698,468432,472399,329510,367944,233445,298041,68337,124256,3827570,3394842,512411,465668,807122,749103,211000,482,376
2021-08-05T23:59:59+02:00,26295,24268,246250,238038,357115,328876,376888,370317,442732,453235,498727,502014,344017,384471,242372,310211,71403,130677,180531,174881,297513,272997,332209,324953,405096,414221,466188,470616,328844,367245,233184,297673,68278,124146,3821284,3367042,512155,460976,807062,745409,208013,482,376
2021-08-04T23:59:59+02:00,25922,23925,245107,237054,356128,327971,376115,369609,442113,452640,498158,501494,343745,384203,242253,310041,71377,130607,177063,171585,293757,269875,327806,321055,402850,412134,464491,469071,328153,366550,232913,297326,68220,124045,3814842,3339961,511813,459216,807027,743663,205392,474,375
2021-08-03T23:59:59+02:00,25457,23505,243745,235875,355234,327150,375413,368926,441466,451984,497564,500964,343453,383905,242127,309866,71334,130540,173583,168147,289664,266240,322703,316458,400115,409583,462169,466981,327327,365691,232566,296862,68154,123908,3806946,3307966,511657,457345,806990,741593,203526,474,375
2021-08-02T23:59:59+02:00,25140,23198,242696,234915,354390,326398,374721,368335,440903,451446,497047,500517,343193,383631,242012,309716,71308,130481,169950,164557,284975,262281,316841,311512,397371,407033,459942,464992,326556,364859,232272,296465,68092,123791,3800638,3274569,511412,455363,806934,739067,201673,474,374
2021-08-01T23:59:59+02:00,24987,23011,242069,234313,353800,325896,374286,367949,440471,451128,496704,500241,343056,383468,241937,309599,71295,130454,168403,163111,282490,260290,312214,307798,395515,405462,458467,463746,326131,364379,232106,296248,68065,123732,3796996,3256709,511112,453223,806847,736622,200317,474,372
2021-07-31T23:59:59+02:00,24878,22906,241728,233995,353521,325675,374048,367783,440284,450977,496598,500142,343023,383430,241917,309586,71294,130449,164636,159274,279670,257749,310132,305807,394119,404179,457320,462758,325813,364003,231972,296076,68039,123686,3795401,3233824,510923,452286,806843,735831,199675,474,372
2021-07-30T23:59:59+02:00,24591,22649,240938,233282,352949,325146,373564,367321,439825,450578,496240,499852,342885,383290,241873,309507,71281,130433,160897,155511,276273,254647,307112,302997,391894,402071,455481,461179,325305,363475,231763,295784,68006,123629,3791343,3208797,510566,451087,806826,732641,198077,474,372
2021-07-29T23:59:59+02:00,24244,22310,239399,232015,351793,324074,372603,366414,438977,449789,495433,499229,342555,382980,241738,309327,71244,130368,156052,151041,270899,250471,301215,298223,387552,398593,452435,458780,324472,362634,231453,295376,67945,123531,3783800,3174954,509896,446243,806744,727543,194658,474,372
2021-07-28T23:59:59+02:00,23943,22025,238252,230983,350914,323240,371859,365732,438348,449128,494868,498742,342303,382683,241607,309144,71210,130297,152298,147399,266415,246823,296785,294278,384291,395748,450352,456938,323816,361879,231192,294992,67880,123408,3777109,3144303,509366,444325,806664,724911,192746,473,371
2021-07-27T23:59:59+02:00,23674,21801,237245,230014,350072,322505,371166,365146,437765,448514,494342,498287,342062,382382,241474,308951,71175,130199,147277,142278,260501,241686,291486,289524,380280,392055,447179,454136,322835,360782,230829,294489,67790,123252,3770855,3102763,508817,442032,806608,721176,191102,472,370
2021-07-26T23:59:59+02:00,23442,21562,236274,229044,349290,321805,370571,364599,437211,448031,493892,497923,341834,382143,241347,308795,71152,130142,142929,137891,254959,236904,286317,285054,375821,388105,443666,451112,321882,359820,230501,294011,67716,123115,3765218,3063381,508191,439780,806529,716829,189724,471,370
2021-07-25T23:59:59+02:00,23083,21261,234931,227892,348350,321043,369896,363942,436639,447494,493437,497521,341638,381930,241260,308665,71131,130079,141083,136142,252283,234692,283820,282963,373687,386336,441594,449333,321374,359309,230302,293783,67691,123038,3758176,3048430,507814,437606,806465,712479,188341,471,370
2021-07-24T23:59:59+02:00,22834,21065,234003,227034,347632,320393,369323,363421,436110,447056,493076,497244,341521,381833,241218,308603,71128,130068,138189,133343,249551,232373,281259,280755,371431,384481,440358,448350,321027,358973,230158,293605,67672,123004,3754172,3030105,507046,434599,806449,712142,186498,471,370
2021-07-23T23:59:59+02:00,22417,20678,232501,225698,346312,319460,368278,362560,435234,446269,492379,496713,341286,381563,241129,308490,71107,130032,132711,128500,244185,228079,276787,276971,367743,381290,437713,446153,320329,358252,229904,293295,67618,122923,3746734,2994616,506575,432827,806394,710007,183004,471,369
2021-07-22T23:59:59+02:00,21913,20202,230400,223728,344567,317924,366777,361275,433923,445129,491401,495819,340866,381115,240960,308246,71062,129952,128372,124452,238193,223573,270410,271913,360857,375802,432259,441657,319160,357001,229477,292778,67524,122772,3734325,2952614,504989,426849,806268,703698,180272,471,369
2021-07-21T23:59:59+02:00,21406,19683,228522,221915,342876,316400,365159,359707,432349,443744,490181,494656,340317,380594,240713,307962,71009,129857,124615,120887,232740,219338,264892,267390,352731,368880,427657,437918,318043,355852,229017,292213,67443,122593,3723366,2917156,501241,415979,806045,698919,176989,471,366
2021-07-20T23:59:59+02:00,21103,19404,227055,220448,341644,315237,364198,358838,431495,442957,489466,494017,339978,380226,240568,307741,70982,129768,120282,116656,226393,214169,259070,262221,345619,362781,422968,433612,316951,354598,228604,291631,67348,122412,3714104,2873431,500836,408766,805915,694534,174859,471,365
2021-07-19T23:59:59+02:00,20787,19109,225328,218759,340337,313989,363167,357865,430688,442185,488795,493402,339682,379865,240419,307510,70938,129670,117533,114059,222020,210580,254461,258269,341909,359610,420352,431436,316231,353871,228313,291241,67275,122288,3703562,2848441,500417,403389,805827,690215,173277,471,365
2021-07-18T23:59:59+02:00,20634,18978,224034,217487,338729,312566,362104,356947,429874,441464,488257,492861,339449,379580,240290,307333,70916,129608,116036,112674,219369,208403,252106,256175,339659,357764,418321,429747,315750,353388,228153,291023,67254,122221,3694157,2836184,499880,399119,805753,686523,171907,471,363
2021-07-17T23:59:59+02:00,20240,18556,222881,216433,338152,312027,361517,356436,429356,441015,487845,492572,339345,379463,240248,307278,70913,129598,113965,110573,216913,206101,249647,253982,337237,355632,416874,428485,315415,352998,228018,290856,67230,122181,3688599,2818692,499677,396399,805740,685738,170446,468,363
2021-07-16T23:59:59+02:00,19697,18043,220332,214291,336413,310733,360012,355146,427890,439810,486747,491710,338940,379093,240075,307120,70888,129561,110853,107771,212151,202170,245115,250344,332943,351936,413530,425766,314496,352072,227668,290440,67176,122099,3678401,2791024,498919,394047,805579,681925,164185,468,362
2021-07-15T23:59:59+02:00,19055,17417,217550,211867,334506,309032,358427,353709,426558,438629,485808,490860,338542,378667,239873,306865,70846,129457,106950,104563,203797,195933,237628,244744,326349,346707,406469,419334,312768,350266,227125,289774,67105,121901,3663378,2744526,498318,385625,805460,674507,161090,468,362
2021-07-14T23:59:59+02:00,18209,16692,215111,209543,332810,307501,357027,352370,425341,437430,484781,489904,338091,378205,239635,306553,70792,129371,103349,101235,197338,190781,231921,240080,322062,343235,402301,415709,311459,348956,226722,289216,67025,121747,3648477,2710970,497736,380094,805331,667712,158397,467,359
2021-07-13T23:59:59+02:00,17559,16035,212922,207516,331210,306129,355694,351151,424169,436342,483819,489045,337656,377732,239432,306308,70757,129279,99595,97700,190857,185387,224793,234023,315392,337175,393913,407857,309671,347034,226121,288429,66916,121549,3634659,2668239,497179,367423,805175,658251,156315,465,354
2021-07-12T23:59:59+02:00,16541,15103,209643,204338,329150,304402,354117,349684,422927,435141,482840,488144,337241,377264,239253,306079,70717,129202,96503,94983,185579,181096,217815,228350,308562,331145,388819,403586,307948,345172,225532,287697,66817,121380,3616210,2629980,496623,360293,804996,649844,154529,464,353
2021-07-11T23:59:59+02:00,16033,14628,208288,203066,328414,303691,353456,349062,422365,434640,482395,487803,337054,377061,239193,305974,70696,129162,95084,93697,182814,178790,214823,226066,305875,328994,385993,401200,305482,342550,225154,287228,66764,121282,3609994,2615021,495985,358306,804869,639362,152708,459,352
2021-07-10T23:59:59+02:00,15559,14169,206443,201286,326954,302432,352323,348089,421640,434047,481920,487405,336886,376896,239127,305888,70686,129142,93785,92426,180287,176682,211788,223582,303355,326834,384830,400165,304835,341879,224974,287040,66748,121255,3601416,2598226,495355,358076,804632,637611,150060,458,352
2021-07-09T23:59:59+02:00,15236,13890,204538,199447,325348,300984,351254,347131,420738,433336,481351,486929,336681,376675,239030,305768,70670,129108,91000,89702,176759,173457,207447,219435,298334,322232,381391,397188,303741,340654,224671,286673,66711,121191,3592283,2569256,494492,356016,804441,630022,147464,458,351
2021-07-08T23:59:59+02:00,14770,13462,201044,196461,322034,298316,348884,345147,419029,431886,479917,485863,336244,376232,238853,305522,70625,129033,86696,85939,169516,167809,199324,213042,290969,316129,374453,390986,301029,337742,223900,285740,66594,120933,3576951,2523108,490440,347373,803921,619673,142572,458,351
2021-07-07T23:59:59+02:00,14269,13008,197308,192602,318872,295460,346580,343106,417473,430418,478722,484763,335768,375672,238664,305251,70588,128928,83016,82495,162226,162107,190292,205875,282997,309571,367431,384177,297725,334142,222999,284640,66456,120687,3555697,2475187,489078,333950,803538,609692,139697,457,349
2021-07-06T23:59:59+02:00,13810,12636,193873,189222,315615,292729,344103,340816,415753,428858,477456,483629,335266,375117,238467,304961,70535,128842,79447,78918,155554,156595,182882,199673,274061,301621,360945,378093,294531,330901,222116,283549,66347,120456,3535849,2422714,486012,326970,803120,600186,137262,455,349
2021-07-05T23:59:59+02:00,13413,12299,189489,184983,311576,289402,341595,338491,414087,427316,476316,482557,334794,374600,238292,304717,70502,128757,76388,76099,150441,152518,178119,195545,267151,295360,354836,372557,291259,327457,221233,282432,66238,120287,3513054,2383687,484856,322480,802631,589828,133195,452,347
2021-07-04T23:59:59+02:00,13236,12142,185648,181119,308945,287380,340285,337421,413209,426537,475735,482072,334573,374347,238202,304593,70476,128704,74204,74231,147353,149969,175792,193506,264711,293300,351730,370354,287958,324069,220654,281767,66183,120168,3500831,2369941,483568,320187,802066,578321,128708,451,345
2021-07-03T23:59:59+02:00,12043,11087,179222,175126,304687,283928,337959,335256,411396,424729,474528,481012,334174,373901,238027,304346,70452,128661,72425,72658,144934,148094,173356,191426,261651,290577,349449,368500,286208,322088,220386,281406,66151,120119,3474494,2354234,482168,319988,801882,573833,122527,451,345
2021-07-02T23:59:59+02:00,10945,9996,175510,171667,302278,281733,336213,333557,410148,423543,473754,480327,333914,373588,237912,304165,70424,128613,69732,69974,141017,144811,168927,187391,255598,285139,344232,363797,282958,318364,219746,280635,66103,120035,3456415,2321064,480691,317204,801697,561256,120015,450,325
2021-07-01T23:59:59+02:00,9851,9068,171846,168235,298244,278449,333727,331293,408355,421970,472659,479366,333495,373128,237711,303893,70377,128535,64858,65258,134719,139487,161653,180889,245353,276293,333446,354029,278182,313094,217894,278382,65924,119722,3433898,2264820,478605,304858,801351,543549,116877,450,321
2021-06-30T23:59:59+02:00,9362,8676,168581,165158,292632,273825,330061,327957,406586,420441,471639,478399,333075,372647,237520,303594,70343,128447,61734,62417,129086,134807,155014,174893,235313,267155,320056,340766,272979,307556,216004,276063,65756,119404,3408837,2209866,476442,292054,801059,524725,113130,449,320
2021-06-29T23:59:59+02:00,8826,8153,164789,161387,288104,269571,326505,324662,404489,418363,470100,476987,332488,372012,237269,303240,70288,128338,58950,59429,124144,130405,148998,169371,223473,256471,311509,332415,266523,300372,214037,273608,65553,119059,3381364,2150687,474454,287401,800737,507333,109535,448,317
2021-06-28T23:59:59+02:00,8421,7773,161473,157935,283074,265259,323207,321811,402349,416438,468614,475677,331968,371403,237036,302929,70244,128244,56683,57086,120251,126901,144658,165294,214254,248065,305726,327017,261581,295075,212273,271377,65407,118795,3357469,2115017,470480,278804,800083,490816,106334,448,314
2021-06-27T23:59:59+02:00,8273,7650,159971,156411,280971,263453,321408,320278,400656,415078,467723,474966,331676,371111,236933,302767,70225,128195,55486,55979,118131,125194,142097,163169,210151,244684,302370,324163,257779,291080,209817,268469,65296,118607,3347477,2099594,468407,275323,799034,474695,103338,448,314
2021-06-26T23:59:59+02:00,7120,6554,156708,153069,278865,261569,319001,318045,399466,413926,467023,474264,331406,370828,236827,302610,70201,128165,54937,55395,116799,124045,140675,161934,207906,242682,299840,321753,256247,289422,209484,268059,65269,118537,3328361,2082827,465590,275234,799028,472199,103205,416,286
2021-06-25T23:59:59+02:00,5900,5438,152399,148791,275477,258613,316944,316084,398163,412681,466024,473442,331117,370495,236700,302455,70173,128115,53651,53771,114326,121350,136598,157367,199150,234236,294161,315883,254525,287303,208894,267260,65198,118419,3303425,2040359,464163,273543,798974,465626,102984,416,286
2021-06-24T23:59:59+02:00,5046,4651,147959,144664,270664,254681,312670,312312,395982,410812,464654,472310,330698,370033,236532,302219,70140,128028,51009,51181,109216,116643,129281,150735,187126,223794,282754,305664,249147,281469,207064,264917,64995,118019,3272300,1978386,462164,261788,798806,451881,101314,416,285
2021-06-23T23:59:59+02:00,4826,4444,144798,141553,266973,251528,307429,307516,393488,408469,463250,470995,330171,369415,236303,301910,70092,127923,49069,49101,105422,112734,123619,145061,177241,215138,270799,293686,244542,276665,205732,263220,64834,117659,3244779,1922140,458646,251936,798648,441194,99540,414,284
2021-06-22T23:59:59+02:00,4576,4215,141725,138428,263264,248153,301308,302084,390855,405912,461710,469514,329627,368811,236084,301560,70044,127817,47383,47364,101817,109435,118831,140491,164659,204005,259900,283399,240482,272199,203813,260812,64582,117189,3212757,1863855,456718,244231,798462,430240,98272,412,276
2021-06-21T23:59:59+02:00,4317,3970,138463,135489,258565,244263,296066,297222,387819,403046,460240,468168,329110,368253,235861,301249,70004,127704,46151,46136,99437,107218,116097,137793,158447,198240,253021,276757,235132,266371,199887,256303,64397,116813,3181068,1832898,454682,238716,798255,410481,96321,411,276
2021-06-20T23:59:59+02:00,4173,3852,136958,133985,254334,240793,293489,294985,386428,401733,459450,467425,328886,367972,235749,301117,69984,127642,45034,45217,97186,105431,113829,135809,155422,195707,248720,272694,232134,262844,198900,255050,64316,116687,3163651,1812611,452922,235166,798102,402622,94791,411,270
2021-06-19T23:59:59+02:00,3756,3501,134810,131889,251582,238473,291709,293338,384588,400164,458608,466697,328666,367720,235645,300977,69963,127610,44495,44568,95917,104177,112361,134346,153922,194273,245503,269681,231417,261997,198729,254787,64294,116634,3147312,1796679,450105,233589,798092,402344,94691,411,269
2021-06-18T23:59:59+02:00,2807,2588,131533,128748,248059,235428,287700,289932,382192,398040,457270,465534,328291,367321,235490,300741,69936,127561,43707,43653,94338,102400,110075,131681,150376,190245,238652,262414,229696,259996,198244,254149,64219,116500,3121521,1767413,445672,233054,798066,395653,94416,410,269
2021-06-17T23:59:59+02:00,2573,2365,127827,125461,242048,230993,282485,285547,377410,394057,454947,463702,327700,366602,235248,300386,69871,127448,41468,41831,90288,98931,105188,126937,142516,182573,227267,251035,224498,254066,196595,251996,63959,116081,3086780,1711789,442695,228917,797812,384757,89957,336,261
2021-06-16T23:59:59+02:00,2302,2132,124592,122058,237151,226661,277791,281286,372237,389567,452365,461570,326962,365807,234960,299976,69805,127334,39641,40238,86756,95909,100844,123119,134292,175243,215175,239136,218277,246969,194675,249673,63707,115593,3053311,1652081,437156,223317,797303,376677,87356,334,260
2021-06-15T23:59:59+02:00,1915,1800,119676,117191,231170,221515,272444,276304,367177,384938,449524,459160,326095,364838,234613,299462,69723,127151,38023,38630,83436,92866,96881,119074,127248,168875,202843,227129,212256,240185,192720,247246,63396,115024,3008639,1594872,435229,217484,796740,369009,84646,334,257
2021-06-14T23:59:59+02:00,1653,1525,115622,113032,225943,216605,267083,271331,361893,380197,446412,456569,325314,363983,234301,299074,69661,127031,37042,37742,81158,90779,94177,116559,123139,165130,196252,220639,209147,236680,191586,245775,63178,114635,2966523,1565322,432876,215212,796482,361354,81900,332,256
2021-06-13T23:59:59+02:00,1579,1440,114128,111655,223498,214505,264541,269070,359636,378242,445244,455540,325038,363679,234166,298905,69629,126957,36178,37012,79304,89111,92168,114747,120315,162534,192389,216936,206065,233245,190555,244408,62946,114224,2951539,1551356,430438,207947,796180,353153,79843,332,255
2021-06-12T23:59:59+02:00,1430,1303,111477,108910,221605,212777,263159,267795,358200,376844,444347,454772,324751,363370,234075,298802,69611,126929,35809,36608,78318,88016,90918,113452,118739,160974,188829,213633,205032,232119,189154,242750,62936,114192,2935370,1538217,429459,207938,796163,345768,79712,331,254
2021-06-11T23:59:59+02:00,1282,1167,108936,106397,218713,210156,259497,264606,355066,374116,442632,453300,324317,362920,233938,298596,69584,126874,35136,35497,76314,84645,88684,109926,114637,155833,182137,206191,202936,229750,188551,241982,62874,114094,2910967,1510753,426667,207243,795983,332322,79021,331,253
2021-06-10T23:59:59+02:00,1120,1013,104178,101991,212644,205397,252445,258784,348978,368825,438136,449531,323462,361951,233617,298149,69501,126722,33555,34014,72316,80474,83766,104424,107970,147628,169801,192555,196869,222871,186824,239843,62621,113692,2867365,1463660,419574,205502,795137,305318,74889,329,248
2021-06-09T23:59:59+02:00,972,883,100259,98287,206686,200667,245630,253076,342324,362876,434462,446509,322789,361208,233349,297771,69437,126590,32023,32757,69084,77824,80071,101257,103254,143352,158666,181808,186255,210888,184962,237597,62349,113197,2828396,1409670,411045,201527,794632,294052,70239,304,244
2021-06-08T23:59:59+02:00,790,702,95731,93745,200056,195104,238672,247066,334075,355601,429357,441844,321956,360209,232977,297287,69356,126454,30950,31900,66498,75526,76790,98536,98676,139435,151076,174324,177549,201179,183158,235351,62116,112831,2776448,1370506,405283,196614,794049,283195,65724,304,233
2021-06-07T23:59:59+02:00,632,560,92515,90646,193997,190402,232117,241826,326242,349430,426313,439401,321414,359577,232763,296964,69302,126358,30084,31054,64035,73572,73837,96380,94914,136502,142998,166539,173505,196565,181731,233540,61893,112448,2737467,1343412,399123,193323,793486,272100,60897,302,232
2021-06-06T23:59:59+02:00,594,524,90941,89330,190711,187856,228763,239056,321965,346028,424881,438325,321146,359284,232655,296806,69278,126311,29482,30499,62263,71893,71758,94369,91723,133435,137310,160743,170969,193935,180621,232140,61664,112068,2722062,1331563,391741,183635,793007,261653,58151,300,231
2021-06-05T23:59:59+02:00,514,444,88998,87316,185844,183641,226299,236923,320148,344402,423884,437413,320861,358965,232507,296637,69264,126279,29028,29743,61060,69941,70361,92223,90047,131167,132555,155411,167963,190267,180136,231483,61630,112002,2698587,1307942,391610,183169,792875,256259,57769,299,230
2021-06-04T23:59:59+02:00,414,359,86644,84787,182182,180034,222292,232976,316556,340761,421520,435220,320403,358430,232310,296408,69226,126216,28561,29072,59942,68289,69083,90143,88255,128552,129191,151754,163730,185498,179143,230216,61582,111916,2669334,1289121,387786,182395,792756,246177,57354,299,229
2021-06-03T23:59:59+02:00,321,285,83357,81720,176449,175374,215033,226883,308848,334064,413766,428363,319372,357253,231940,295959,69171,126085,27671,28061,58049,66101,66689,87398,84624,124439,122440,145089,157384,177893,177573,228190,61469,111679,2620416,1259929,377545,177078,792337,233435,54422,297,224
2021-06-02T23:59:59+02:00,271,226,81279,79553,172369,171654,211389,223727,305268,330718,411721,426533,318965,356801,231787,295753,69143,126034,27205,27582,56922,64989,65094,86125,82568,122501,117466,140206,149509,168933,176854,227235,61384,111510,2591662,1227742,376160,175107,792309,229816,53529,294,218
2021-06-01T23:59:59+02:00,172,158,77015,75728,164088,165089,202031,215996,296171,322842,403522,418699,317456,355196,231248,295017,69031,125806,25654,26166,52610,62038,60257,82835,77153,117999,110038,132990,138412,155529,174753,224500,61174,111083,2532996,1177610,364520,170996,791549,218035,46651,292,213
2021-05-31T23:59:59+02:00,150,141,74269,73248,158431,160775,194725,210030,288783,316463,397784,413735,316462,354088,230863,294497,68941,125635,24741,25108,49986,59820,57091,80299,73548,114720,105541,128545,134265,150623,173388,222780,61004,110751,2492592,1155186,355129,168659,790919,207637,40822,291,211
2021-05-30T23:59:59+02:00,139,133,73219,72181,155955,158743,192102,207676,286004,313947,395899,411994,316100,353677,230702,294261,68903,125555,24139,24320,48395,58092,55351,78445,71321,112156,102885,125681,132111,148097,172595,221844,60911,110540,2476778,1145416,352609,167352,790291,196257,37951,290,207
2021-05-29T23:59:59+02:00,136,131,72609,71589,154444,157342,189802,205645,284164,312360,395062,411222,315879,353432,230622,294183,68892,125537,23816,23795,47477,56596,54012,76568,69397,109311,100568,122881,129307,144676,171943,220936,60884,110488,2462884,1131808,352449,167287,790224,185720,37931,290,206
2021-05-28T23:59:59+02:00,132,128,71521,70472,152053,155085,186142,202106,280895,309225,393205,409456,315473,352930,230475,293969,68873,125480,23285,22793,45869,54469,52185,74009,67355,105357,96241,116988,124931,139624,170968,219627,60838,110374,2439081,1109190,351400,167074,790016,171186,37552,289,203
2021-05-27T23:59:59+02:00,121,118,68209,67455,145569,150148,177953,195854,274507,304069,386890,403774,314214,351488,230017,293439,68802,125298,21963,21109,42616,51418,48307,70189,62804,99342,89887,109476,120999,135000,168170,215924,60665,110061,2394521,1080756,343784,164332,788209,151100,31825,289,199
2021-05-26T23:59:59+02:00,117,115,66057,65278,140616,146065,171854,190788,267756,298402,380152,397086,312697,349886,229531,292743,68700,125087,21221,20193,40794,49281,45954,67456,59767,95550,85294,104362,116017,129278,164379,210589,60456,109634,2357256,1048835,330586,162755,786399,139622,29094,288,198
2021-05-25T23:59:59+02:00,116,108,64026,63287,136412,142576,166801,186497,260691,292123,374731,391702,311419,348480,229127,292103,68616,124910,20643,19530,39395,47762,44119,65441,57293,92549,81215,99987,111080,123591,158844,203345,60286,109327,2319729,1017311,323078,159332,783863,130392,27457,284,192
2021-05-24T23:59:59+02:00,113,106,62785,62073,133657,140471,163519,184084,253741,286135,369801,387027,310593,347562,228841,291718,68544,124781,20300,19124,38377,46689,42774,63955,55615,90537,78979,97477,109658,121935,158238,202554,60174,109125,2295995,1007952,311971,158033,782072,123705,25909,283,188
2021-05-23T23:59:59+02:00,108,106,62287,61557,132557,139577,162325,183050,252498,285114,368214,385598,309976,346905,228670,291492,68524,124745,20068,18937,37826,46133,42019,63256,54451,89541,77489,96113,108482,120539,157260,201333,60103,108983,2284499,999775,311388,154953,782028,122110,25782,283,186
2021-05-22T23:59:59+02:00,105,104,61593,60936,131069,138505,159952,181427,249530,282826,365735,383376,309446,346311,228493,291226,68498,124695,19749,18517,37215,45532,41379,62727,53795,88815,76718,94970,106932,118737,156487,200364,60076,108929,2266534,993073,311373,154949,781989,118684,24319,283,186
2021-05-21T23:59:59+02:00,101,100,60261,59496,128162,135911,156665,178104,244296,278064,359640,377688,308513,345220,228197,290830,68438,124587,19389,18151,36602,44762,40727,61675,52843,87422,74997,92666,103691,114786,155347,198913,59984,108754,2230473,980048,309733,154623,780415,112086,24036,280,184
2021-05-20T23:59:59+02:00,94,98,57210,56702,122428,131040,149741,171793,233988,269322,350616,369410,305981,342481,227431,289822,68306,124369,18092,17217,34426,42515,38272,58777,50029,83651,71065,88168,99568,110139,152888,195899,59804,108398,2172524,960758,303077,152675,774462,94412,21140,272,184
2021-05-19T23:59:59+02:00,93,96,54996,54509,117421,126361,142573,165181,223451,259965,340066,358517,303337,339615,226684,288779,68156,124093,17512,16432,33200,40927,36867,56715,48019,80870,67824,84590,95685,105662,149266,191175,59542,107907,2106628,937361,296822,150698,771483,84905,19312,272,171
2021-05-18T23:59:59+02:00,88,91,52899,52548,112636,122101,136196,159611,211884,249596,330194,348724,300669,336650,225807,287583,68004,123839,16994,15828,31989,39465,35512,54921,46212,78459,64938,81364,91681,101131,146073,187115,59329,107472,2046788,917132,287459,147840,767889,76261,17329,268,171
2021-05-17T23:59:59+02:00,85,88,51864,51555,110302,120044,133386,156956,205358,243582,322624,341641,298880,334680,225221,286760,67897,123627,16538,15379,30938,38419,34344,53630,44730,76660,62677,78971,86849,95273,144610,185231,59179,107157,2019993,905440,275162,140376,764465,69575,15270,267,169
2021-05-16T23:59:59+02:00,84,85,51077,50899,108860,118720,131646,155296,202388,240900,315191,334691,297862,333553,224914,286276,67845,123530,16254,15007,30188,37638,33472,52709,43665,75348,61344,77501,83432,91199,143821,184155,59092,107017,2004676,899358,264738,133608,761225,65435,13516,265,165
2021-05-15T23:59:59+02:00,84,85,50540,50267,107862,117732,130633,154186,200454,238966,311621,331481,297241,332867,224718,286005,67825,123466,16114,14843,29934,37332,33187,52278,43178,74703,60495,76519,82835,90382,143305,183487,59056,106970,1988487,894120,264720,133461,760355,64307,12806,263,164
2021-05-14T23:59:59+02:00,83,85,49280,48845,105610,115639,127045,150733,192247,231896,305310,325599,296261,331728,224433,285557,67778,123371,15616,14414,29149,36512,32417,51088,42099,72921,58931,74568,80932,87895,142692,182500,59016,106884,1951236,884473,263022,132590,755804,58884,11761,261,163
2021-05-13T23:59:59+02:00,79,84,47361,46899,101768,112411,122338,146626,182231,223319,294713,315785,293294,328309,223624,284418,67678,123164,14753,13968,28293,35816,31655,50186,41156,71826,57425,73001,77155,83545,139932,178892,58906,106668,1899680,871929,254413,125542,749573,55033,10744,258,160
2021-05-12T23:59:59+02:00,77,82,46450,46193,99849,110985,120278,144968,179685,221210,289983,310459,292132,327043,223384,284099,67640,123079,14588,13818,27973,35597,31254,49896,40711,71451,56884,72434,75815,81920,139154,177758,58820,106508,1876627,866195,252250,123750,749084,54762,9944,253,159
2021-05-11T23:59:59+02:00,73,76,44205,44718,95822,107910,114477,140241,166318,209943,278335,299699,288730,323133,222428,282698,67490,122779,14160,13250,26964,34171,30122,48093,39407,69172,55169,70168,72729,78335,137799,175927,58661,106150,1817782,853922,242554,121060,740571,46894,8468,249,157
2021-05-10T23:59:59+02:00,72,72,42953,43745,93220,105908,111221,137613,157933,202920,270463,292594,286555,320686,221855,281836,67366,122537,13818,12807,26203,33187,29328,46834,38411,67315,53942,68439,70641,75778,136653,174417,58541,105862,1782245,845056,236510,120007,733598,39691,7494,245,150
2021-05-09T23:59:59+02:00,71,72,41830,42974,90539,104153,108557,135845,152927,199503,264943,287654,285317,319304,221480,281309,67300,122391,13503,12589,25510,32517,28598,46031,37618,66353,53005,67493,69411,74376,136057,173582,58486,105731,1762940,840476,229411,119028,727609,34922,6504,241,148
2021-05-08T23:59:59+02:00,70,72,41539,42673,89694,103424,107464,134990,151482,198289,262382,285592,284816,318763,221361,281130,67284,122359,13401,12528,25383,32425,28454,45902,37429,66159,52665,67175,68446,73453,134989,172219,58439,105638,1750916,835868,228900,118284,727386,34144,6491,222,134
2021-05-07T23:59:59+02:00,68,71,40615,41956,87762,102086,104641,132781,146861,194483,256132,280087,283478,317164,221012,280673,67231,122236,12654,12045,24559,31688,27690,44842,36566,64896,51478,65664,66198,70767,132765,169399,58349,105460,1725148,826203,225691,116015,723264,27347,5537,220,132
2021-05-06T23:59:59+02:00,64,70,37970,40233,83015,98631,98647,128028,136675,185977,239684,265677,278354,311371,219727,278984,67056,121920,11967,11528,23621,30583,26694,43489,35210,62893,49740,63688,63710,67641,130652,166637,58235,105242,1659599,815105,215778,112906,712374,18977,4623,210,131
2021-05-05T23:59:59+02:00,62,67,36082,39038,79360,96048,94047,124382,128854,179447,224929,251638,272169,304233,218153,276994,66810,121397,11733,11253,23082,29858,26092,42567,34284,61494,48587,62275,61097,64533,127710,162938,58137,104992,1593403,802829,210704,109339,706337,14998,3549,210,127
2021-05-04T23:59:59+02:00,62,65,34978,37933,76639,93729,90546,121342,123292,174714,214311,241367,266681,297789,216712,275151,66601,120929,11571,11049,22677,29318,25634,41794,33567,60407,47478,61002,58378,61355,125346,160005,57987,104756,1544376,790956,205588,106703,700259,11852,2897,208,125
2021-05-03T23:59:59+02:00,61,63,34110,36878,74353,91914,87669,118993,118851,171069,207655,235366,263403,293924,215914,274069,66480,120634,11326,10776,22283,28740,25150,41094,32880,59441,46456,59863,55594,58018,121571,155114,57730,104319,1512631,775116,202477,104991,695330,9093,1239,206,123
2021-05-02T23:59:59+02:00,61,63,33758,36560,73178,91011,86201,117900,116425,169204,204559,232853,262445,292836,215630,273661,66414,120526,11254,10704,22094,28527,24920,40808,32538,59035,46004,59387,54405,56557,118507,151435,57646,104189,1502041,770102,199686,99435,691455,8191,369,205,119
2021-05-01T23:59:59+02:00,60,63,33441,36186,72417,90217,85130,116860,114958,167840,201477,229823,261755,292013,215420,273381,66403,120487,11240,10688,22041,28497,24860,40770,32476,58978,45921,59312,54163,56265,118348,151239,57637,104172,1486956,768794,199683,99395,691190,8142,363,204,119
2021-04-30T23:59:59+02:00,57,61,32898,35586,71210,88994,83670,115128,111180,164278,194079,222707,259764,289645,214972,272773,66343,120381,10919,10493,21680,28218,24584,40347,32151,58415,45458,58679,53266,55101,117396,150052,57582,104052,1454072,765116,199357,97404,690391,5799,164,201,116
2021-04-29T23:59:59+02:00,55,59,31398,34638,68289,86968,80035,112527,106075,160169,181265,211163,251833,280548,213775,271140,66207,120032,10613,10279,21204,27770,24154,39848,31566,57674,44649,57745,51432,52907,115548,147817,57482,103857,1399192,756286,192080,94723,685021,3483,143,192,114
2021-04-28T23:59:59+02:00,54,57,30163,34026,66422,85657,77555,110706,102649,157317,171581,201995,240977,267949,212496,269455,66010,119704,10428,10120,20906,27418,23790,39378,31142,57019,43922,56920,49308,50291,112968,144583,57359,103645,1346560,746742,188715,90174,679647,2259,113,185,110
2021-04-27T23:59:59+02:00,51,56,29404,33342,64846,84194,75547,108899,99894,154918,166859,197270,232474,258142,211348,267840,65890,119482,10303,10009,20625,27129,23554,39047,30782,56523,43238,56229,47303,47748,110329,141151,57242,103445,1312535,736937,186409,86164,671659,1540,112,180,105
2021-04-26T23:59:59+02:00,50,56,28975,32958,63744,83311,74046,107733,97609,153206,158243,189257,228287,253299,210641,266848,65798,119284,10208,9920,20410,26942,23318,38830,30486,56184,42618,55652,45497,45599,108435,138672,57146,103291,1283598,728970,184965,83067,664930,1160,108,176,103
2021-04-25T23:59:59+02:00,50,55,28724,32720,62969,82788,72984,106998,95881,151981,152859,184387,223954,248416,210051,266068,65732,119161,10153,9886,20332,26866,23232,38748,30377,56059,42458,55493,45085,45105,107754,137765,57118,103221,1270846,727312,178826,81305,656253,1029,105,175,101
2021-04-24T23:59:59+02:00,50,54,28382,32293,62030,81567,71799,105553,94335,150326,147958,179241,221167,245085,209581,265394,65698,119111,10138,9868,20291,26824,23180,38682,30296,55973,42309,55357,44841,44797,107504,137471,57097,103193,1245997,726227,178797,80605,654973,985,104,175,99
2021-04-23T23:59:59+02:00,48,54,27636,31668,60461,80058,70011,103534,91744,147685,143179,174849,216617,239539,208926,264405,65635,118996,10085,9805,20183,26737,23049,38532,30062,55766,41946,55027,44223,44040,106442,136185,56941,102918,1221132,722879,177617,78128,646434,933,103,172,96
2021-04-22T23:59:59+02:00,46,53,27021,31069,58924,78623,67547,101320,87623,144196,135146,167363,207583,228539,206888,261776,65437,118599,9960,9709,19933,26438,22694,38099,29546,55252,41191,54389,43056,42717,104451,133737,56712,102520,1179618,715405,170174,74190,638099,809,103,167,94
2021-04-21T23:59:59+02:00,46,51,26528,30547,57598,77521,65666,99689,84584,141560,127960,160552,194516,213205,204739,258888,65211,118173,9829,9623,19701,26190,22409,37774,29194,54802,40639,53859,42208,41699,102263,130953,56458,102109,1128156,708864,167291,70110,631726,737,103,161,93
2021-04-20T23:59:59+02:00,45,50,26103,30077,56440,76377,63990,98109,82038,138985,122880,155489,183041,199747,202315,255752,64974,117742,9726,9532,19482,26002,22116,37505,28783,54390,40100,53325,41392,40766,100045,127967,56121,101572,1085530,701318,163808,66859,624954,657,101,159,86
2021-04-19T23:59:59+02:00,45,49,25736,29720,55468,75557,62705,96931,79912,137059,119360,152108,177288,192904,200609,253518,64791,117409,9617,9439,19251,25782,21871,37231,28467,53998,39588,52796,40596,39857,96947,124002,55716,100860,1060986,690973,161978,64437,618347,619,100,153,86
2021-04-18T23:59:59+02:00,44,44,25428,29460,54699,75012,61583,95986,78060,135635,115995,149714,172182,187349,199599,252290,64678,117215,9543,9364,19062,25608,21694,37065,28249,53721,39328,52545,40267,39469,95731,122455,55534,100561,1047009,687098,160308,62505,607791,604,100,152,85
2021-04-17T23:59:59+02:00,43,43,25319,29368,54328,74817,61067,95634,77406,135036,115149,148973,167930,182464,199064,251564,64644,117150,9498,9305,18924,25420,21505,36835,28022,53446,39063,52277,39968,39147,94967,121527,55469,100477,1036127,683078,160280,62191,603726,592,100,152,85
2021-04-16T23:59:59+02:00,43,43,24945,29120,53340,74209,59782,94755,75781,133705,111001,144829,160291,173691,197408,249359,64535,116941,9290,9130,18530,24990,20924,36259,26910,52542,37038,50672,36648,36212,91778,118004,55066,99822,1010214,667998,159489,55271,594207,557,100,151,83
2021-04-15T23:59:59+02:00,39,39,24470,28668,52089,73040,57821,93026,72511,130861,105532,139549,152426,164710,192754,243486,64238,116322,9116,8967,18161,24565,20431,35600,26232,51748,35644,49440,34532,34170,88663,114268,54558,98965,977997,654889,157436,49678,576278,506,99,149,81
2021-04-14T23:59:59+02:00,37,35,24129,28343,51152,72102,56483,91640,70124,128704,101543,135781,143228,154327,185015,233604,63897,115654,8710,8694,17687,24059,19895,34955,25318,50869,34354,48317,32489,32013,85683,110621,54068,98104,940135,639995,154764,45449,561030,407,98,144,80
2021-04-13T23:59:59+02:00,37,35,23892,28126,50454,71567,55539,90815,68489,127294,97815,132347,131398,141207,178625,225275,63559,115066,8475,8522,17341,23652,19474,34419,24654,50075,33287,47301,31106,30652,83527,108239,53711,97560,906893,630671,150248,41056,544530,284,98,142,78
2021-04-12T23:59:59+02:00,36,34,23683,27938,49899,71057,54674,90082,67020,126004,95183,130022,124286,133171,175398,221326,63288,114575,8238,8336,16978,23356,19103,33984,24182,49538,32619,46675,29579,29113,81866,106299,53385,97039,890479,622237,148706,37799,528623,270,96,139,76
2021-04-11T23:59:59+02:00,35,34,23509,27778,49375,70634,53944,89628,65876,125200,93326,128545,118804,127158,171479,216721,63118,114277,8104,8202,16682,23077,18785,33675,23825,49158,32171,46288,28942,28447,80845,105053,53176,96720,883010,616948,144294,35971,512272,252,92,137,73
2021-04-10T23:59:59+02:00,35,34,23448,27721,49208,70499,53744,89470,65549,124930,92802,128109,116721,124631,170039,214870,63076,114177,7517,7598,15792,22291,17826,32835,22704,48126,31061,45291,28279,27735,78750,102446,52909,96284,876019,601627,143439,35591,509743,247,87,137,73
2021-04-09T23:59:59+02:00,34,34,23201,27471,48708,70008,53104,88787,64552,123807,90977,126200,107894,113691,166656,210462,62878,113821,6558,6698,14264,20968,16105,31275,20563,46162,28855,43282,26501,25910,75249,98271,52364,95445,856607,574179,136383,34077,499438,235,79,132,69
2021-04-08T23:59:59+02:00,34,34,22905,27225,48128,69517,52349,88087,63244,122724,88559,124031,97584,101700,161117,203618,62552,113257,5915,6111,13077,19949,14847,29936,18924,44443,26355,40948,23477,22941,70599,92500,51223,93695,837950,542625,127483,32136,481386,205,69,130,69
2021-04-07T23:59:59+02:00,32,33,22593,27000,47325,69060,51422,87475,61854,121744,85416,121591,88398,91406,154113,194832,62258,112697,5535,5790,12417,19276,14029,29108,17881,43391,24445,39051,20941,20416,66641,87736,50227,92080,817562,519164,121886,29653,459961,175,62,126,68
2021-04-06T23:59:59+02:00,31,33,22382,26839,46797,68679,50831,86952,60821,120967,83306,119847,80636,82599,147751,186873,61915,112069,5341,5631,12066,18919,13676,28675,17346,42828,23582,38242,19814,19384,63481,83640,49304,90698,798295,505791,118672,26708,442525,164,57,122,65
2021-04-05T23:59:59+02:00,31,32,22283,26714,46486,68334,50445,86554,60276,120276,82126,118697,76159,77503,142746,180772,61714,111753,5202,5492,11805,18667,13382,28363,17022,42456,23137,37781,19350,18914,60598,80087,48605,89631,788862,496456,116920,23914,427284,159,54,120,65
2021-04-04T23:59:59+02:00,31,32,22235,26655,46365,68066,50275,86239,59995,119773,81617,118065,74717,75797,142042,179799,61677,111671,5198,5485,11787,18654,13371,28347,17003,42439,23039,37709,18943,18591,59161,78240,48399,89320,786325,491664,116813,23912,422085,152,50,117,63
2021-04-03T23:59:59+02:00,31,32,22173,26574,46242,67958,50112,86064,59679,119461,81049,117485,73372,74161,140925,178263,61594,111522,5189,5476,11774,18636,13348,28327,16969,42392,22933,37635,18807,18440,58811,77678,48310,89174,779961,489878,116771,23912,420137,152,49,116,63
2021-04-02T23:59:59+02:00,31,32,22095,26491,46082,67792,49893,85816,59209,119011,80171,116673,71817,72277,138645,175283,61397,111163,5170,5439,11726,18593,13293,28245,16880,42244,22659,37157,18449,18077,56470,74796,47497,88073,770848,481395,114996,23268,418209,152,45,114,61
2021-04-01T23:59:59+02:00,28,30,21900,26287,45666,67271,49247,85073,58333,118071,78289,115002,68554,68846,134563,170108,61080,110596,5023,5295,11454,18329,13070,28009,16557,41935,22155,36714,17631,17332,51623,68762,45818,85617,759210,463339,108899,21897,411013,139,40,111,60
2021-03-31T23:59:59+02:00,28,30,21573,26069,45264,66748,48753,84425,57604,117134,77130,113760,66508,66527,129804,163996,60678,109873,4945,5244,11356,18210,12910,27859,16316,41665,21560,36203,16501,16429,46408,62344,44438,83634,749457,444997,101736,20949,404896,135,35,108,56
2021-03-30T23:59:59+02:00,28,29,21395,25846,44864,66129,48248,83628,56893,116082,75991,112382,64666,64504,125424,158244,60210,108974,4878,5159,11252,18084,12718,27670,15990,41342,20985,35654,15668,15626,43653,58934,43322,81839,739263,433143,97515,19586,396951,106,31,103,55
2021-03-29T23:59:59+02:00,27,29,21197,25608,44403,65580,47772,82937,56157,115008,74762,110948,62176,61757,118683,149603,59440,107581,4781,5086,11147,17970,12564,27504,15743,41019,20527,35185,15016,15084,41064,55950,42214,80017,718727,421936,94090,18907,391044,91,29,102,54
2021-03-28T23:59:59+02:00,27,29,20991,25319,43904,64894,47255,82196,55477,114001,73821,109841,60915,60323,113977,143627,58996,106824,4726,5027,11001,17824,12305,27205,15552,40772,20360,34952,14777,14840,39983,54529,41866,79478,712192,417612,86776,17580,383642,71,29,101,51
2021-03-27T23:59:59+01:00,27,29,20871,25162,43612,64528,46890,81667,54977,113312,73148,109103,59758,59237,112491,141918,58929,106744,4713,5015,10974,17805,12287,27175,15191,40343,19960,34516,14484,14628,39496,53840,41391,78660,706913,413553,86074,16925,379606,66,29,101,51
2021-03-26T23:59:59+01:00,27,28,20619,24648,42807,62824,45921,79642,53638,110290,71130,105489,57743,57352,109738,138676,58602,106228,4694,4982,10950,17753,12217,27083,15113,40233,19619,33920,14015,13976,36423,50000,39334,75414,695512,399033,82753,16706,367326,53,26,100,51
2021-03-25T23:59:59+01:00,27,26,20187,23975,41934,61059,44825,77091,52125,106764,68740,101725,55149,54716,106427,134706,58031,105237,4648,4927,10859,17650,12095,26937,14929,40014,19342,33613,13540,13485,32573,44951,36338,70880,684089,380690,78559,16108,350287,48,23,98,51
2021-03-24T23:59:59+01:00,27,26,19785,23528,41150,59789,43809,75554,50747,104839,66642,99395,52366,51803,102172,129607,57392,104160,4593,4861,10766,17507,11927,26734,14697,39730,18974,33194,13082,13031,30003,41739,33224,66043,671285,365128,73685,15007,338016,41,18,97,50
2021-03-23T23:59:59+01:00,27,26,19537,23226,40591,58875,43086,74463,49711,103326,64982,97536,50075,49457,99415,126395,56832,103320,4534,4791,10667,17382,11781,26550,14451,39417,18556,32807,12579,12524,27568,38643,29556,60149,663158,347567,70344,14418,327575,40,17,94,50
2021-03-22T23:59:59+01:00,27,26,19314,22812,39951,57993,42420,73423,48766,101939,63507,95903,48240,47571,97015,123649,56361,102549,4476,4744,10580,17266,11650,26372,14292,39176,18315,32505,12267,12150,25731,36290,25598,53766,656852,331342,67537,13865,317275,37,17,91,49
2021-03-21T23:59:59+01:00,27,26,19176,22553,39459,57240,41871,72578,48112,100783,62563,94668,47191,46546,95368,121798,55991,101970,4461,4735,10544,17218,11603,26286,14232,39086,18233,32406,12147,12018,25302,35842,25244,53208,654277,329145,65509,13451,308329,37,16,89,47
2021-03-20T23:59:59+01:00,26,26,19116,22408,39248,56745,41630,72017,47801,100146,62123,94064,46536,45780,92769,118567,55703,101483,4452,4727,10535,17206,11575,26269,14189,39049,18151,32331,11988,11857,24661,35067,24482,52122,647808,325430,65060,13262,303513,37,16,89,47
2021-03-19T23:59:59+01:00,25,25,18762,21843,38115,54620,40349,70023,46064,98059,59239,91304,42090,41905,87550,112803,55001,100403,4431,4713,10502,17155,11510,26157,14097,38879,17916,32032,11634,11574,22993,33007,22798,49562,630043,316096,57847,12900,290484,31,16,83,47
2021-03-18T23:59:59+01:00,25,24,18367,21195,36938,52465,38809,67232,43907,93587,55393,85507,38055,38103,82818,107317,53913,98743,4411,4685,10436,17052,11432,26002,13948,38692,17700,31829,11402,11391,21746,31493,21085,46963,613099,308017,52102,12288,267385,28,16,83,46
2021-03-17T23:59:59+01:00,25,23,17945,20842,36213,51546,38043,66278,42826,92235,53604,83679,35380,35316,78794,102492,52969,97270,4388,4659,10374,16957,11359,25868,13835,38503,17501,31636,11164,11166,20504,30080,19495,44563,596436,300511,47697,11579,261529,25,16,82,46
2021-03-16T23:59:59+01:00,24,23,17588,20423,35467,50476,37230,65082,41728,90558,51764,81690,33175,33296,74761,97546,52088,95956,4338,4610,10301,16829,11268,25716,13736,38266,17368,31393,10994,10987,19220,28559,18014,42237,583174,292730,43007,11145,252875,25,12,80,46
2021-03-15T23:59:59+01:00,24,23,17308,20059,34757,49497,36438,63892,40823,89078,50504,80089,31451,31455,71479,93452,51391,94823,4316,4575,10234,16706,11201,25515,13620,37978,17219,31121,10828,10829,18487,27593,16755,40375,572046,286905,39682,10496,245002,25,1,78,46
2021-03-14T23:59:59+01:00,24,22,17039,19632,33901,48286,35538,62572,39765,87252,49248,78359,30284,30220,69484,90889,50946,94147,4292,4556,10189,16629,11144,25372,13560,37756,17128,30957,10756,10743,18307,27312,16493,39814,564933,285704,37803,9363,235059,16,0,74,46
2021-03-13T23:59:59+01:00,24,22,16225,18568,32402,46250,33961,60435,37725,84176,47114,75805,28929,28866,67469,88264,50677,93756,4292,4556,10187,16623,11141,25365,13551,37750,17122,30948,10719,10711,17558,26426,15447,38362,548575,281453,37518,9362,224746,16,0,74,46
2021-03-12T23:59:59+01:00,23,22,15124,17191,29958,43601,31295,57294,34861,79321,43901,71340,26090,25674,63161,82960,49695,92351,4279,4523,10168,16561,11123,25314,13505,37632,17031,30817,10442,10484,16672,25178,14375,36838,520536,275648,36206,9351,207280,13,0,72,45
2021-03-11T23:59:59+01:00,22,22,14082,15731,27707,40906,28975,54104,32272,74928,40144,66443,22685,22195,57143,75638,47761,89510,4238,4483,10088,16442,11012,25089,13387,37321,16865,30513,10137,10271,16036,24336,13707,35563,488464,271641,34614,7910,187332,10,0,71,42
2021-03-10T23:59:59+01:00,22,22,13487,15033,26297,39289,27320,52283,30706,72610,37623,63315,19935,19641,51224,68493,46209,87171,4203,4439,9988,16275,10894,24840,13238,36901,16666,30140,9900,10088,15293,23563,13048,34537,462030,266909,32566,7166,176224,8,0,69,42
2021-03-09T23:59:59+01:00,21,21,13205,14565,25173,38247,25902,51096,29642,70955,36244,61480,18751,18516,47712,64052,45084,85382,4179,4413,9903,16108,10790,24580,13085,36583,16490,29903,9775,9986,14627,22726,12552,33763,448420,263193,30035,6333,167720,8,0,69,40
2021-03-08T23:59:59+01:00,20,21,12874,13957,24091,37137,24628,49958,28706,69471,35010,59861,17671,17635,43589,59062,43856,83398,4164,4377,9842,15910,10688,24319,12952,36225,16361,29638,9691,9902,14133,22121,12238,33324,432947,260011,28029,5942,160093,3,0,68,39
2021-03-07T23:59:59+01:00,20,21,12641,13664,23497,36287,23929,49082,28104,68600,34401,59102,17409,17384,42520,57611,43489,82834,4152,4364,9820,15868,10661,24246,12920,36055,16304,29524,9669,9873,13935,21867,12102,33122,428181,258951,26214,5602,156321,0,0,67,38
2021-03-06T23:59:59+01:00,20,20,12528,13372,23095,35553,23398,48295,27055,67072,33301,57338,17022,17055,41874,56721,43188,82365,4149,4350,9809,15842,10643,24212,12910,36013,16286,29493,9651,9832,13888,21829,11999,32911,424114,258571,26150,5318,149127,0,0,67,37
2021-03-05T23:59:59+01:00,20,20,12115,12770,22413,34350,22715,47064,26300,65441,32065,54918,16375,16220,38412,52413,41031,78919,4122,4303,9739,15742,10591,24064,12842,35817,16199,29286,9555,9762,13702,21614,11628,32300,408914,256870,24698,4469,140061,0,0,67,35
2021-03-04T23:59:59+01:00,18,20,11355,11761,21225,32622,21496,45015,24943,62789,30370,52561,15644,15501,34406,47244,37950,74231,4073,4212,9626,15450,10487,23706,12709,35284,16054,28885,9377,9608,13544,21403,11543,32155,390464,253814,22621,4376,126175,0,0,67,32
2021-03-03T23:59:59+01:00,16,20,11046,11265,20536,31401,20722,43651,24034,61037,29325,50919,15167,14998,31793,43921,34864,69461,4033,4149,9545,15280,10408,23454,12603,34862,15876,28539,9193,9481,13418,21188,11397,31885,375015,251176,21826,4211,117445,0,0,62,30
2021-03-02T23:59:59+01:00,16,20,10784,10840,19890,30431,20007,42631,23249,59649,28353,49643,14540,14351,29114,40547,30978,63240,3985,4078,9483,15114,10339,23189,12499,34429,15775,28232,9067,9379,13280,21000,11320,31740,356817,248773,20315,4210,111255,0,0,61,30
2021-03-01T23:59:59+01:00,14,19,10613,10580,19378,29627,19444,41747,22660,58578,27637,48521,14125,13897,27042,37956,26720,56350,3969,4028,9428,14959,10276,22890,12418,34053,15669,27909,8985,9319,13097,20730,11204,31557,339589,246354,19201,4210,106218,0,0,61,30
2021-02-28T23:59:59+01:00,13,19,10445,10379,18909,28978,18909,41009,22181,57725,27149,47727,13917,13655,26433,37296,26313,55748,3953,4014,9403,14926,10257,22839,12401,33983,15642,27863,8958,9295,12965,20551,11141,31407,337128,245498,18341,4174,101434,0,0,61,29
2021-02-27T23:59:59+01:00,13,18,10266,9864,18581,28110,18650,40222,21896,56740,26820,46933,13641,13354,25763,36490,25390,54328,3941,4002,9382,14905,10225,22791,12362,33901,15597,27789,8936,9279,12946,20529,11120,31387,333210,245141,17618,4025,96347,0,0,61,29
2021-02-26T23:59:59+01:00,12,17,9469,9078,17678,26666,17866,38013,20966,53886,25360,44109,13174,12952,24174,34501,23863,52022,3860,3934,9304,14744,10151,22535,12280,33535,15480,27494,8856,9198,12879,20461,11079,31318,324086,243232,17364,3951,82447,0,0,61,27
2021-02-25T23:59:59+01:00,12,17,8310,8225,16356,25060,16596,35749,19730,50996,23649,41324,12700,12552,22894,32909,22365,49736,3738,3790,9142,14431,9930,21930,12024,32683,15153,26839,8659,9046,12617,20135,10939,31049,316459,239088,16594,3094,66213,0,0,60,25
2021-02-24T23:59:59+01:00,11,16,7945,7701,15700,24024,15966,34511,19016,49479,22856,40124,12303,12216,21586,31409,20684,47109,3666,3723,9002,14139,9753,21475,11821,32057,14890,26301,8518,8909,12474,19962,10874,30838,308204,236314,15628,2162,58907,0,0,60,25
2021-02-23T23:59:59+01:00,11,16,7462,7224,14882,22846,15281,33290,18295,48069,22138,39055,11996,11891,20246,29832,19070,44551,3625,3647,8882,13937,9615,21077,11632,31479,14590,25799,8347,8767,12346,19751,10804,30606,300085,233480,14828,1498,51322,0,0,59,24
2021-02-22T23:59:59+01:00,10,14,7355,7018,14497,22228,14930,32562,17829,47061,21644,38323,11797,11641,19497,28823,17754,42597,3595,3545,8745,13645,9451,20575,11377,30737,14215,25201,8099,8573,12146,19498,10698,30303,294212,230165,14219,311,47229,0,0,57,24
2021-02-21T23:59:59+01:00,10,14,7265,6893,14174,21782,14509,31979,17413,46409,21205,37829,11690,11539,19334,28610,17507,42262,3556,3505,8661,13522,9375,20359,11306,30445,14094,24932,8037,8511,12090,19391,10627,30140,293068,228325,13847,297,43587,0,0,55,24
2021-02-20T23:59:59+01:00,10,14,7148,6843,14049,21702,14393,31844,17294,46259,21047,37648,11591,11455,18551,27692,16449,40792,3554,3499,8651,13514,9365,20338,11292,30420,14081,24921,8032,8502,12025,19327,10573,30072,288810,227942,13650,296,42396,0,0,55,23
2021-02-19T23:59:59+01:00,8,13,6846,6591,13695,21263,14022,31175,16820,45461,20340,36778,10989,11054,17504,26361,15290,39182,3474,3476,8575,13486,9322,20281,11254,30329,14022,24827,7989,8441,11804,19056,10380,29741,282421,226236,13275,294,37770,0,0,52,22
2021-02-18T23:59:59+01:00,8,13,6449,6116,13068,20119,13382,29801,16004,43589,19467,35199,10758,10835,16912,25606,14713,38299,3288,3339,8240,12946,9028,19531,10902,29286,13653,23999,7784,8132,11217,18103,9883,28591,278844,217701,12693,294,28873,0,0,52,21
2021-02-17T23:59:59+01:00,8,12,6283,5773,12622,19238,12892,28611,15303,41867,18820,33872,10529,10583,16155,24792,13936,37110,3039,3179,7900,12430,8727,18740,10532,28241,13261,23148,7549,7897,10660,17250,9445,27772,274177,209547,11961,292,22334,0,0,52,21
2021-02-16T23:59:59+01:00,8,12,5957,5472,12083,18403,12388,27535,14758,40487,18227,32837,10375,10479,15485,23961,13427,36321,2856,3059,7598,11978,8422,18016,10136,27151,12796,22250,7279,7602,9941,16076,8718,26222,270640,200031,11465,136,16176,0,0,50,21
2021-02-15T23:59:59+01:00,8,12,5851,5291,11787,17759,12121,26752,14410,39493,17878,32067,10248,10368,14924,23305,13066,35782,2766,2978,7405,11655,8203,17509,9834,26305,12446,21566,6998,7316,9240,15018,8203,24940,267535,192360,10862,90,12793,0,0,48,20
2021-02-14T23:59:59+01:00,8,12,5581,5176,11537,17488,11897,26316,14176,39046,17687,31790,10203,10317,14690,22965,12901,35389,2716,2940,7291,11490,8074,17303,9658,25973,12267,21264,6902,7192,9018,14634,8015,24404,266531,189120,9926,88,10791,0,0,46,20
2021-02-13T23:59:59+01:00,8,12,5521,5138,11487,17451,11866,26284,14148,39014,17667,31771,10189,10289,14663,22933,12889,35371,2712,2937,7286,11483,8062,17281,9642,25937,12240,21221,6872,7158,8864,14421,7663,23778,266286,187615,9925,9,10560,0,0,45,19
2021-02-12T23:59:59+01:00,8,11,5004,4820,10916,17087,11548,25732,13829,38370,17337,31127,10078,10181,14479,22719,12809,35262,2662,2904,7192,11325,7961,17050,9492,25544,12023,20775,6690,6925,8502,13859,7070,22438,264589,182472,9914,7,6883,0,0,44,19
2021-02-11T23:59:59+01:00,8,10,4542,4519,10328,16407,11135,24926,13349,37106,16847,30268,9762,9918,14197,22270,12529,34576,2494,2630,6592,10132,7273,15313,8630,22927,10971,18692,6035,6209,7455,12238,6254,20117,261358,164022,8271,4,3139,0,0,40,16
2021-02-10T23:59:59+01:00,8,10,4296,4351,9993,15954,10825,24385,13037,36221,16431,29518,9548,9780,14015,22065,12437,34369,2132,2337,5654,8669,6466,13269,7639,20011,9844,16655,5488,5623,6468,10575,5478,18057,258705,144429,7772,3,837,0,0,38,4
2021-02-09T23:59:59+01:00,8,9,4232,4253,9870,15686,10715,23983,12864,35601,16219,29044,9369,9642,13820,21855,12295,34147,1736,1982,4873,7400,5693,11476,6720,17496,8755,14659,4909,4993,5418,9022,4747,15959,256257,125898,6994,1,432,0,0,37,4
2021-02-08T23:59:59+01:00,8,9,4198,4198,9776,15474,10607,23623,12745,35140,16078,28686,9277,9575,13618,21570,12186,33954,1571,1787,4315,6403,5031,9900,5898,14968,7733,12802,4349,4460,4428,7434,3984,13879,253884,108997,6480,1,426,0,0,37,4
2021-02-07T23:59:59+01:00,8,9,4033,4131,9619,15338,10505,23459,12666,34877,15966,28492,9236,9530,13472,21386,12112,33811,1356,1540,3895,5730,4615,9021,5472,13808,7246,11843,4093,4199,4198,7040,3824,13283,252785,101216,5934,1,0,0,0,34,3
2021-02-06T23:59:59+01:00,8,9,4024,4122,9608,15322,10492,23423,12644,34827,15949,28435,9216,9516,13454,21351,12007,33613,1204,1344,3662,5423,4429,8596,5252,13218,6966,11285,3956,4062,4072,6891,3545,12825,252440,96781,5649,1,0,0,0,34,2
2021-02-05T23:59:59+01:00,8,8,3951,4054,9536,15179,10425,23172,12559,34457,15834,28154,9132,9442,13381,21276,11657,33016,1063,1115,3381,4978,4169,8016,4935,12437,6580,10556,3695,3815,3909,6660,3039,11934,250552,90330,4756,0,0,0,0,34,2
2021-02-04T23:59:59+01:00,8,8,3893,3930,9415,14862,10248,22624,12370,33661,15618,27592,9009,9332,13155,20983,11542,32812,799,782,2556,3725,3234,6272,3982,9888,5254,8341,3013,3102,3290,5682,2651,10445,246600,73051,4531,0,0,0,0,32,2
2021-02-03T23:59:59+01:00,8,8,3824,3858,9312,14639,10144,22288,12238,33153,15468,27174,8900,9217,13013,20806,11467,32645,663,614,1928,2810,2500,4843,3009,7592,4020,6290,2200,2235,2403,4211,1924,7828,243872,55099,4359,0,0,0,0,32,2
2021-02-02T23:59:59+01:00,8,8,3756,3763,9212,14446,10045,21907,12096,32588,15266,26721,8775,9103,12890,20595,11385,32381,527,486,1458,2075,1911,3643,2262,5774,2999,4701,1557,1537,1640,2774,1338,5209,240655,39911,4357,0,0,0,0,32,2
2021-02-01T23:59:59+01:00,7,8,3716,3673,9133,14216,9939,21522,11957,31952,15081,26217,8655,8956,12782,20452,11334,32205,392,352,1015,1432,1261,2426,1475,3781,1863,2978,986,980,971,1695,769,3022,237517,25407,4357,0,0,0,0,30,2
2021-01-31T23:59:59+01:00,7,8,3698,3638,9079,14108,9870,21318,11891,31655,14977,26020,8599,8897,12731,20341,11289,32076,362,331,893,1242,1071,2053,1273,3229,1630,2610,888,888,868,1511,698,2716,236028,22270,4242,0,0,0,0,29,2
2021-01-30T23:59:59+01:00,7,8,3697,3635,9069,14095,9856,21295,11878,31635,14965,26006,8595,8892,12662,20272,11222,31999,346,307,833,1158,1014,1929,1209,3039,1555,2473,860,862,849,1471,683,2663,235707,21257,4149,0,0,0,0,29,2
2021-01-29T23:59:59+01:00,7,8,3637,3620,9008,14065,9827,21243,11846,31560,14917,25938,8571,8869,12475,20047,11042,31756,279,224,712,985,870,1569,1054,2649,1344,2148,770,770,800,1416,665,2610,234487,18869,4020,0,0,0,0,26,2
2021-01-28T23:59:59+01:00,7,8,3519,3534,8803,13679,9607,20730,11614,30979,14590,25440,8434,8767,12038,19426,10686,31175,132,57,293,360,378,611,462,1149,612,964,407,426,469,815,382,1580,229698,9100,3411,0,0,0,0,24,1
2021-01-27T23:59:59+01:00,7,8,3288,3399,8510,13263,9306,20106,11231,30144,14203,24704,8217,8556,11487,18619,10261,30411,80,33,202,222,244,415,307,802,433,662,309,312,349,608,287,1158,222987,6425,2800,0,0,0,0,24,1
2021-01-26T23:59:59+01:00,6,8,3122,3301,8228,12925,9043,19536,10926,29387,13806,24071,7981,8334,10909,17703,9613,29259,75,29,187,212,228,381,291,750,402,601,294,286,322,545,260,1028,216267,5893,1957,0,0,0,0,24,1
2021-01-25T23:59:59+01:00,6,8,3034,3207,7945,12443,8753,18830,10540,28385,13325,23307,7699,8133,10290,16886,9157,28358,67,21,167,191,194,325,252,630,350,496,257,241,268,467,211,840,209962,4979,410,0,0,0,0,22,1
2021-01-24T23:59:59+01:00,6,8,2990,3186,7860,12365,8679,18705,10431,28225,13196,23124,7656,8097,10225,16774,9109,28262,66,20,163,187,192,311,249,609,341,482,248,237,266,460,207,825,208656,4865,307,0,0,0,0,22,1
2021-01-23T23:59:59+01:00,6,8,2989,3185,7859,12362,8675,18695,10429,28211,13190,23119,7649,8094,10101,16608,8781,27675,65,20,163,187,191,310,247,609,339,482,248,237,266,460,207,823,207397,4856,305,0,0,0,0,21,1
2021-01-22T23:59:59+01:00,6,8,2927,3139,7735,12249,8592,18553,10319,28040,13109,23004,7618,8059,9903,16305,8262,26651,65,20,162,187,191,310,247,609,338,482,248,237,266,460,207,823,204244,4854,304,0,0,0,0,18,1
2021-01-21T23:59:59+01:00,6,8,2845,2969,7236,11335,8107,17406,9783,26412,12502,21787,7335,7734,9267,15359,7744,25601,59,18,147,173,174,279,221,533,301,442,222,210,235,380,177,691,193199,4264,304,0,0,0,0,16,1
2021-01-20T23:59:59+01:00,6,8,2486,2622,6355,9923,7360,15450,8829,23582,11391,19714,6733,7082,8170,13591,6929,23379,57,18,146,168,171,277,213,519,289,420,210,203,229,355,163,653,173368,4093,301,0,0,0,0,16,1
2021-01-19T23:59:59+01:00,6,8,2046,2267,5455,8535,6500,13558,7808,20796,10123,17480,5977,6201,6785,11405,5907,20326,41,11,97,124,115,172,150,356,190,292,133,115,141,237,114,486,151013,2774,220,0,0,0,0,16,1
2021-01-18T23:59:59+01:00,5,8,1773,1977,4699,7151,5545,11318,6609,17198,8694,14764,5093,5318,5399,9152,4834,16844,22,6,38,46,52,80,66,162,76,146,59,54,66,131,62,220,126331,1286,96,0,0,0,0,16,1
2021-01-17T23:59:59+01:00,4,8,1499,1687,4186,6356,5036,10187,6072,15628,8052,13499,4753,4968,5025,8478,4505,15835,8,2,8,15,15,29,20,51,29,56,23,23,20,31,13,47,115727,389,91,0,0,0,0,15,1
2021-01-16T23:59:59+01:00,4,7,1332,1484,3969,6035,4856,9747,5813,14963,7722,12806,4563,4740,4812,8202,4150,15231,0,0,0,1,1,3,1,1,2,2,0,1,1,0,0,1,110466,13,8,0,0,0,0,14,1
2021-01-15T23:59:59+01:00,4,7,1181,1258,3715,5613,4602,9182,5522,14122,7314,12007,4271,4446,4625,7894,3614,14184,0,0,0,0,0,0,0,0,1,0,0,0,0,0,0,0,103592,0,4,0,0,0,0,14,1
2021-01-14T23:59:59+01:00,3,4,907,945,2969,4424,3737,7365,4578,11374,5918,9659,3469,3576,3884,6665,3127,12365,0,0,0,0,0,0,0,0,1,0,0,0,0,0,0,0,84993,0,0,0,0,0,0,14,1
2021-01-13T23:59:59+01:00,3,3,772,791,2496,3692,3153,6141,3805,9432,4824,7781,2596,2663,2935,5082,2394,9459,0,0,0,0,0,0,0,0,1,0,0,0,0,0,0,0,68041,0,0,0,0,0,0,13,1
2021-01-12T23:59:59+01:00,2,3,640,660,2089,3028,2596,4989,3046,7592,3804,6113,1864,1842,2007,3445,1695,6461,0,0,0,0,0,0,0,0,1,0,0,0,0,0,0,0,51902,0,0,0,0,0,0,1,1
2021-01-11T23:59:59+01:00,1,1,496,524,1741,2451,2083,3987,2359,5769,2824,4432,1199,1140,1203,2023,934,3678,0,0,0,0,0,0,0,0,1,0,0,0,0,0,0,0,36866,0,0,0,0,0,0,1,1
2021-01-10T23:59:59+01:00,1,1,439,455,1480,2026,1743,3264,1950,4784,2348,3714,1057,1015,1058,1776,833,3225,0,0,0,0,0,0,0,0,1,0,0,0,0,0,0,0,31181,0,0,0,0,0,0,1,1
2021-01-09T23:59:59+01:00,1,1,408,410,1356,1849,1598,2974,1796,4335,2163,3383,982,944,999,1722,815,3182,0,0,0,0,0,0,0,0,1,0,0,0,0,0,0,0,28928,0,0,0,0,0,0,1,1
2021-01-08T23:59:59+01:00,1,1,311,281,1107,1505,1320,2305,1477,3555,1793,2766,848,836,911,1599,767,3027,0,0,0,0,0,0,0,0,1,0,0,0,0,0,0,0,24418,0,0,0,0,0,0,1,1
2021-01-07T23:59:59+01:00,1,0,146,76,398,507,481,789,596,1370,783,1206,467,483,562,963,466,1912,0,0,0,0,0,0,0,0,1,0,0,0,0,0,0,0,11209,0,0,0,0,0,0,0,1
2021-01-06T23:59:59+01:00,1,0,111,44,268,285,308,513,400,928,533,826,359,363,425,749,359,1445,0,0,0,0,0,0,0,0,1,0,0,0,0,0,0,0,7920,0,0,0,0,0,0,0,1
2021-01-05T23:59:59+01:00,1,0,87,31,189,230,241,427,321,818,450,704,343,347,408,716,352,1391,0,0,0,0,0,0,0,0,1,0,0,0,0,0,0,0,7059,0,0,0,0,0,0,0,1
2021-01-04T23:59:59+01:00,1,0,69,25,172,193,199,334,257,635,356,512,268,254,288,518,235,933,0,0,0,0,0,0,0,0,1,0,0,0,0,0,0,0,5251,0,0,0,0,0,0,0,1
2021-01-03T23:59:59+01:00,1,0,67,21,166,188,194,319,255,620,346,495,260,252,284,505,233,916,0,0,0,0,0,0,0,0,1,0,0,0,0,0,0,0,5124,0,0,0,0,0,0,0,1
2021-01-02T23:59:59+01:00,1,0,67,21,166,188,194,319,252,620,343,495,260,252,284,505,233,915,0,0,0,0,0,0,0,0,1,0,0,0,0,0,0,0,5117,0,0,0,0,0,0,0,1
2021-01-01T23:59:59+01:00,1,0,66,21,165,188,194,318,251,620,340,493,260,252,284,504,233,915,0,0,0,0,0,0,0,0,1,0,0,0,0,0,0,0,5107,0,0,0,0,0,0,0,1
2020-12-31T23:59:59+01:00,1,0,66,21,165,186,194,317,250,619,339,492,260,252,284,504,233,915,0,0,0,0,0,0,0,0,1,0,0,0,0,0,0,0,5100,0,0,0,0,0,0,0,1
2020-12-30T23:59:59+01:00,1,0,65,21,165,185,192,314,250,617,339,490,260,252,284,504,232,915,0,0,0,0,0,0,0,0,1,0,0,0,0,0,0,0,5088,0,0,0,0,0,0,0,1
2020-12-29T23:59:59+01:00,1,0,46,12,117,140,143,212,182,443,239,376,179,164,196,375,171,715,0,0,0,0,0,0,0,0,1,0,0,0,0,0,0,0,3712,0,0,0,0,0,0,0,1
2020-12-28T23:59:59+01:00,1,0,25,8,64,77,80,122,101,252,119,231,98,93,103,200,103,388,0,0,0,0,0,0,0,0,1,0,0,0,0,0,0,0,2066,0,0,0,0,0,0,0,1
2020-12-27T23:59:59+01:00,0,0,12,3,17,26,36,47,36,89,38,94,32,29,40,73,32,145,0,0,0,0,0,0,0,0,0,0,0,0,0,0,0,0,749,0,0,0,0,0,0,0,0
