Datum,<15_1_m,<15_1_w,15-24_1_m,15-24_1_w,25-34_1_m,25-34_1_w,35-44_1_m,35-44_1_w,45-54_1_m,45-54_1_w,55-64_1_m,55-64_1_w,65-74_1_m,65-74_1_w,75-84_1_m,75-84_1_w,>84_1_m,>84_1_w,<15_2_m,<15_2_w,15-24_2_m,15-24_2_w,25-34_2_m,25-34_2_w,35-44_2_m,35-44_2_w,45-54_2_m,45-54_2_w,55-64_2_m,55-64_2_w,65-74_2_m,65-74_2_w,75-84_2_m,75-84_2_w,>84_2_m,>84_2_w,bp_1,bp_2,mo_1,mo_2,az_1,az_2,ja,unb_1,unb_2
2021-12-01T23:59:59+01:00,87966,82749,357866,335434,463738,425784,463235,449526,514840,519177,550893,548560,364644,407805,251889,324318,74321,137139,49936,47358,308270,293239,415302,378332,422892,409559,479439,483167,523679,521172,352948,393746,245080,314285,71440,130880,4668071,4216390,543875,518599,810264,767133,339403,872,905
2021-11-30T23:59:59+01:00,85558,80525,357282,334908,463041,424953,462679,448854,514373,518675,550431,548013,364322,407437,251732,324071,74253,137001,49505,46929,307047,292196,413934,377069,421844,408540,478442,482300,522951,520476,352654,393435,244945,314102,71416,130813,4656826,4204636,543407,518290,810261,767131,339342,872,905
2021-11-29T23:59:59+01:00,82626,77847,356725,334443,462423,424242,462184,448290,513986,518173,550049,547570,364076,407105,251636,323854,74197,136861,49127,46525,305734,291132,412453,375836,420669,407603,477458,481437,522218,519797,352389,393148,244811,313886,71393,130737,4645413,4192836,543056,517918,810255,767111,339289,872,905
2021-11-28T23:59:59+01:00,80535,75987,356276,334028,461903,423643,461791,447826,513617,517771,549719,547210,363912,406879,251550,323686,74160,136775,48873,46271,304943,290459,411444,375063,419881,407000,476838,480888,521769,519376,352226,392941,244721,313768,71370,130688,4636769,4185342,542734,517651,810246,767084,339244,872,903
2021-11-27T23:59:59+01:00,78504,74126,355964,333785,461576,423315,461504,447568,513391,517575,549566,547054,363854,406790,251526,323645,74145,136760,48713,46120,304386,289987,410816,374595,419382,406655,476408,480577,521508,519168,352169,392878,244694,313739,71362,130682,4630395,4180884,542529,517470,810245,767083,339203,872,903
2021-11-26T23:59:59+01:00,74990,70838,355269,333164,460963,422623,461032,447009,512914,517137,549215,546678,363711,406591,251459,323521,74128,136700,48339,45772,303349,289138,409725,373836,418458,405893,475628,479951,521038,518752,352052,392733,244637,313666,71345,130666,4617988,4172406,542293,517157,810239,767070,339146,872,903
2021-11-25T23:59:59+01:00,71140,67462,354230,332151,459908,421301,460138,445981,512085,516221,548541,545909,363343,406167,251286,323249,74073,136582,47743,45182,301777,287766,408009,372351,417103,404644,474383,478830,520238,518031,351834,392462,244537,313503,71315,130598,4600487,4158359,541738,516648,810228,767068,339030,872,903
2021-11-24T23:59:59+01:00,69434,65730,353386,331415,459075,420325,459351,445134,511416,515505,547916,545243,363052,405701,251143,322928,74008,136420,47424,44867,300787,286875,406732,371260,416099,403790,473494,478040,519534,517419,351617,392160,244416,313320,71281,130523,4588351,4148114,541392,516334,810221,767056,338933,871,903
2021-11-23T23:59:59+01:00,67639,64155,352489,330612,458189,419240,458507,444262,510659,514717,547284,544564,362726,405240,250943,322607,73934,136272,47130,44604,299908,286176,405589,370361,415209,403055,472680,477334,518945,516892,351399,391874,244292,313122,71238,130433,4575772,4139129,540929,516032,810219,767046,338832,871,902
2021-11-22T23:59:59+01:00,66214,62854,351565,329838,457196,418224,457621,443433,509993,513946,546685,543916,362411,404810,250790,322331,73878,136122,46901,44357,298999,285486,404465,369532,414306,402383,471974,476676,518398,516471,351202,391620,244188,312975,71211,130362,4564049,4130732,540574,515836,810216,767034,338701,870,901
2021-11-21T23:59:59+01:00,65136,61785,350780,329183,456288,417338,456859,442799,509387,513347,546198,543404,362182,404478,250683,322163,73839,136025,46774,44234,298478,285103,403823,369075,413772,401945,471549,476303,518082,516191,351060,391461,244124,312861,71194,130324,4554554,4125897,540259,515649,810195,767025,338578,870,901
2021-11-20T23:59:59+01:00,64446,61151,350057,328649,455546,416642,456160,442283,508922,512918,545879,543056,362061,404327,250637,322089,73827,135998,46712,44154,298159,284847,403390,368800,413420,401694,471242,476059,517894,516051,351012,391390,244102,312833,71189,130321,4547684,4123026,539988,515520,810191,767021,338497,870,901
2021-11-19T23:59:59+01:00,63175,59875,348539,327287,454212,415316,455008,441168,507998,511983,545249,542395,361822,404040,250548,321963,73802,135941,46458,43905,297231,284205,402457,368086,412623,401073,470535,475514,517425,515719,350895,391240,244046,312761,71176,130301,4533905,4115828,539585,515253,810187,767012,338352,870,901
2021-11-18T23:59:59+01:00,61512,58270,346511,325439,452320,413189,453379,439475,506667,510652,544351,541410,361401,403525,250382,321669,73767,135807,45957,43418,295876,283037,401076,366959,411450,400068,469569,474617,516643,515139,350652,390937,243914,312570,71133,130225,4514110,4104071,539066,514888,810180,767002,338074,870,901
2021-11-17T23:59:59+01:00,60472,57245,344779,323978,450641,411423,451985,438101,505488,509573,543505,540478,361025,403068,250230,321394,73708,135666,45663,43120,294979,282256,400030,366066,410631,399311,468800,473936,516038,514625,350413,390634,243802,312386,71107,130142,4497804,4095301,538636,514590,810169,766991,337851,870,901
2021-11-16T23:59:59+01:00,59541,56390,342866,322436,448691,409604,450447,436635,504252,508399,542616,539578,360648,402607,250047,321086,73644,135531,45388,42865,294147,281565,399150,365267,409902,398678,468193,473338,515524,514172,350191,390382,243649,312205,71075,130060,4480846,4087645,538146,514350,810163,766987,337563,870,900
2021-11-15T23:59:59+01:00,58703,55607,340694,320699,446508,407659,448816,435144,502970,507169,541712,538697,360289,402218,249888,320853,73606,135430,45177,42688,293380,280984,398355,364626,409249,398117,467686,472841,515131,513805,350001,390162,243551,312047,71039,129966,4463172,4081240,537802,514140,810145,766979,337240,870,899
2021-11-14T23:59:59+01:00,57802,54727,338861,319323,444714,406031,447458,433965,501896,506158,540959,538028,360033,401920,249783,320700,73578,135360,44969,42480,292722,280455,397661,364014,408708,397623,467218,472416,514800,513467,349805,390009,243475,311945,71019,129934,4448489,4075612,537442,513991,810120,766969,336941,870,897
2021-11-13T23:59:59+01:00,57272,54233,337321,318030,443249,404795,446312,433002,501008,505415,540419,537594,359919,401782,249732,320633,73562,135343,44872,42398,292386,280163,397341,363733,408450,397385,466965,472205,514641,513324,349751,389950,243449,311908,71014,129923,4437202,4073029,537253,513904,810108,766965,336753,870,897
2021-11-12T23:59:59+01:00,56441,53409,334698,315912,441042,402962,444573,431434,499668,504130,539519,536845,359730,401529,249635,320488,73537,135312,44674,42181,291616,279553,396613,363149,407828,396887,466440,471760,514272,513039,349641,389814,243409,311846,70998,129900,4419149,4067284,536851,513722,810102,766952,336454,870,897
2021-11-11T23:59:59+01:00,55257,52199,331207,313153,437964,400148,442030,429185,497731,502322,538253,535701,359328,401039,249475,320232,73489,135217,44217,41728,290546,278642,395683,362192,406986,396071,465747,471037,513716,512543,349423,389576,243294,311687,70963,129821,4393604,4058514,536076,513364,810084,766934,335853,870,895
2021-11-10T23:59:59+01:00,54467,51536,328466,310966,435170,397740,439923,427346,496067,500781,537135,534636,358962,400596,249315,319974,73445,135116,43957,41444,289728,277886,394834,361395,406303,395395,465141,470437,513236,512095,349175,389315,243153,311517,70930,129752,4372415,4051187,535591,513134,810057,766906,335258,870,895
2021-11-09T23:59:59+01:00,53836,50890,326187,309132,432872,395872,438273,425836,494654,499498,536155,533749,358641,400253,249173,319771,73412,135020,43676,41184,289039,277312,394180,360769,405778,394851,464691,469904,512796,511658,348968,389070,243040,311358,70893,129669,4355051,4045316,535083,512711,810030,766867,334733,870,894
2021-11-08T23:59:59+01:00,53124,50203,323093,306736,429901,393461,436031,423999,492892,497978,535010,532698,358232,399855,249021,319547,73380,134936,43471,40991,288349,276677,393464,360117,405290,394321,464233,469406,512423,511266,348765,388838,242964,311224,70865,129605,4333313,4039841,534519,512430,809998,766851,333937,870,894
2021-11-07T23:59:59+01:00,52723,49820,321490,305539,428199,392008,434650,422917,491848,497150,534378,532122,358033,399619,248925,319448,73361,134888,43313,40827,287862,276257,392948,359611,404868,393936,463915,469043,512166,511021,348652,388703,242886,311136,70853,129567,4321231,4035875,534121,512203,809978,766821,333455,870,894
2021-11-06T23:59:59+01:00,52415,49529,320647,304736,427236,391240,433934,422346,491242,496662,534047,531836,357974,399548,248890,319416,73355,134879,43261,40785,287673,276090,392729,359442,404734,393811,463806,468928,512090,510955,348623,388673,242873,311120,70849,129561,4314335,4034524,534005,512169,809974,766819,333281,870,894
2021-11-05T23:59:59+01:00,51798,48909,318925,303281,425550,389661,432463,421120,490102,495639,533367,531286,357861,399390,248850,319344,73348,134860,43034,40564,287112,275664,392283,359011,404358,393461,463478,468605,511871,510765,348553,388589,242838,311071,70842,129545,4301229,4030914,533489,511981,809964,766808,332730,870,894
2021-11-04T23:59:59+01:00,51082,48215,316667,301299,423048,387576,430507,419482,488445,494272,532430,530576,357651,399140,248764,319208,73321,134798,42625,40117,286147,274785,391380,358076,403577,392696,462841,467967,511343,510303,348374,388391,242736,310898,70799,129477,4283882,4023473,532932,511702,809950,766778,331367,869,894
2021-11-03T23:59:59+01:00,50695,47830,315288,300159,421338,386290,429236,418481,487437,493437,531781,530059,357492,398970,248693,319105,73298,134749,42325,39828,285356,274113,390618,357354,403005,392151,462339,467515,510963,509970,348212,388181,242628,310747,70764,129392,4272570,4017112,532653,511550,809943,766767,330820,868,894
2021-11-02T23:59:59+01:00,50368,47505,313942,299189,419651,385079,427948,417604,486366,492709,531165,529564,357346,398785,248621,319006,73280,134684,41950,39485,284517,273417,389841,356645,402387,391595,461843,467030,510584,509577,348026,387975,242539,310601,70734,129302,4262011,4010577,532351,511358,809936,766751,330149,868,893
2021-11-01T23:59:59+01:00,49964,47126,312446,298068,417980,383953,426602,416709,485336,491983,530624,529181,357221,398656,248571,318944,73267,134649,41698,39203,283839,272805,389156,356096,401822,391143,461386,466655,510271,509312,347910,387855,242481,310487,70714,129241,4251737,4005804,532092,511137,809903,766737,329182,867,893
2021-10-31T23:59:59+01:00,49908,47092,312254,297953,417762,383829,426390,416577,485211,491897,530561,529135,357207,398647,248568,318938,73267,134647,41641,39157,283720,272737,389051,356016,401731,391084,461331,466620,510237,509287,347900,387846,242478,310482,70710,129236,4250544,4005212,532025,511097,809900,766733,329008,867,893
2021-10-30T23:59:59+02:00,49853,47053,312054,297825,417441,383669,426168,416417,485002,491737,530438,529077,357186,398623,248563,318928,73264,134641,41604,39148,283617,272665,388941,355945,401639,391018,461270,466559,510195,509268,347893,387838,242475,310476,70706,129232,4248853,4004667,531978,511036,809899,766730,328841,867,893
2021-10-29T23:59:59+02:00,49633,46821,311012,297111,416116,382783,425041,415713,484102,491112,529928,528790,357115,398550,248525,318884,73254,134620,41472,39042,283120,272296,388449,355552,401215,390722,460916,466275,509988,509111,347834,387783,242455,310437,70699,129218,4241187,4001800,531694,510878,809895,766725,327964,867,893
2021-10-28T23:59:59+02:00,49178,46392,309214,295772,414025,381359,423407,414546,482792,490128,529187,528263,356959,398381,248460,318801,73243,134578,41161,38749,282156,271447,387486,354733,400445,390062,460297,465743,509519,508791,347685,387595,242385,310337,70677,129162,4228840,3995617,531259,510573,809880,766693,326324,867,893
2021-10-27T23:59:59+02:00,48851,46067,308306,294989,412923,380479,422538,413826,482065,489586,528769,527953,356859,398210,248402,318705,73226,134541,40866,38458,281408,270763,386832,354121,399950,389570,459868,465308,509215,508505,347527,387418,242306,310213,70650,129099,4221362,3990080,530951,510382,809874,766664,325724,867,893
2021-10-26T23:59:59+02:00,48440,45654,307227,294028,411766,379540,421634,413140,481368,488984,528347,527629,356740,398083,248340,318622,73203,134492,40506,38089,280530,269827,386068,353384,399385,389005,459426,464850,508853,508202,347380,387256,242206,310057,70624,129029,4213211,3983532,530730,510219,809861,766648,325046,867,893
2021-10-25T23:59:59+02:00,48284,45517,306709,293572,411182,379108,421143,412792,480951,488695,528157,527462,356697,398025,248327,318596,73197,134485,40440,38028,280301,269638,385822,353206,399207,388868,459275,464732,508752,508125,347358,387223,242195,310038,70620,129018,4209471,3982287,530666,510175,809859,766638,324513,867,893
2021-10-24T23:59:59+02:00,48073,45333,306153,293087,410492,378592,420625,412373,480527,488373,527939,527272,356633,397940,248295,318570,73189,134472,40249,37867,279827,269165,385354,352802,398849,388547,459001,464473,508581,507943,347265,387124,242157,309972,70607,128998,4205264,3978974,530509,510038,809856,766619,323916,867,893
2021-10-23T23:59:59+02:00,48037,45302,305990,292953,410281,378446,420470,412231,480414,488282,527865,527222,356612,397915,248291,318564,73188,134468,40209,37823,279736,269057,385234,352730,398769,388470,458930,464410,508544,507910,347245,387110,242156,309966,70606,128997,4204079,3978314,530440,509973,809854,766616,323765,867,893
2021-10-22T23:59:59+02:00,47784,45068,305209,292387,409385,377756,419723,411672,479842,487803,527508,526970,356554,397846,248272,318530,73182,134456,39957,37580,279174,268531,384730,352290,398344,388102,458623,464134,508317,507738,347177,387045,242134,309924,70600,128987,4198418,3974635,530167,509806,809853,766599,323111,867,893
2021-10-21T23:59:59+02:00,47307,44612,304077,291504,408130,376771,418709,410856,479003,487143,526961,526588,356428,397706,248205,318425,73161,134401,39375,37018,278101,267471,383821,351410,397617,387328,457984,463561,507896,507373,347019,386843,242041,309765,70574,128935,4189711,3966741,529889,509429,809848,766586,322139,866,893
2021-10-20T23:59:59+02:00,47081,44357,303464,290957,407448,376145,418149,410395,478567,486766,526670,526351,356336,397584,248134,318333,73136,134341,38955,36641,277345,266712,383200,350743,397087,386720,457550,463108,507541,507048,346843,386641,241942,309623,70535,128858,4184455,3960254,529739,509253,809840,766573,321775,865,893
2021-10-19T23:59:59+02:00,46793,44079,302900,290474,406925,375666,417759,410043,478273,486489,526432,526143,356220,397454,248072,318242,73103,134287,38501,36186,276452,265875,382482,350028,396603,386177,457142,462648,507204,506724,346657,386410,241836,309474,70498,128775,4180085,3953378,529612,509079,809830,766554,321421,865,892
2021-10-18T23:59:59+02:00,46594,43882,302339,289995,406400,375213,417379,409682,477981,486244,526195,525935,356124,397347,248020,318147,73082,134245,38213,35926,275803,265183,381930,349379,396180,385685,456800,462257,506913,506449,346503,386258,241752,309347,70465,128726,4176056,3948048,529465,508894,809825,766534,321049,865,892
2021-10-17T23:59:59+02:00,46481,43763,302007,289735,406125,374954,417155,409516,477822,486082,526090,525806,356064,397293,247999,318099,73068,134208,37964,35671,275290,264674,381556,348998,395892,385344,456554,462023,506748,506276,346412,386145,241715,309279,70442,128675,4173813,3944342,529389,508733,809814,766497,320840,865,892
2021-10-16T23:59:59+02:00,46452,43730,301927,289671,406044,374894,417110,409470,477776,486043,526063,525789,356058,397284,247995,318093,73066,134206,37923,35626,275183,264564,381476,348928,395835,385271,456513,461978,506720,506252,346403,386136,241712,309274,70441,128670,4173313,3943723,529364,508672,809814,766495,320769,865,892
2021-10-15T23:59:59+02:00,46302,43570,301489,289324,405669,374570,416811,409208,477530,485816,525901,525656,356006,397244,247978,318061,73057,134191,37691,35379,274619,263977,381066,348532,395492,384926,456234,461694,506521,506081,346341,386061,241672,309227,70436,128649,4170459,3939950,529241,508458,809810,766485,320457,865,892
2021-10-14T23:59:59+02:00,45970,43232,300692,288618,404999,373901,416287,408737,477095,485396,525579,525372,355890,397114,247920,317967,73026,134128,37134,34815,273369,262707,380254,347563,394804,384089,455584,461047,506095,505662,346107,385836,241561,309070,70405,128598,4164885,3931218,528974,507954,809791,766427,319853,865,890
2021-10-13T23:59:59+02:00,45657,42952,300107,288059,404502,373381,415882,408331,476754,485057,525313,525121,355766,396968,247852,317870,73001,134070,36803,34531,272597,261897,379646,346813,394280,383454,455160,460581,505728,505294,345930,385635,241463,308878,70369,128519,4160224,3924841,528788,507681,809784,766381,319427,865,890
2021-10-12T23:59:59+02:00,45328,42673,299447,287509,403974,372840,415471,407942,476444,484747,525060,524887,355658,396830,247806,317781,72973,134020,36507,34242,271759,261034,378951,346087,393738,382886,454739,460150,505366,504946,345706,385415,241357,308727,70328,128409,4155511,3918220,528611,507453,809775,766357,319071,864,888
2021-10-11T23:59:59+02:00,45084,42448,298858,287023,403480,372377,415057,407579,476139,484437,524818,524686,355548,396709,247736,317687,72937,133956,36221,33986,271003,260299,378275,345407,393248,382330,454357,459700,505032,504641,345512,385219,241263,308584,70287,128327,4151326,3912328,528433,507171,809764,766331,318612,864,888
2021-10-10T23:59:59+02:00,44923,42313,298496,286736,403133,372066,414821,407326,475957,484240,524671,524554,355498,396654,247712,317649,72919,133927,36053,33859,270523,259878,377813,344938,392916,381988,454068,459414,504809,504464,345416,385117,241207,308514,70269,128294,4148886,3908701,528289,507048,809751,766296,318245,864,888
2021-10-09T23:59:59+02:00,44893,42286,298392,286657,403043,372007,414755,407272,475906,484192,524642,524534,355489,396639,247710,317645,72918,133926,36003,33804,270404,259773,377713,344840,392833,381912,454010,459360,504771,504433,345406,385103,241201,308506,70268,128292,4148354,3907991,528249,506975,809748,766284,318131,864,888
2021-10-08T23:59:59+02:00,44652,42077,297883,286246,402583,371629,414449,406975,475620,483953,524426,524364,355427,396578,247675,317594,72900,133912,35795,33526,269837,259209,377287,344408,392453,381531,453730,459033,504591,504274,345342,385019,241167,308461,70257,128280,4144930,3904151,528120,506811,809744,766265,317722,864,887
2021-10-07T23:59:59+02:00,44270,41647,296899,285368,401789,370854,413801,406353,475101,483459,524017,524038,355301,396405,247584,317484,72868,133846,35143,32865,268447,257811,376288,343224,391645,380529,453014,458282,504041,503773,345086,384738,241029,308282,70200,128190,4137993,3894450,527883,505617,809735,766223,317044,864,886
2021-10-06T23:59:59+02:00,44007,41383,296186,284770,401258,370344,413394,405919,474736,483140,523744,523786,355172,396254,247509,317365,72844,133770,34815,32552,267704,256999,375744,342560,391169,379984,452591,457832,503691,503415,344913,384528,240917,308136,70171,128111,4133090,3888337,527749,505502,809728,766188,316549,864,886
2021-10-05T23:59:59+02:00,43689,41085,295471,284085,400618,369718,412870,405431,474351,482733,523458,523481,355026,396097,247431,317218,72815,133674,34514,32237,266885,256154,375055,341820,390628,379373,452086,457364,503341,503056,344720,384308,240806,307963,70124,128037,4127640,3881878,527611,505357,809721,766166,315811,864,886
2021-10-04T23:59:59+02:00,43411,40844,294624,283375,399882,369112,412358,404946,473931,482333,523154,523207,354891,395921,247357,317097,72785,133583,34208,31919,265966,255218,374326,341038,390027,378773,451609,456826,502950,502687,344527,384077,240650,307798,70084,127950,4122330,3875161,527457,505244,809711,766125,314842,862,886
2021-10-03T23:59:59+02:00,43250,40693,294218,282952,399455,368742,412034,404685,473708,482095,522976,523041,354808,395824,247311,317015,72778,133546,34027,31784,265471,254790,373867,340627,389671,378377,451337,456515,502701,502454,344402,383931,240589,307702,70066,127920,4119423,3871576,527354,505128,809685,766069,314197,862,885
2021-10-02T23:59:59+02:00,43214,40656,294094,282825,399333,368651,411948,404602,473645,482038,522940,523009,354794,395800,247310,317012,72776,133544,33980,31745,265332,254658,373767,340537,389593,378298,451280,456461,502670,502416,344389,383907,240587,307695,70064,127920,4118713,3870878,527276,505071,809683,766042,314047,862,885
2021-10-01T23:59:59+02:00,43003,40400,293469,282260,398765,368140,411485,404211,473306,481765,522671,522823,354709,395721,247281,316963,72764,133526,33681,31452,264670,254009,373275,340098,389207,377921,450953,456145,502445,502219,344312,383840,240561,307649,70055,127902,4114732,3866982,527132,504913,809673,765986,313252,862,884
2021-09-30T23:59:59+02:00,42596,39998,292326,281151,397735,367148,410665,403405,472634,481080,522155,522401,354537,395512,247188,316834,72739,133457,33143,30906,263467,252838,372403,339167,388493,377093,450349,455489,501969,501817,344143,383616,240480,307490,70026,127849,4106861,3859881,526787,503907,809652,765902,311782,860,884
2021-09-29T23:59:59+02:00,42252,39692,291545,280400,396989,366430,410106,402820,472128,480584,521792,522087,354356,395307,247113,316700,72710,133391,32841,30597,262707,252071,371756,338505,388031,376513,449920,455029,501617,501472,343970,383436,240387,307327,70004,127791,4100896,3854366,526627,503755,809644,765834,310748,860,883
2021-09-28T23:59:59+02:00,41916,39377,290667,279566,396179,365703,409491,402248,471600,480070,521407,521727,354146,395087,247017,316544,72672,133288,32530,30327,261842,251278,371039,337860,387516,375978,449473,454572,501262,501121,343789,383233,240293,307183,69976,127738,4094549,3848824,526499,503605,809636,765779,309528,860,883
2021-09-27T23:59:59+02:00,41499,38995,289769,278718,395374,364982,408922,401657,471115,479542,521003,521397,353987,394889,246931,316424,72643,133200,32209,29967,260808,250347,370161,337052,386845,375296,448925,454024,500852,500759,343606,383000,240203,307049,69950,127674,4088855,3842601,526332,503453,809628,765667,307730,860,883
2021-09-26T23:59:59+02:00,41125,38689,289189,278176,394866,364532,408577,401305,470811,479249,520791,521207,353878,394789,246887,316354,72624,133159,32050,29833,260297,249882,369709,336649,386499,374921,448632,453730,500645,500571,343513,382908,240145,306976,69934,127638,4085119,3839604,526188,503303,809602,765551,306795,860,883
2021-09-25T23:59:59+02:00,41070,38628,289018,278008,394709,364409,408458,401214,470716,479164,520729,521164,353866,394769,246878,316345,72622,133156,32006,29778,260129,249727,369561,336522,386376,374821,448559,453628,500582,500537,343493,382885,240135,306962,69934,127636,4084355,3838881,526113,503241,809599,765519,306351,860,883
2021-09-24T23:59:59+02:00,40871,38414,288374,277349,394053,363836,407924,400726,470260,478754,520427,520919,353759,394684,246837,316293,72616,133131,31746,29519,259457,249037,368946,335973,385924,374378,448138,453265,500258,500290,343376,382779,240092,306908,69922,127612,4080554,3835141,525959,503137,809589,765449,304614,860,882
2021-09-23T23:59:59+02:00,40233,37740,286656,275674,392568,362464,406728,399509,469208,477785,519671,520232,353460,394408,246706,316077,72573,133013,31351,29100,258152,247943,367786,334980,384980,373544,447319,452526,499660,499773,343139,382535,239980,306760,69896,127536,4070610,3829017,525546,502862,809577,765349,300448,860,882
2021-09-22T23:59:59+02:00,39897,37421,285651,274682,391695,361609,405972,398733,468539,477177,519129,519789,353228,394139,246597,315881,72523,132926,31063,28836,257366,247190,367030,334287,384349,372947,446805,452001,499192,499423,342934,382324,239875,306621,69863,127473,4063697,3823882,525323,502689,809555,765233,298485,859,882
2021-09-21T23:59:59+02:00,39479,36939,284560,273592,390717,360695,405204,397970,467907,476585,518677,519356,353003,393872,246494,315704,72469,132812,30744,28557,256495,246330,366251,333567,383703,372338,446300,451514,498775,499023,342739,382115,239770,306456,69829,127386,4056055,3818215,525160,502490,809544,765152,296742,859,882
2021-09-20T23:59:59+02:00,39124,36661,283411,272508,389656,359749,404374,397154,467202,475964,518178,518898,352757,393643,246386,315522,72425,132715,30359,28186,255366,245339,365257,332715,382901,371561,445576,450927,498309,498577,342510,381898,239664,306268,69793,127308,4048959,3811672,525010,502314,809530,764947,294285,859,881
2021-09-19T23:59:59+02:00,38963,36526,282815,272094,389077,359254,403963,396756,466859,475649,517909,518663,352669,393518,246346,315443,72414,132677,30241,28066,254851,244899,364749,332285,382475,371218,445206,450581,498023,498353,342401,381769,239607,306182,69784,127277,4045599,3808814,524865,502131,809506,764648,293076,859,881
2021-09-18T23:59:59+02:00,38908,36454,282652,271933,388875,359090,403778,396612,466748,475535,517841,518604,352653,393505,246338,315434,72412,132673,30110,27935,254536,244550,364494,332030,382235,371026,445043,450447,497928,498264,342371,381743,239588,306163,69781,127269,4044638,3806923,524750,502050,809503,764635,292603,859,880
2021-09-17T23:59:59+02:00,38575,36088,281745,271099,388080,358331,403051,395955,466132,475009,517458,518241,352502,393359,246275,315363,72388,132641,29842,27668,253791,243865,363803,331432,381643,370521,444573,450035,497589,497975,342250,381607,239537,306084,69768,127247,4039276,3803124,524414,501646,809491,764604,290551,859,880
2021-09-16T23:59:59+02:00,38003,35490,280150,269522,386713,356871,401837,394627,465108,474027,516683,517542,352184,393030,246145,315175,72342,132549,29404,27245,252641,242845,362834,330493,380808,369655,443903,449337,497072,497525,342023,381385,239438,305955,69737,127187,4028322,3796472,523652,501244,809450,764457,288009,859,878
2021-09-15T23:59:59+02:00,37624,35179,279016,268423,385807,355891,400974,393764,464430,473336,516149,517025,351961,392740,245976,315003,72308,132436,29102,26956,251781,242031,362046,329691,380119,368976,443332,448818,496563,497083,341812,381145,239302,305810,69714,127110,4020763,3790786,523362,501009,809436,764383,285905,859,878
2021-09-14T23:59:59+02:00,37311,34871,278043,267455,384858,355025,400233,392991,463819,472679,515617,516570,351714,392497,245846,314833,72265,132368,28826,26717,250997,241236,361308,329018,379508,368375,442788,448304,496142,496697,341616,380930,239191,305664,69690,127055,4013890,3785641,523029,500785,809406,764233,284092,858,877
2021-09-13T23:59:59+02:00,36921,34476,276792,266185,383900,353978,399453,392106,463121,471955,515088,516065,351490,392244,245723,314678,72227,132295,28365,26293,249868,240181,360483,328230,378905,367721,442229,447776,495685,496317,341421,380701,239090,305518,69661,127001,4005635,3778691,522304,500500,809373,764136,282803,858,876
2021-09-12T23:59:59+02:00,36777,34347,276204,265743,383422,353529,399062,391676,462793,471653,514874,515848,351383,392131,245677,314604,72217,132260,28207,26174,249335,239767,359973,327783,378533,367365,441923,447481,495435,496092,341295,380568,239031,305430,69646,126957,4002420,3775641,522137,500307,809336,764008,281725,857,874
2021-09-11T23:59:59+02:00,36698,34298,276013,265532,383196,353340,398901,391518,462658,471529,514803,515786,351353,392100,245668,314588,72215,132257,28060,26075,249052,239582,359750,327625,378383,367222,441773,447363,495367,496037,341271,380540,239023,305417,69646,126953,4001381,3774553,522048,500174,809327,763987,281111,857,872
2021-09-10T23:59:59+02:00,36367,33960,274929,264536,382233,352436,398018,390708,461856,470844,514243,515339,351144,391900,245580,314475,72197,132227,27851,25875,248139,238869,358918,326884,377593,366591,441080,446838,494874,495655,341110,380385,238942,305312,69624,126923,3996011,3771066,521905,499955,809317,763963,277164,856,871
2021-09-09T23:59:59+02:00,35930,33510,273612,263375,381177,351251,397072,389667,461050,469961,513658,514823,350903,391616,245453,314320,72162,132167,27467,25485,247061,237903,358001,326011,376770,365780,440386,446229,494287,495210,340894,380151,238821,305170,69593,126871,3987762,3764935,521600,499556,809270,763810,274475,854,865
2021-09-08T23:59:59+02:00,35527,33109,272645,262381,380364,350396,396371,388881,460412,469354,513218,514358,350700,391373,245349,314144,72133,132109,27172,25196,246135,237040,357182,325272,376081,365052,439779,445657,493835,494751,340692,379906,238708,305009,69560,126794,3981254,3759226,521375,499234,809214,763675,272372,853,863
2021-09-07T23:59:59+02:00,35152,32772,271621,261452,379524,349610,395723,388205,459879,468828,512775,513960,350507,391161,245248,313980,72100,132038,26896,24985,245256,236254,356374,324587,375427,364490,439273,445153,493389,494359,340484,379688,238621,304872,69533,126740,3975126,3754211,521131,498895,809200,763495,270464,853,862
2021-09-06T23:59:59+02:00,34753,32364,270498,260341,378570,348659,395030,387424,459273,468187,512335,513526,350287,390915,245159,313857,72070,131968,26660,24773,244482,235492,355623,323927,374809,363898,438808,444646,492977,493974,340272,379479,238543,304739,69504,126684,3967867,3749372,520992,498651,809151,763365,268585,853,862
2021-09-05T23:59:59+02:00,34597,32215,270086,259923,378251,348310,394727,387106,459037,467944,512157,513347,350214,390821,245117,313795,72054,131941,26524,24618,244050,235097,355223,323540,374452,363582,438546,444397,492779,493765,340173,379360,238500,304675,69487,126652,3965236,3746726,520884,498375,809121,763226,267777,852,861
2021-09-04T23:59:59+02:00,34538,32176,269916,259789,378129,348182,394598,387000,458960,467859,512106,513301,350202,390803,245110,313783,72054,131940,26486,24565,243881,234952,355061,323373,374304,363465,438454,444295,492713,493717,340152,379340,238492,304663,69487,126651,3964518,3745935,520830,498239,809116,763203,267357,852,861
2021-09-03T23:59:59+02:00,34221,31861,269014,258983,377384,347512,394005,386410,458383,467374,511644,512966,350031,390625,245044,313676,72031,131906,26161,24222,242858,234089,354261,322657,373628,362809,437800,443705,492222,493301,339955,379140,238406,304557,69467,126624,3960126,3741614,520125,496697,809088,763130,265102,852,861
2021-09-02T23:59:59+02:00,33855,31520,267952,258095,376512,346669,393263,385650,457691,466736,511110,512533,349765,390372,244921,313497,72006,131827,25861,23957,241829,233284,353365,321874,372880,362094,437082,443075,491654,492843,339708,378877,238299,304405,69442,126546,3954111,3736402,519836,496213,809052,762802,262340,852,859
2021-09-01T23:59:59+02:00,33527,31151,267095,257248,375745,345995,392730,385096,457218,466251,510722,512183,349584,390179,244832,313378,71982,131766,25473,23555,240734,232222,352490,321014,372185,361397,436465,442470,491125,492358,339476,378610,238168,304252,69416,126492,3948619,3729579,519650,495667,809017,762586,260755,852,853
2021-08-31T23:59:59+02:00,33129,30807,266221,256326,374997,345270,392146,384506,456701,465761,510265,511815,349389,389982,244736,313230,71950,131722,25188,23259,239779,231321,351676,320255,371517,360756,435905,441955,490602,491956,339273,378393,238080,304101,69382,126436,3943009,3724231,519459,495279,808991,762160,258846,850,851
2021-08-30T23:59:59+02:00,32582,30320,264911,255138,373992,344346,391324,383686,455941,465045,509699,511315,349159,389761,244643,313076,71914,131653,24867,22939,238615,230331,350665,319351,370723,360010,435198,441368,490046,491441,339018,378146,237954,303922,69341,126359,3935479,3718152,519342,494835,808946,761906,256081,849,848
2021-08-29T23:59:59+02:00,32392,30129,264339,254627,373505,343927,390939,383343,455643,464755,509468,511090,349061,389652,244593,313012,71904,131629,24641,22724,237896,229688,350047,318803,370223,359535,434765,440988,489735,491179,338877,377989,237893,303846,69323,126334,3932362,3714236,519221,494433,808915,761645,254849,849,847
2021-08-28T23:59:59+02:00,32302,30033,264109,254448,373327,343773,390780,383219,455518,464635,509392,511037,349036,389629,244582,313000,71903,131626,24575,22620,237577,229428,349795,318605,370000,359367,434582,440823,489607,491087,338835,377948,237873,303820,69322,126330,3931315,3712654,519180,494316,808909,761618,254282,849,847
2021-08-27T23:59:59+02:00,32072,29783,263462,253880,372811,343250,390306,382766,455061,464236,509016,510751,348906,389493,244524,312914,71884,131606,24428,22468,236971,228927,349173,318095,369525,358931,434125,440465,489302,490837,338705,377829,237818,303756,69311,126323,3927498,3709407,519111,494100,808851,761559,252595,849,846
2021-08-26T23:59:59+02:00,31689,29395,262456,252896,371952,342432,389546,382020,454372,463559,508461,510268,348673,389233,244403,312796,71856,131545,24078,22103,235483,227557,347931,316895,368400,357928,433246,439650,488629,490260,338416,377508,237655,303586,69281,126278,3921284,3700992,518865,493450,808812,761197,249910,849,842
2021-08-25T23:59:59+02:00,31323,29061,261528,252029,371193,341648,388882,381319,453731,462965,507899,509807,348431,388973,244280,312632,71821,131477,23472,21528,233424,225686,346435,315486,367206,356726,432239,438688,487826,489526,338036,377117,237500,303352,69237,126190,3915514,3688963,518732,493041,808782,761044,247287,845,839
2021-08-24T23:59:59+02:00,31004,28793,260792,251247,370582,341011,388340,380739,453246,462450,507485,509431,348220,388748,244163,312468,71795,131405,23155,21212,232209,224617,345463,314563,366415,355969,431563,438034,487265,488977,337755,376804,237369,303193,69213,126126,3910547,3681754,518443,492590,808761,760737,245481,845,833
2021-08-23T23:59:59+02:00,30481,28262,259400,249927,369545,340090,387499,379943,452466,461767,506832,508859,347936,388464,244023,312278,71768,131344,22845,20913,230720,223292,344142,313486,365462,355114,430700,437272,486559,488406,337449,376470,237235,303000,69187,126067,3903053,3674297,518294,492112,808726,760449,242113,844,831
2021-08-22T23:59:59+02:00,30335,28148,258989,249555,369186,339753,387227,379676,452227,461521,506640,508707,347837,388368,243982,312221,71751,131318,22663,20730,229993,222608,343444,312819,364921,354604,430258,436865,486235,488137,337281,376284,237171,302895,69169,126032,3900805,3669869,518144,491642,808686,760148,241103,843,826
2021-08-21T23:59:59+02:00,30084,27943,258491,249090,368868,339432,386970,379415,452020,461343,506491,508568,347782,388312,243960,312183,71748,131309,22387,20476,229247,221953,342954,312418,364516,354191,429893,436557,486005,487940,337196,376216,237144,302852,69163,126020,3898242,3666872,518000,490436,808678,760091,240380,843,826
2021-08-20T23:59:59+02:00,29892,27744,257831,248422,368127,338797,386286,378881,451421,460842,506012,508244,347637,388151,243904,312086,71731,131274,21982,20135,227437,220327,341539,311216,363393,353227,428935,435754,485282,487388,336952,375967,237041,302732,69138,125990,3894731,3658583,517675,489270,808665,759724,237502,841,826
2021-08-19T23:59:59+02:00,29559,27430,256840,247569,367117,338001,385494,378186,450708,460203,505445,507757,347395,387886,243795,311938,71697,131201,21485,19642,224664,217889,339217,309369,361680,351740,427528,434481,484120,486430,336530,375538,236847,302485,69104,125921,3889172,3644154,517307,487500,808622,759247,234405,840,823
2021-08-18T23:59:59+02:00,29272,27169,256044,246861,366408,337376,384907,377610,450102,459698,504971,507342,347122,387643,243677,311790,71665,131135,21107,19268,222183,215359,337151,307601,360021,350082,425994,433147,482972,485391,336011,374984,236616,302187,69054,125827,3884017,3630839,517126,483550,808593,758861,232337,839,822
2021-08-17T23:59:59+02:00,28952,26893,255258,246137,365785,336691,384344,377047,449606,459210,504535,506923,346916,387431,243561,311658,71639,131082,20635,18833,219430,212600,335069,305768,358322,348610,424556,431870,481847,484401,335519,374444,236383,301896,69001,125750,3878933,3615743,516825,480765,808567,758431,230622,838,818
2021-08-16T23:59:59+02:00,28659,26630,254561,245483,365211,336133,383878,376582,449167,458767,504115,506558,346731,387222,243462,311494,71608,131042,20080,18349,216251,209518,332771,303641,356792,347153,423345,430722,480895,483554,335127,373994,236197,301625,68962,125660,3874497,3598249,516669,480057,808538,758080,228875,838,816
2021-08-15T23:59:59+02:00,28462,26467,254062,245035,364773,335739,383515,376241,448869,458505,503872,506357,346617,387102,243412,311414,71597,131021,19295,17619,212226,205450,330864,302014,355523,345921,422312,429777,480105,482890,334792,373657,236070,301448,68938,125610,3871612,3580539,516524,479141,808499,757748,227701,838,813
2021-08-14T23:59:59+02:00,28393,26408,253814,244836,364535,335560,383339,376090,448710,458374,503754,506249,346567,387069,243394,311391,71594,131016,18969,17321,211148,204343,330035,301247,354799,345238,421814,429315,479716,482568,334652,373529,236032,301391,68929,125593,3870426,3573816,516449,478768,808493,757670,227000,838,813
2021-08-13T23:59:59+02:00,28135,26165,253105,244245,364031,335131,382900,375652,448271,458007,503414,505990,346439,386919,243329,311313,71582,130987,18364,16764,209252,202550,328598,299922,353524,344039,420760,428371,478964,481922,334407,373237,235919,301248,68911,125539,3866580,3561815,516376,478162,808483,757477,225450,835,810
2021-08-12T23:59:59+02:00,27935,25938,252379,243607,363409,334536,382358,375159,447732,457554,502988,505631,346256,386718,243226,311206,71569,130939,17781,16265,206646,200269,325708,297367,351501,342229,419245,427111,477735,480850,333954,372701,235673,300971,68871,125456,3862578,3544311,516184,476981,808445,756445,223203,833,808
2021-08-11T23:59:59+02:00,27698,25690,251645,242912,362782,333951,381830,374674,447264,457122,502578,505200,346027,386476,243109,311072,71542,130884,16961,15577,203587,197273,322515,294411,349315,340158,417736,425697,476450,479556,333409,372055,235423,300564,68821,125327,3857694,3522358,515964,475907,808405,755499,221663,830,806
2021-08-10T23:59:59+02:00,27452,25431,250807,242168,362061,333384,381277,374119,446763,456638,502121,504794,345830,386278,243022,310933,71519,130840,16164,14791,199373,193123,317827,290170,346316,337369,415604,423745,474845,478094,332726,371380,235132,300158,68766,125209,3852564,3492107,515675,474824,808367,754344,220100,828,806
2021-08-09T23:59:59+02:00,27254,25230,250177,241591,361469,332893,380825,373733,446344,456287,501772,504506,345666,386128,242956,310821,71499,130804,15170,13846,194816,188514,312093,285404,343544,334864,413681,421959,473218,476622,332087,370686,234865,299788,68710,125074,3848798,3461601,515495,472073,808333,753249,218597,826,799
2021-08-08T23:59:59+02:00,27079,25071,249692,241174,361066,332529,380472,373439,446038,456021,501526,504313,345557,386017,242893,310740,71482,130769,14948,13651,193462,187136,310458,284056,342217,333690,412794,421196,472640,476102,331823,370413,234737,299619,68684,125022,3846166,3452400,515337,470701,808278,752758,217361,824,798
2021-08-07T23:59:59+02:00,26930,24895,249162,240725,360666,332188,380134,373153,445744,455784,501298,504136,345484,385922,242859,310689,71474,130758,13775,12606,189775,183539,308404,282195,340491,332161,411454,419926,471707,475304,331468,370038,234606,299430,68650,124985,3843293,3432702,515230,469364,808265,752545,216475,824,795
2021-08-06T23:59:59+02:00,26704,24660,248291,240052,359876,331573,379454,372571,445086,455256,500761,503743,345250,385717,242760,310573,71463,130736,12867,11779,186019,179972,304917,279367,338362,330314,409846,418577,470408,474335,331087,369650,234447,299276,68625,124938,3840686,3413300,513860,467630,808253,751440,212987,824,792
2021-08-05T23:59:59+02:00,26379,24335,247109,239108,358970,330689,378619,371833,444336,454560,500089,503197,344965,385412,242646,310397,71422,130673,11861,10845,181524,176012,299506,274932,334224,326736,407022,416078,468139,472546,330416,368945,234185,298902,68564,124827,3834252,3385240,513591,462901,808183,747718,209961,824,791
2021-08-04T23:59:59+02:00,26006,23992,245963,238114,357958,329769,377838,371120,443701,453957,499508,502662,344692,385144,242523,310224,71395,130602,11046,10133,178028,172696,295719,271782,329798,322816,404763,413974,466420,470989,329720,368246,233907,298549,68504,124725,3827706,3357964,513247,461126,808149,745965,207301,820,790
2021-08-03T23:59:59+02:00,25542,23570,244591,236924,357038,328928,377121,370422,443042,453294,498905,502123,344399,384842,242392,310047,71351,130534,10483,9632,174525,169238,291591,268114,324674,318188,402006,411408,464075,468887,328884,367378,233558,298078,68437,124586,3819731,3325765,513082,459240,808099,743885,205384,819,788
2021-08-02T23:59:59+02:00,25224,23263,243533,235957,356181,328166,376413,369819,442462,452739,498379,501673,344134,384564,242274,309892,71325,130476,9926,9090,170873,165630,286872,264127,318783,313219,399237,408844,461833,466883,328106,366533,233262,297679,68375,124469,3813339,3292173,512831,457251,808038,741347,203496,817,781
2021-08-01T23:59:59+02:00,25065,23072,242899,235346,355578,327649,375963,369418,442023,452416,498031,501391,343992,384397,242198,309776,71311,130450,9659,8881,169314,164168,284373,262115,314129,309494,397366,407257,460350,465629,327670,366046,233090,297461,68346,124410,3809613,3274171,512525,455099,807943,738891,202122,813,773
2021-07-31T23:59:59+02:00,24955,22967,242552,235025,355294,327421,375717,369247,441831,452262,497923,501287,343958,384356,242178,309762,71310,130444,8423,7784,165528,160310,281538,259556,312030,307488,395963,405969,459202,464638,327350,365667,232956,297287,68320,124364,3807979,3251164,512335,454158,807933,738096,201470,812,773
2021-07-30T23:59:59+02:00,24664,22707,241745,234298,354710,326888,375219,368774,441366,451856,497559,500996,343820,384216,242133,309682,71297,130428,7483,6914,161769,156533,278131,256428,308992,304658,393722,403845,457350,463047,326838,365134,232745,296995,68287,124306,3803850,3225985,511963,452949,807912,734893,199858,811,771
2021-07-29T23:59:59+02:00,24315,22364,240204,233019,353534,325809,374248,367853,440503,451057,496741,500369,343485,383899,241995,309495,71259,130361,6498,6039,156899,152032,272724,252220,303060,299856,389342,400334,454291,460626,325999,364285,232432,296584,68227,124206,3796209,3191900,511276,448064,807824,729770,196418,810,770
2021-07-28T23:59:59+02:00,24013,22075,239044,231974,352645,324964,373494,367156,439859,450384,496171,499875,343226,383597,241857,309307,71225,130287,6006,5596,153114,148366,268198,248535,298594,295876,386060,397457,452190,458770,325333,363514,232163,296195,68162,124080,3789410,3160977,510733,446130,807746,727116,194477,810,766
2021-07-27T23:59:59+02:00,23740,21848,238032,230994,351790,324216,372784,366556,439268,449766,495644,499417,342977,383289,241723,309112,71189,130188,5437,5069,148066,143222,262246,243378,293271,291088,382030,393745,448998,455947,324345,362408,231797,295690,68070,123921,3783065,3119204,510175,443822,807688,723361,192819,808,764
2021-07-26T23:59:59+02:00,23507,21608,237053,230005,350993,323500,372169,365995,438709,449277,495188,499041,342742,383047,241596,308953,71165,130130,5014,4708,143703,138810,256666,238566,288084,286596,377543,389768,445466,452908,323384,361438,231466,295207,67995,123783,3777335,3079601,509541,441558,807602,718994,191412,804,762
2021-07-25T23:59:59+02:00,23148,21307,235706,228845,350044,322723,371485,365328,438125,448731,494721,498633,342540,382828,241506,308823,71144,130066,4759,4475,141847,137041,253959,236330,285562,284483,375394,387976,443367,451103,322861,360915,231259,294976,67970,123706,3770206,3064443,509161,439368,807533,714618,190007,803,762
2021-07-24T23:59:59+02:00,22897,21110,234777,227975,349318,322068,370908,364805,437597,448293,494359,498355,342423,382729,241462,308761,71141,130055,4436,4190,138939,134232,251215,234001,282988,282255,373128,386113,442123,450113,322509,360577,231114,294794,67951,123672,3766163,3046029,508393,436338,807518,714273,188158,803,761
2021-07-23T23:59:59+02:00,22479,20721,233268,226625,347982,321116,369852,363933,436711,447502,493661,497820,342185,382456,241372,308649,71120,130019,4012,3798,133437,129370,245820,229672,278488,278446,369419,382896,439463,447900,321803,359850,230858,294482,67897,123590,3758645,3010320,507921,434558,807462,712127,184628,803,759
2021-07-22T23:59:59+02:00,21972,20245,231158,224639,346224,319564,368342,362632,435390,446350,492676,496918,341750,382004,241196,308399,71076,129938,3590,3454,129077,125295,239794,225143,272073,273354,362502,377381,433989,443371,320614,358581,230418,293957,67803,123435,3746146,2968066,506330,428553,807328,705795,181838,802,757
2021-07-21T23:59:59+02:00,21462,19721,229266,222813,344513,318020,366717,361053,433810,444960,491448,495745,341198,381477,240948,308113,71022,129843,3387,3257,125304,121711,234308,220890,266520,268813,354352,370426,429360,439622,319493,357430,229954,293390,67722,123254,3735081,2932412,502571,417635,807101,701008,178534,801,755
2021-07-20T23:59:59+02:00,21159,19441,227796,221324,343266,316837,365749,360172,432943,444164,490721,495098,340856,381102,240800,307892,70993,129753,3126,2966,120953,117457,227934,215692,260677,263620,347216,364303,424648,435292,318394,356170,229537,292800,67624,123070,3725701,2888486,502165,410389,806969,696600,176383,799,754
2021-07-19T23:59:59+02:00,20845,19144,226056,219625,341943,315574,364704,359190,432125,443382,490047,494476,340557,380734,240648,307660,70948,129656,2930,2757,118187,114844,223525,212095,256042,259655,343485,361120,422021,433100,317667,355438,229237,292407,67549,122946,3715066,2863331,501740,404993,806874,692266,174784,797,752
2021-07-18T23:59:59+02:00,20691,19011,224750,218345,340310,314139,363627,358255,431299,442655,489507,493930,340322,380446,240519,307484,70926,129594,2838,2663,116678,113450,220849,209898,253675,257538,341229,359257,419981,431401,317174,354946,229077,292189,67528,122878,3705550,2850959,501205,400700,806798,688557,173398,794,749
2021-07-17T23:59:59+02:00,20293,18587,223594,217285,339729,313596,363031,357739,430778,442202,489088,493641,340218,380328,240477,307428,70923,129583,2574,2406,114605,111343,218383,207586,251200,255335,338794,357111,418526,430135,316836,354554,228942,292021,67505,122838,3699959,2833390,501002,397968,806770,687767,171929,792,749
2021-07-16T23:59:59+02:00,19749,18073,221052,215139,337981,312288,361519,356441,429311,440997,487989,492783,339813,379957,240307,307270,70899,129547,2307,2165,111484,108529,213596,203640,246648,251691,334481,353397,415175,427409,315912,353620,228592,291604,67452,122757,3689734,2805603,500241,395601,806611,683942,165654,791,748
2021-07-15T23:59:59+02:00,19107,17445,218258,212711,336070,310572,359924,354995,427964,439805,487039,491926,339408,379529,240104,307015,70857,129442,2129,2024,107564,105286,205185,197360,239114,246063,327852,348137,408079,420943,314163,351797,228042,290932,67380,122558,3674620,2758801,499639,387126,806493,676484,162518,788,746
2021-07-14T23:59:59+02:00,18261,16720,215812,210378,334360,309036,358511,353645,426735,438602,486007,490966,338951,379064,239863,306703,70803,129354,1977,1879,103939,101928,198678,192161,233371,241375,323541,344639,403892,417306,312844,350478,227631,290371,67296,122403,3659643,2725001,499051,381566,806369,669659,159795,787,741
2021-07-13T23:59:59+02:00,17608,16062,213622,208347,332753,307652,357168,352406,425557,437507,485040,490103,338510,378588,239659,306456,70768,129261,1864,1770,100168,98373,192161,186728,226205,235292,316835,338559,395466,409421,311036,348548,227024,289573,67184,122201,3645746,2682015,498489,368845,806212,660150,157698,787,736
2021-07-12T23:59:59+02:00,16589,15126,210323,205155,330682,305907,355580,350928,424309,436295,484054,489203,338091,378111,239481,306227,70728,129184,1784,1699,97054,95640,186856,182405,219209,229595,309981,332509,390349,405133,309296,346674,226431,288836,67084,122031,3627182,2643560,497930,361690,806032,651706,155899,784,733
2021-07-11T23:59:59+02:00,16080,14649,208958,203875,329925,305178,354911,350294,423738,435786,483604,488856,337896,377904,239420,306122,70706,129144,1750,1673,95626,94346,184055,180083,216192,227290,307282,330348,387504,402737,306812,344042,226053,288365,67030,121933,3620874,2628484,497287,359689,805900,641178,154058,775,729
2021-07-10T23:59:59+02:00,15605,14189,207106,202081,328450,303904,353772,349312,423001,435187,483129,488457,337727,377738,239354,306036,70696,129124,1709,1626,94317,93069,181506,177956,213151,224799,304747,328180,386338,401697,306163,343369,225873,288176,67014,121906,3612249,2611627,496641,359458,805665,639414,151376,774,729
2021-07-09T23:59:59+02:00,15280,13908,205191,200235,326837,302439,352697,348342,422093,434468,482552,487976,337519,377514,239258,305916,70681,129090,1035,970,91516,90342,177960,174716,208796,220630,299711,323568,382885,398709,305064,342135,225567,287806,66976,121841,3603052,2582546,495768,357387,805469,631795,148764,770,728
2021-07-08T23:59:59+02:00,14812,13480,201694,197238,323509,299755,350303,346348,420376,433003,481117,486904,337071,377069,239080,305668,70636,129012,917,859,87205,86563,170700,169029,200641,214217,292322,317433,375908,392476,302327,339196,224786,286865,66859,121581,3587624,2536203,491714,348705,804950,621395,143821,766,726
2021-07-07T23:59:59+02:00,14310,13026,197946,193361,320324,296884,347978,344290,418814,431526,479907,485798,336589,376502,238888,305394,70597,128906,784,763,83515,83105,163372,163296,191569,207021,284315,310853,368854,385645,299006,335568,223872,285762,66717,121333,3566247,2488097,490340,335237,804563,611365,140875,764,723
2021-07-06T23:59:59+02:00,13850,12652,194506,189979,317051,294135,345496,341991,417091,429958,478635,484658,336083,375939,238693,305104,70543,128820,662,645,79937,79518,156669,157767,184143,200803,275356,302882,362348,379536,295798,332310,222983,284666,66609,121104,3546308,2435440,487263,328242,804148,601825,138436,762,723
2021-07-05T23:59:59+02:00,13452,12315,190098,185726,312979,290783,342978,339649,415406,428405,477485,483581,335609,375416,238513,304858,70510,128734,586,550,76860,76681,151531,153663,179366,196670,268426,296598,356225,373989,292516,328855,222094,283544,66499,120932,3523384,2396271,486093,323740,803651,591440,134329,756,719
2021-07-04T23:59:59+02:00,13274,12156,186251,181843,310333,288743,341658,338566,414518,427622,476899,483085,335383,375157,238425,304731,70484,128680,554,521,74669,74799,148410,151080,177021,194620,265967,294537,353095,371767,289196,325449,221512,282874,66443,120810,3511078,2382398,484796,321435,803086,579872,129803,756,718
2021-07-03T23:59:59+02:00,12077,11098,179814,175830,306052,285279,339313,336388,412698,425814,475683,482026,334982,374711,238251,304482,70460,128637,523,502,72885,73214,145976,149194,174577,192530,262897,291811,350809,369907,287435,323458,221244,282510,66411,120761,3484627,2366609,483386,321231,802906,575373,123611,756,718
2021-07-02T23:59:59+02:00,10978,10005,176093,172355,303621,283069,337551,334675,411444,424624,474907,481334,334723,374396,238137,304300,70432,128589,485,451,70182,70516,142038,145896,170115,188471,256832,286349,345571,365192,284174,319721,220602,281735,66362,120677,3466471,2333278,481902,318433,802722,562773,121069,750,704
2021-07-01T23:59:59+02:00,9880,9075,172409,168897,299573,279756,335048,332395,409643,423040,473808,480368,334303,373932,237936,304030,70386,128509,412,377,65275,65784,135692,140537,162806,181943,246546,277470,334748,355370,279380,314436,218746,279473,66183,120364,3443839,2276745,479800,306048,802376,545008,117897,749,699
2021-06-30T23:59:59+02:00,9390,8682,169130,165805,293938,275118,331361,329051,407870,421499,472785,479396,333881,373444,237744,303728,70352,128420,330,316,62133,62929,130036,135846,156148,175934,236475,268300,321320,342071,274157,308874,216853,277143,66015,120042,3418666,2221585,477624,293217,802088,526131,114125,748,697
2021-06-29T23:59:59+02:00,8852,8159,165317,162013,289383,270838,327789,325744,405752,419409,471235,477978,333292,372803,237488,303373,70297,128311,272,245,59334,59917,125076,131413,150109,170394,224600,257574,312742,333685,267692,301675,214873,274681,65812,119694,3391047,2162171,475622,288536,801762,508708,110494,746,693
2021-06-28T23:59:59+02:00,8447,7779,161980,158544,284331,266506,324474,322893,403606,417474,469746,476661,332773,372190,237255,303064,70253,128218,212,195,57052,57553,121152,127884,145744,166299,215360,249137,306939,328262,262740,296370,213108,272443,65664,119427,3367044,2126328,471647,279895,801103,492152,107275,746,691
2021-06-27T23:59:59+02:00,8299,7656,160462,157010,282219,264693,322667,321349,401901,416113,468846,475941,332482,371898,237152,302901,70234,128169,186,175,55844,56431,119016,126166,143167,164156,211233,245733,303558,325393,258917,292353,210645,269527,65553,119232,3356983,2110777,469568,276382,800056,475973,104256,745,689
2021-06-26T23:59:59+02:00,7144,6557,157190,153666,280105,262808,320247,319101,400708,414957,468147,475242,332213,371617,237045,302743,70210,128139,175,163,55296,55838,117663,125004,141734,162908,208985,243722,301020,322969,257378,290692,210309,269114,65526,119163,3337816,2093900,466736,276290,800049,473469,104115,727,672
2021-06-25T23:59:59+02:00,5921,5441,152879,149372,276703,259847,318188,317134,399395,413705,467144,474412,331923,371282,236918,302587,70183,128090,146,141,53999,54206,115166,122293,137629,158329,200198,235257,295316,317083,255649,288566,209713,268312,65455,119047,3312812,2051284,465304,274587,799997,466858,103881,727,668
2021-06-24T23:59:59+02:00,5055,4651,148422,145229,271848,255887,313904,313347,397189,411820,465766,473272,331494,370817,236749,302349,70149,128002,127,111,51345,51606,110007,117545,130262,151667,188123,224777,283883,306835,250257,282707,207873,265964,65252,118646,3281503,1989054,463292,262758,799830,453076,102176,726,666
2021-06-23T23:59:59+02:00,4834,4446,145249,142102,268135,252715,308658,308534,394694,409471,464360,471949,330964,370194,236519,302037,70101,127895,95,81,49399,49511,106198,113617,124569,145970,178206,216097,271888,294813,245636,277873,206533,264260,65089,118286,3253880,1932563,459761,252875,799669,442359,100388,724,661
2021-06-22T23:59:59+02:00,4581,4217,142167,138968,264412,249325,302526,303095,392055,406908,462817,470460,330413,369587,236299,301685,70054,127788,64,60,47699,47759,102574,110295,119752,141378,165595,204936,260961,284493,241562,273387,204607,261845,64837,117814,3221772,1874044,457820,245127,799478,431387,99110,723,652
2021-06-21T23:59:59+02:00,4322,3971,138901,136016,259694,245411,297275,298220,389001,404030,461339,469098,329891,369022,236078,301374,70014,127676,56,52,46460,46525,100177,108057,117001,138659,159358,199147,254060,277853,236201,267529,200663,257306,64652,117436,3189957,1842934,455770,239600,799274,411557,97141,718,650
2021-06-20T23:59:59+02:00,4178,3853,137384,134501,255425,241906,294681,295974,387606,402711,460545,468347,329666,368732,235966,301241,69994,127614,50,49,45320,45591,97905,106250,114712,136663,156319,196594,249742,273765,233185,263992,199674,256049,64570,117310,3172406,1822463,454000,236041,799115,403669,95603,716,643
2021-06-19T23:59:59+02:00,3762,3503,135227,132398,252670,239579,292892,294314,385758,401141,459701,467617,329445,368479,235863,301103,69974,127582,49,47,44771,44940,96626,104976,113228,135181,154806,195150,246507,270727,232454,263137,199501,255784,64548,117257,3156042,1806412,451168,234449,799104,403375,95483,716,642
2021-06-18T23:59:59+02:00,2810,2591,131934,129255,249140,236517,288872,290895,383351,399010,458359,466457,329069,368079,235708,300868,69948,127533,49,47,43984,44020,95043,103188,110918,132505,151251,191102,239626,263418,230717,261123,199012,255142,64472,117122,3130188,1777004,446726,233918,799076,396641,95192,715,639
2021-06-17T23:59:59+02:00,2574,2368,128217,125961,243097,232060,283632,286495,378548,395011,456026,464614,328473,367357,235463,300511,69883,127419,47,47,41735,42186,90976,99696,105994,127740,143362,183407,228213,252003,225496,255175,197357,252980,64212,116702,3095278,1721168,443725,229761,798814,385698,90707,669,630
2021-06-16T23:59:59+02:00,2303,2134,124973,122550,238189,227706,278923,282232,373372,390508,453427,462471,327732,366561,235171,300098,69817,127305,46,42,39896,40575,87424,96651,101624,123899,135096,176042,216086,240066,219248,248046,195428,250648,63959,116214,3061681,1661181,438172,224142,798323,377566,88095,666,627
2021-06-15T23:59:59+02:00,1914,1801,120055,117675,232198,222547,273559,277236,368300,385867,450573,460042,326860,365580,234820,299586,69735,127121,45,40,38276,38953,84086,93590,97643,119838,128023,169656,203708,228015,213202,241239,193458,248209,63649,115641,3016887,1603750,436233,218274,797759,369865,85368,665,624
2021-06-14T23:59:59+02:00,1651,1525,115993,113508,226961,217629,268187,272259,363007,381106,447447,457445,326072,364715,234510,299197,69673,127001,41,39,37295,38063,81804,91481,94921,117310,123893,165898,197090,221500,210077,237721,192319,246729,63430,115247,2974665,1574053,433874,215985,797498,362192,82608,665,620
2021-06-13T23:59:59+02:00,1578,1440,114499,112127,224504,215514,265641,269998,360749,379143,446273,456418,325796,364409,234373,299026,69641,126927,38,39,36423,37324,79938,89802,92900,115482,121062,163282,193204,217780,206980,234269,191280,245357,63197,114833,2959634,1559987,431433,208698,797198,353938,80542,664,617
2021-06-12T23:59:59+02:00,1429,1302,111846,109375,222607,213782,264252,268712,359310,377743,445378,455649,325506,364099,234281,298923,69623,126898,38,39,36053,36915,78948,88704,91638,114171,119476,161712,189630,214469,205945,233141,189881,243699,63187,114801,2943433,1546774,430455,208684,797176,346555,80399,662,616
2021-06-11T23:59:59+02:00,1283,1166,109292,106855,219701,211151,260575,265514,356165,375003,443660,454178,325069,363646,234144,298713,69596,126843,38,38,35374,35793,76929,85309,89392,110626,115356,156548,182904,206990,203844,230766,189273,242926,63124,114702,2918960,1519147,427651,207983,796995,333077,79684,661,614
2021-06-10T23:59:59+02:00,1120,1009,104537,102436,213617,206380,253507,259681,350062,369699,439163,450398,324213,362673,233825,298266,69512,126691,36,37,33790,34296,72916,81117,84453,105105,108659,148300,170512,193321,197741,223852,187540,240781,62868,114297,2875265,1471792,420534,206231,796162,306014,75534,656,607
2021-06-09T23:59:59+02:00,972,878,100610,98720,207629,201644,246679,253963,343387,363743,435475,447371,323533,361926,233552,297883,69448,126558,35,35,32250,33030,69669,78457,80745,101932,103919,144006,159336,182533,187083,211821,185668,238531,62594,113802,2836166,1417583,411995,202239,795651,294707,70859,638,600
2021-06-08T23:59:59+02:00,790,697,96072,94164,200982,196063,239714,247939,335113,356453,430363,442696,322695,360919,233177,297397,69368,126422,32,33,31173,32166,67076,76145,77451,99189,99320,140075,151704,175011,178342,202077,183855,236274,62363,113434,2784102,1378218,406213,197307,795065,283810,66321,636,591
2021-06-07T23:59:59+02:00,631,556,92843,91055,194900,191349,233148,242685,327275,350273,427306,440243,322150,360277,232961,297069,69314,126326,28,29,30295,31314,64598,74182,74489,97023,95542,137138,143599,167198,174272,197433,182420,234459,62139,113048,2745003,1350994,400031,193997,794501,272659,61483,634,590
2021-06-06T23:59:59+02:00,593,521,91260,89734,191602,188786,229786,239903,322987,346862,425865,439161,321871,359978,232853,296911,69291,126279,28,29,29690,30754,62816,72491,72399,95002,92334,134057,137890,161380,171731,194791,181307,233059,61910,112667,2729532,1339076,392629,184270,794010,262198,58714,633,583
2021-06-05T23:59:59+02:00,511,441,89313,87716,186713,184553,227314,237768,321168,345242,424866,438248,321587,359659,232703,296744,69277,126247,28,28,29228,29989,61607,70529,70992,92846,90641,131772,133115,156029,168715,191112,180821,232400,61876,112602,2705972,1315382,392496,183803,793918,256740,58317,631,580
2021-06-04T23:59:59+02:00,411,356,86951,85183,183037,180921,223291,233810,317568,341594,422502,436051,321127,359123,232508,296515,69238,126185,28,26,28755,29311,60476,68860,69683,90740,88841,129132,129732,152359,164462,186328,179828,231132,61828,112514,2676663,1296421,388666,183024,793800,246642,57859,629,576
2021-06-03T23:59:59+02:00,319,280,83661,82099,177285,176233,215998,227687,309829,334872,414735,429184,320088,357937,232138,296062,69183,126053,26,26,27865,28291,58562,66651,67267,87969,85171,124986,122939,145666,158095,178690,178250,229095,61713,112275,2627603,1267055,378401,177664,793375,233867,54857,627,564
2021-06-02T23:59:59+02:00,269,221,81573,79925,173169,172482,212334,224514,306223,331505,412678,427343,319676,357476,231985,295854,69155,126001,25,25,27393,27805,57420,65513,65644,86670,83084,123025,117943,140760,150194,169695,177525,228137,61628,112104,2598712,1234678,377009,175687,793348,230235,53898,622,551
2021-06-01T23:59:59+02:00,168,154,77296,76092,164871,165888,202946,216763,297107,323607,404459,419503,318164,355860,231443,295114,69043,125774,24,22,25839,26385,53092,62545,60783,83362,77635,118498,110501,133510,139058,156237,175409,225390,61421,111679,2539922,1184317,365327,171567,792592,218441,46967,616,538
2021-05-31T23:59:59+02:00,147,136,74544,73598,159199,161556,195620,210780,289711,317205,398711,414529,317163,354740,231054,294592,68953,125603,24,21,24924,25320,50460,60307,57598,80813,74013,115198,105978,129045,134882,151300,174032,223661,61252,111346,2499414,1161772,355917,169194,791946,208012,41095,615,528
2021-05-30T23:59:59+02:00,137,128,73490,72526,156709,159505,192986,208420,286911,314684,396823,412783,316799,354328,230892,294351,68915,125522,24,21,24316,24532,48857,58552,55844,78941,71754,112618,103304,126164,132718,148759,173237,222724,61158,111134,2483553,1151904,353387,167878,791316,196602,38176,613,514
2021-05-29T23:59:59+02:00,134,126,72878,71931,155193,158101,190685,206393,285068,313096,395984,412014,316575,354083,230811,294272,68904,125503,23,21,23987,24004,47931,57049,54496,77056,69820,109766,100973,123355,129895,145314,172577,221816,61131,111080,2469652,1138206,353224,167807,791253,186047,38144,611,505
2021-05-28T23:59:59+02:00,130,123,71790,70814,152784,155838,187000,202842,281786,309960,394121,410242,316161,353575,230664,294059,68885,125446,23,20,23452,22999,46314,54907,52652,74491,67766,105805,96626,117458,125490,140233,171599,220501,61084,110966,2445766,1115420,352168,167593,791045,171528,37757,608,495
2021-05-27T23:59:59+02:00,119,114,68466,67791,146283,150881,178804,196578,275378,304783,387802,404548,314890,352125,230203,293527,68813,125264,21,19,22123,21311,43051,51846,48755,70661,63183,99767,90247,109925,121537,135586,168782,216786,60909,110650,2401096,1086826,344530,164841,789234,151393,32006,604,484
2021-05-26T23:59:59+02:00,115,111,66306,65605,141321,146781,172691,191510,268619,299106,381058,397853,313362,350505,229708,292829,68708,125051,21,18,21376,20387,41214,49699,46393,67908,60133,95958,85643,104784,116534,129838,164969,211426,60698,110221,2363741,1054720,331306,163256,787406,139889,29265,600,475
2021-05-25T23:59:59+02:00,114,104,64277,63606,137105,143285,167636,187206,261544,292806,375621,392454,312074,349088,229295,292179,68625,124874,21,18,20795,19719,39802,48167,44546,65876,57652,92941,81547,100390,111562,124113,159393,204144,60528,109914,2326098,1022956,323788,159828,784854,130637,27622,597,466
2021-05-24T23:59:59+02:00,113,101,63028,62384,134337,141170,164348,184782,254591,286807,370673,387769,311241,348166,229008,291793,68554,124743,21,18,20447,19305,38773,47084,43191,64385,55964,90927,79295,97865,110120,122450,158780,203351,60415,109709,2302296,1013506,312660,158517,783045,123937,26064,597,456
2021-05-23T23:59:59+02:00,109,100,62525,61866,133233,140267,163144,183745,253343,285780,369080,386335,310616,347505,228835,291565,68534,124707,21,15,20212,19114,38214,46521,42424,63674,54788,89920,77791,96490,108932,121038,157797,202124,60344,109567,2290746,1005246,312069,155427,783000,122324,25926,597,442
2021-05-22T23:59:59+02:00,106,98,61828,61239,131733,139181,160766,182115,250366,283481,366594,384099,310086,346909,228658,291297,68508,124656,20,15,19892,18690,37593,45913,41784,63142,54130,89182,77016,95337,107380,119225,157022,201155,60316,109513,2272700,998516,312052,155420,782961,118872,24451,597,441
2021-05-21T23:59:59+02:00,102,96,60484,59795,128805,136569,157451,178784,245121,278705,360487,378401,309146,345810,228362,290898,68447,124548,20,15,19521,18320,36970,45133,41121,62084,53165,87778,75281,93031,104130,115268,155879,199700,60223,109337,2236494,985406,310406,155092,781381,112258,24159,591,435
2021-05-20T23:59:59+02:00,93,94,57426,56995,123051,131680,150498,172458,234791,269932,351444,370106,306600,343059,227592,289885,68315,124328,19,15,18220,17382,34783,42878,38654,59168,50327,83996,71344,88515,99982,110597,153401,196663,60039,108979,2178355,965949,303728,153129,775416,94562,21253,584,430
2021-05-19T23:59:59+02:00,91,92,55211,54796,118030,126989,143319,165828,224233,260561,340885,359185,303944,340193,226842,288836,68165,124051,19,15,17635,16594,33552,41282,37238,57095,48300,81206,68083,84926,96085,106113,149760,191911,59777,108487,2112308,942410,297463,151139,772432,85035,19429,580,412
2021-05-18T23:59:59+02:00,87,88,53106,52830,113238,122717,136918,160253,212652,250177,330992,349376,301271,337219,225961,287637,68015,123796,19,15,17112,15988,32331,39811,35870,55295,46478,78788,65181,81690,92059,101567,146549,187832,59565,108052,2052351,922062,288066,148261,768836,76364,17446,576,409
2021-05-17T23:59:59+02:00,82,82,52066,51830,110891,120646,134090,157591,206111,244150,323411,342274,299472,335242,225371,286814,67905,123584,18,15,16652,15536,31277,38761,34687,53992,44991,76982,62902,79279,87210,95690,145080,185946,59415,107739,2025456,910281,275739,140789,765398,69656,15378,569,399
2021-05-16T23:59:59+02:00,80,79,51275,51176,109438,119317,132340,155919,203131,241461,315970,335310,298446,334110,225061,286330,67852,123486,18,15,16368,15164,30524,37976,33809,53067,43922,75663,61561,77804,83791,91603,144287,184866,59329,107597,2010059,904139,265302,134019,762146,65515,13621,565,391
2021-05-15T23:59:59+02:00,79,79,50736,50540,108430,118322,131320,154796,201194,239521,312396,332090,297821,333425,224865,286058,67832,123422,18,15,16225,14999,30261,37662,33522,52633,43430,75010,60706,76814,83193,90785,143767,184200,59292,107548,1993806,898862,265278,133868,761275,64374,12909,564,388
2021-05-14T23:59:59+02:00,78,78,49474,49106,106163,116217,127712,151334,192964,232436,306075,326193,296837,332285,224578,285609,67783,123328,18,15,15724,14566,29465,36832,32734,51435,42342,73210,59125,74858,81273,88285,143153,183204,59251,107463,1956431,889121,263570,132982,756722,58930,11850,561,385
2021-05-13T23:59:59+02:00,75,76,47550,47143,102302,112968,122972,147213,182920,223834,295459,316361,293870,328862,223768,284471,67683,123120,16,14,14864,14116,28603,36123,31966,50525,41383,72106,57605,73282,77489,83923,140379,179591,59142,107247,1904736,876510,254913,125910,750484,55069,10822,555,375
2021-05-12T23:59:59+02:00,72,74,46632,46425,100375,111524,120897,145537,180350,221715,290723,311029,292707,327584,223528,284153,67645,123035,16,13,14698,13961,28276,35899,31554,50228,40931,71727,57059,72707,76133,82284,139595,178453,59055,107087,1881557,870699,252746,124106,749990,54793,10017,548,372
2021-05-11T23:59:59+02:00,68,69,44381,44947,96325,108433,115067,140801,166965,210426,279056,300255,289302,323667,222575,282756,67496,122736,15,12,14264,13394,27255,34464,30412,48414,39615,69446,55339,70428,73032,78687,138231,176612,58894,106725,1822610,858310,243001,121408,741463,46922,8531,543,370
2021-05-10T23:59:59+02:00,67,65,43123,43963,93712,106415,111798,138161,158553,203394,271169,293140,287125,321212,222002,281898,67372,122495,15,11,13919,12947,26490,33477,29613,47150,38608,67588,54107,68696,70939,76123,137086,175096,58775,106435,1786965,849396,236944,120347,734474,39716,7553,535,362
2021-05-09T23:59:59+02:00,66,65,41997,43186,91026,104646,109124,136386,153525,199964,265640,288189,285881,319816,221625,281368,67306,122348,15,11,13602,12724,25788,32805,28883,46341,37809,66623,53176,67748,69701,74714,136488,174254,58720,106304,1767572,844783,229835,119364,728460,34933,6562,526,358
2021-05-08T23:59:59+02:00,65,65,41704,42881,90173,103909,108018,135517,152067,198741,263069,286118,285378,319272,221505,281191,67290,122316,15,11,13501,12659,25652,32711,28736,46209,37618,66426,52834,67427,68735,73787,135415,172885,58673,106211,1755459,840142,229317,118610,728230,34150,6544,519,351
2021-05-07T23:59:59+02:00,64,65,40779,42163,88229,102559,105176,133291,147439,194923,256802,280598,284035,317667,221160,280738,67238,122194,15,11,12754,12175,24818,31968,27964,45144,36752,65159,51647,65906,66479,71090,133179,170054,58584,106034,1729587,830389,226104,116333,724099,27357,5594,514,347
2021-05-06T23:59:59+02:00,60,64,38130,40436,83472,99090,99162,128525,137225,186399,240333,266175,278906,311867,219870,279052,67063,121880,15,11,12069,11656,23873,30863,26961,43789,35386,63152,49903,63920,63981,67953,131068,167284,58470,105817,1663914,819243,216188,113210,713173,18980,4679,498,340
2021-05-05T23:59:59+02:00,58,62,36237,39233,79804,96496,94549,124867,129384,179853,225569,252119,272716,304726,218292,277059,66817,121358,15,10,11832,11379,23322,30133,26352,42860,34457,61748,48742,62497,61362,64831,128122,163576,58372,105566,1597611,806870,211099,109633,707117,15010,3610,494,332
2021-05-04T23:59:59+02:00,58,60,35124,38118,77064,94163,91034,121815,123797,175114,214921,241826,267225,298273,216843,275215,66608,120891,15,10,11666,11171,22907,29589,25882,42077,33725,60647,47625,61213,58626,61632,125750,160636,58223,105330,1548448,794873,205966,106991,701019,11857,2955,483,326
2021-05-03T23:59:59+02:00,57,58,34250,37065,74762,92334,88152,119454,119351,171462,208245,235817,263931,294402,216047,274126,66485,120596,15,10,11418,10898,22509,28999,25395,41372,33033,59677,46597,60067,55822,58281,121967,155734,57965,104891,1516607,778939,202848,105271,696072,9096,1303,474,317
2021-05-02T23:59:59+02:00,57,58,33895,36749,73575,91419,86667,118347,116911,169587,205140,233288,262964,293310,215762,273719,66418,120488,15,9,11343,10820,22314,28782,25160,41083,32684,59269,46138,59586,54629,56813,118891,152053,57881,104759,1505934,773869,200047,99704,692181,8190,431,463,306
2021-05-01T23:59:59+02:00,56,58,33576,36366,72810,90624,85593,117303,115437,168218,202048,230254,262272,292482,215551,273438,66407,120449,15,9,11329,10804,22258,28751,25094,41043,32621,59212,46056,59507,54386,56519,118734,151855,57872,104742,1490799,772545,200037,99662,691913,8142,424,462,303
2021-04-30T23:59:59+02:00,53,56,33030,35763,71599,89399,84123,115566,111653,164639,194634,223138,260279,290110,215102,272829,66347,120340,15,9,11003,10608,21893,28471,24816,40615,32290,58649,45586,58870,53488,55354,117782,150668,57817,104623,1457846,768844,199708,97666,691109,5796,222,458,297
2021-04-29T23:59:59+02:00,51,55,31527,34807,68663,87362,80475,112945,106524,160515,181799,211576,252337,280998,213905,271198,66213,119997,15,9,10692,10393,21413,28019,24384,40114,31699,57906,44782,57935,51647,53153,115930,148423,57716,104426,1402828,759981,192420,94978,685723,3471,197,445,293
2021-04-28T23:59:59+02:00,50,54,30291,34193,66788,86045,77990,111117,103094,157654,172092,202385,241478,268395,212622,269513,66016,119671,15,9,10502,10229,21105,27657,24014,39636,31264,57244,44044,57101,49497,50515,113345,145181,57591,104214,1350097,750327,189055,90412,680349,2245,164,438,275
2021-04-27T23:59:59+02:00,47,53,29531,33504,65201,84567,75970,109300,100325,155254,167348,197643,232962,258577,211476,267896,65896,119449,15,9,10377,10116,20819,27362,23775,39302,30901,56740,43349,56409,47486,47966,110703,141740,57472,104013,1315968,740481,186745,86396,672344,1520,162,425,254
2021-04-26T23:59:59+02:00,46,53,29100,33118,64098,83673,74461,108126,98025,153535,158724,189628,228765,253724,210768,266898,65803,119250,15,9,10281,10026,20598,27170,23535,39083,30600,56394,42730,55831,45675,45812,108807,139253,57376,103858,1286956,732488,185303,83286,665608,1138,155,410,244
2021-04-25T23:59:59+02:00,46,52,28847,32878,63313,83141,73389,107382,96281,152295,153321,184747,224427,248836,210177,266116,65737,119127,15,9,10225,9990,20517,27085,23445,38997,30490,56266,42565,55671,45262,45314,108126,138345,57348,103788,1274116,730800,179158,81515,656915,1006,152,402,243
2021-04-24T23:59:59+02:00,46,51,28500,32449,62369,81914,72201,105925,94722,150627,148406,179589,221639,245494,209708,265442,65703,119077,15,9,10210,9970,20474,27040,23388,38928,30409,56179,42414,55536,45018,45002,107876,138049,57327,103760,1249188,729693,179125,80814,655621,962,151,398,241
2021-04-23T23:59:59+02:00,45,51,27749,31825,60794,80395,70395,103900,92118,147973,143601,175183,217072,239935,209053,264454,65640,118962,15,9,10157,9905,20363,26953,23250,38777,30172,55968,42047,55204,44402,44242,106811,136761,57170,103484,1224196,726316,177939,78335,647077,910,146,394,238
2021-04-22T23:59:59+02:00,43,50,27129,31222,59254,78955,67919,101671,87974,144471,135543,167680,208039,228934,207015,261826,65441,118565,14,9,10032,9806,20109,26654,22893,38338,29654,55451,41285,54566,43239,42925,104810,134307,56941,103086,1182597,718804,170472,74404,638724,789,146,387,230
2021-04-21T23:59:59+02:00,43,46,26632,30700,57920,77840,66026,100030,84922,141825,128349,160857,194943,213591,204867,258939,65215,118139,14,9,9899,9718,19874,26401,22602,38011,29292,54995,40730,54028,42387,41900,102611,131511,56686,102668,1131015,712209,167583,70298,632341,714,146,383,222
2021-04-20T23:59:59+02:00,41,45,26203,30228,56744,76688,64339,98434,82361,139246,123255,155776,183466,200121,202438,255801,64979,117710,13,9,9794,9624,19652,26210,22304,37735,28877,54573,40186,53497,41565,40964,100384,128514,56347,102134,1088289,704605,164089,67043,625550,632,144,379,211
2021-04-19T23:59:59+02:00,41,44,25835,29867,55766,75869,63048,97255,80224,137318,119717,152375,177695,193278,200728,253570,64794,117381,13,9,9686,9531,19416,25988,22056,37459,28559,54179,39672,52962,40768,40059,97267,124514,55940,101419,1063674,694181,162252,64624,618935,592,143,372,209
2021-04-18T23:59:59+02:00,40,39,25526,29602,54990,75317,61917,96305,78356,135890,116345,149975,172577,187718,199713,252339,64682,117189,13,9,9612,9454,19225,25809,21875,37289,28342,53899,39411,52711,40439,39677,96053,122961,55756,101118,1049630,690282,160580,62696,608362,577,143,367,206
2021-04-17T23:59:59+02:00,39,38,25413,29506,54614,75115,61397,95948,77699,135284,115492,149232,168315,182825,199179,251615,64648,117124,13,9,9567,9395,19085,25620,21687,37060,28114,53624,39147,52443,40135,39352,95286,122033,55691,101034,1038707,686253,160546,62380,604282,565,143,366,205
2021-04-16T23:59:59+02:00,39,38,25036,29255,53619,74499,60102,95063,76064,133948,111339,145079,160662,174039,197518,249411,64540,116916,13,9,9361,9218,18687,25182,21095,36482,26998,52714,37115,50837,36795,36386,92086,118494,55288,100378,1012728,671077,159749,55433,594744,534,141,362,201
2021-04-15T23:59:59+02:00,37,34,24558,28805,52357,73326,58132,93334,72773,131100,105857,139793,152781,165052,192862,243537,64245,116299,13,9,9186,9053,18315,24751,20598,35813,26317,51910,35725,49604,34674,34330,88957,114745,54779,99521,980452,657895,157687,49835,576798,483,139,354,194
2021-04-14T23:59:59+02:00,35,31,24217,28477,51411,72385,56784,91937,70382,128932,101852,136009,143568,154655,185120,233659,63904,115634,13,9,8773,8775,17836,24240,20056,35156,25399,51032,34436,48483,32618,32165,85971,111088,54285,98658,942501,642907,155009,45608,561543,391,138,342,193
2021-04-13T23:59:59+02:00,35,31,23973,28252,50704,71844,55821,91094,68730,127508,98113,132560,131711,141507,178723,225330,63566,115045,13,9,8533,8595,17484,23822,19618,34606,24720,50232,33355,47459,31226,30795,83802,108678,53925,98113,909103,633422,150484,41210,545022,268,137,336,191
2021-04-12T23:59:59+02:00,35,30,23764,28060,50146,71326,54948,90353,67253,126213,95468,130230,124591,133474,175497,221383,63295,114554,13,9,8296,8406,17117,23520,19245,34164,24243,49695,32687,46831,29690,29249,82136,106735,53598,97591,892646,624933,148932,37952,529110,256,135,327,186
2021-04-11T23:59:59+02:00,34,30,23588,27892,49612,70901,54207,89892,66102,125404,93598,128742,119096,127446,171580,216778,63125,114256,13,9,8159,8272,16816,23240,18924,33847,23883,49312,32239,46445,29050,28577,81116,105487,53389,97272,885117,619609,144519,36120,512726,242,129,318,182
2021-04-10T23:59:59+02:00,34,30,23526,27833,49439,70758,54000,89730,65767,125128,93071,128300,117009,124911,170139,214924,63083,114156,13,9,7570,7665,15920,22451,17962,33004,22760,48273,31123,45443,28385,27863,79020,102877,53121,96837,878081,604237,143660,35741,510184,239,120,316,181
2021-04-09T23:59:59+02:00,33,30,23278,27582,48927,70259,53345,89029,64766,123995,91237,126385,108173,113957,166757,210514,62883,113798,12,9,6609,6762,14384,21125,16237,31443,20616,46301,28901,43429,26601,26030,75507,98681,52577,95997,858580,576697,136598,34220,499865,227,108,309,179
2021-04-08T23:59:59+02:00,33,30,22979,27334,48342,69764,52583,88330,63448,122906,88806,124211,97844,101940,161207,203662,62553,113229,12,9,5963,6172,13187,20104,14973,30103,18974,44582,26401,41095,23574,23052,70830,92870,51419,94229,839834,544997,127693,32277,481781,201,96,304,177
2021-04-07T23:59:59+02:00,31,29,22663,27104,47528,69290,51645,87700,62047,121911,85640,121751,88622,91625,154195,194872,62259,112672,12,9,5582,5848,12522,19425,14152,29270,17932,43533,24486,39198,21028,20523,66853,88080,50421,92609,819304,521443,122081,29796,460316,176,87,291,173
2021-04-06T23:59:59+02:00,30,29,22449,26945,46993,68902,51054,87170,61011,121132,83525,120000,80855,82805,147814,186898,61913,112045,12,9,5384,5689,12167,19061,13796,28832,17395,42965,23625,38381,19895,19491,63679,83967,49497,91216,799973,508011,118861,26828,442863,164,81,279,169
2021-04-05T23:59:59+02:00,30,28,22349,26820,46679,68551,50659,86762,60455,120437,82339,118844,76369,77707,142830,180802,61712,111729,12,9,5245,5549,11907,18805,13502,28516,17075,42587,23176,37920,19431,19020,60782,80402,48800,90147,790492,498640,117106,24033,427641,159,75,269,168
2021-04-04T23:59:59+02:00,30,28,22299,26755,46556,68274,50487,86446,60174,119934,81823,118209,74919,75993,142128,179828,61675,111647,12,9,5239,5540,11888,18788,13490,28498,17055,42571,23077,37847,19024,18698,59340,78549,48593,89835,787926,493829,116995,24028,422433,152,69,263,164
2021-04-03T23:59:59+02:00,30,28,22237,26674,46429,68164,50321,86267,59858,119618,81253,117627,73573,74358,141013,178292,61592,111499,12,9,5228,5531,11875,18768,13468,28478,17021,42524,22971,37772,18888,18547,58985,77982,48504,89688,781551,492030,116951,24028,420480,150,68,262,164
2021-04-02T23:59:59+02:00,30,28,22158,26587,46264,67994,50096,86017,59383,119157,80364,116813,72016,72471,138730,175311,61399,111139,12,9,5207,5493,11825,18724,13413,28395,16932,42374,22698,37293,18531,18184,56645,75092,47690,88584,772402,483531,115167,23383,418542,150,64,258,160
2021-04-01T23:59:59+02:00,27,27,21963,26381,45844,67474,49448,85273,58509,118213,78476,115142,68749,69036,134637,170131,61082,110571,12,9,5060,5349,11549,18458,13187,28157,16610,42065,22191,36849,17699,17430,51772,69035,45997,86104,760728,465360,109069,22007,411344,137,59,253,155
2021-03-31T23:59:59+02:00,26,27,21633,26161,45440,66943,48946,84616,57773,117270,77312,113902,66696,66709,129876,164010,60676,109847,11,9,4982,5296,11449,18334,13020,28001,16370,41796,21593,36331,16560,16524,46537,62600,44610,84110,750929,446920,101886,21061,405214,134,51,250,152
2021-03-30T23:59:59+02:00,26,26,21455,25936,45036,66324,48436,83813,57060,116215,76171,112521,64849,64686,125496,158255,60209,108953,11,9,4915,5209,11342,18206,12825,27809,16038,41471,21017,35785,15721,15717,43769,59178,43496,82309,740723,435018,97658,19693,397268,107,44,239,147
2021-03-29T23:59:59+02:00,25,26,21257,25697,44572,65773,47955,83116,56322,115132,74931,111081,62348,61934,118760,149630,59439,107561,11,9,4815,5137,11234,18087,12667,27641,15789,41147,20553,35316,15067,15173,41161,56182,42388,80479,720160,423758,94236,19003,391350,90,42,234,144
2021-03-28T23:59:59+02:00,25,26,21053,25404,44070,65078,47433,82369,55640,114124,73977,109968,61087,60496,114049,143657,58996,106804,11,9,4758,5076,11089,17935,12407,27340,15596,40900,20385,35082,14826,14926,40083,54762,42036,79937,713597,419420,86925,17675,383920,69,42,230,133
2021-03-27T23:59:59+01:00,25,26,20932,25245,43772,64713,47068,81839,55134,113433,73301,109230,59932,59406,112559,141950,58929,106722,11,9,4743,5064,11062,17915,12388,27309,15234,40469,19985,34644,14531,14715,39597,54075,41564,79120,708315,415357,86221,17022,379865,64,42,227,131
2021-03-26T23:59:59+01:00,25,25,20680,24732,42960,63005,46091,79813,53792,110405,71282,105609,57911,57516,109806,138712,58601,106204,9,9,4723,5031,11040,17863,12316,27216,15155,40358,19641,34049,14059,14060,36510,50222,39503,75861,696890,400781,82901,16802,367566,52,39,220,131
2021-03-25T23:59:59+01:00,25,22,20248,24059,42080,61237,44990,77255,52279,106870,68886,101842,55312,54876,106490,134744,58031,105211,9,9,4677,4975,10949,17759,12192,27071,14966,40140,19360,33739,13578,13564,32661,45163,36498,71303,685432,382375,78695,16205,350522,45,36,215,127
2021-03-24T23:59:59+01:00,25,22,19844,23607,41294,59960,43964,75708,50893,104938,66780,99504,52522,51956,102235,129653,57392,104135,9,9,4621,4907,10855,17616,12024,26868,14735,39852,18993,33318,13119,13116,30086,41946,33374,66456,672592,366778,73814,15107,338222,39,31,211,123
2021-03-23T23:59:59+01:00,25,22,19596,23299,40732,59032,43234,74607,49847,103422,65106,97639,50218,49609,99480,126439,56835,103298,9,9,4560,4835,10755,17487,11874,26682,14489,39537,18576,32927,12615,12605,27647,38830,29671,60515,664399,349093,70470,14517,327768,35,29,209,121
2021-03-22T23:59:59+01:00,25,22,19370,22877,40084,58143,42560,73560,48898,102032,63630,96006,48382,47714,97084,123699,56366,102533,6,8,4503,4789,10667,17369,11742,26505,14329,39297,18335,32625,12299,12231,25802,36459,25666,54024,658050,332688,67665,13960,317464,30,29,207,119
2021-03-21T23:59:59+01:00,25,22,19230,22615,39585,57380,41995,72706,48237,100868,62682,94770,47332,46685,95440,121848,55994,101953,6,8,4487,4780,10630,17321,11692,26417,14268,39208,18253,32524,12178,12094,25372,36010,25312,53464,655413,330478,65633,13546,308515,30,24,205,115
2021-03-20T23:59:59+01:00,25,22,19169,22470,39370,56884,41755,72145,47921,100231,62239,94166,46674,45916,92845,118616,55706,101469,6,8,4478,4771,10620,17308,11663,26400,14225,39173,18172,32448,12023,11934,24731,35238,24547,52381,648932,326768,65182,13358,303700,30,24,203,115
2021-03-19T23:59:59+01:00,24,21,18812,21903,38239,54754,40470,70148,46183,98139,59354,91405,42229,42041,87621,112855,55007,100391,6,8,4457,4756,10587,17258,11598,26287,14133,38999,17935,32148,11667,11651,23050,33172,22862,49808,631160,317391,57965,12994,290661,28,23,199,114
2021-03-18T23:59:59+01:00,24,20,18417,21252,37057,52596,38930,67356,44025,93663,55504,85603,38189,38226,82886,107375,53917,98737,6,8,4437,4727,10520,17155,11519,26131,13986,38809,17725,31947,11433,11468,21803,31648,21146,47208,614195,309301,52227,12379,267539,26,22,195,111
2021-03-17T23:59:59+01:00,23,19,17989,20897,36325,51671,38163,66397,42942,92304,53715,83775,35509,35434,78870,102542,52976,97266,5,8,4414,4699,10456,17055,11444,25996,13872,38619,17529,31757,11196,11243,20549,30227,19555,44802,597492,301775,47823,11664,261679,24,20,193,104
2021-03-16T23:59:59+01:00,22,19,17629,20476,35572,50599,37346,65195,41841,90624,51872,81787,33298,33414,74830,97577,52094,95952,5,6,4363,4647,10384,16925,11354,25843,13772,38379,17394,31513,11015,11059,19267,28701,18073,42474,584189,293962,43130,11229,253003,23,17,190,103
2021-03-15T23:59:59+01:00,22,19,17348,20110,34858,49611,36551,64001,40932,89144,50608,80181,31569,31574,71534,93478,51401,94820,5,6,4341,4612,10316,16802,11286,25640,13654,38090,17245,31239,10846,10898,18536,27734,16805,40611,573028,288118,39799,10579,245120,23,5,183,99
2021-03-14T23:59:59+01:00,22,18,17076,19682,34003,48404,35648,62681,39867,87316,49351,78451,30399,30328,69535,90913,50958,94142,5,6,4316,4593,10271,16724,11229,25498,13593,37868,17153,31074,10773,10811,18357,27453,16543,40049,565893,286913,37919,9447,235169,14,2,178,98
2021-03-13T23:59:59+01:00,22,18,16256,18617,32502,46356,34068,60538,37822,84232,47208,75887,29043,28969,67515,88287,50690,93752,5,6,4316,4592,10269,16718,11224,25489,13584,37860,17145,31064,10739,10777,17608,26564,15496,38592,549520,282648,37635,9446,224792,13,2,178,95
2021-03-12T23:59:59+01:00,21,17,15154,17240,30055,43706,31399,57395,34951,79378,43989,71412,26201,25779,63201,82976,49705,92349,5,5,4303,4557,10249,16656,11204,25436,13537,37742,17056,30932,10459,10550,16713,25309,14423,37063,521429,276814,36322,9432,207332,11,2,173,93
2021-03-11T23:59:59+01:00,20,17,14111,15776,27790,41006,29071,54207,32355,74985,40225,66517,22786,22297,57171,75646,47776,89519,5,5,4261,4516,10167,16537,11090,25210,13418,37431,16891,30624,10156,10335,16086,24463,13753,35784,489300,272793,34728,7999,187379,9,2,167,81
2021-03-10T23:59:59+01:00,20,17,13517,15075,26376,39389,27411,52379,30789,72662,37696,63388,20027,19733,51250,68502,46225,87180,5,5,4224,4472,10068,16369,10968,24955,13269,37010,16691,30249,9912,10145,15344,23689,13092,34757,462831,268035,32680,7253,176257,5,2,163,78
2021-03-09T23:59:59+01:00,19,16,13233,14609,25246,38346,25993,51195,29722,71007,36314,61550,18838,18603,47736,64048,45102,85391,5,5,4199,4446,9983,16201,10864,24695,13115,36693,16513,30012,9785,10040,14678,22849,12593,33981,449201,264311,30135,6415,167753,5,2,161,72
2021-03-08T23:59:59+01:00,18,16,12901,13997,24164,37230,24721,50052,28783,69522,35071,59930,17762,17719,43612,59066,43875,83406,5,5,4184,4410,9921,16003,10761,24431,12980,36333,16381,29746,9701,9956,14181,22242,12277,33537,433724,261106,28125,6020,160116,1,2,157,71
2021-03-07T23:59:59+01:00,18,16,12667,13702,23567,36375,24020,49172,28179,68650,34455,59168,17497,17463,42544,57614,43509,82847,5,5,4171,4395,9898,15960,10733,24355,12948,36163,16324,29632,9679,9927,13982,21986,12142,33331,428944,260035,26307,5674,156334,0,2,150,70
2021-03-06T23:59:59+01:00,17,16,12552,13411,23163,35636,23483,48378,27126,67115,33352,57401,17109,17132,41897,56723,43209,82379,5,5,4168,4381,9886,15933,10715,24321,12938,36122,16306,29601,9661,9886,13935,21948,12039,33120,424860,259655,26243,5390,149114,0,2,149,68
2021-03-05T23:59:59+01:00,17,16,12138,12808,22479,34430,22795,47147,26369,65479,32114,54982,16459,16296,38434,52422,41056,78939,5,5,4141,4333,9816,15831,10664,24173,12870,35926,16219,29392,9566,9816,13750,21737,11668,32507,409666,257955,24789,4542,140036,0,1,149,65
2021-03-04T23:59:59+01:00,15,16,11378,11794,21289,32700,21578,45095,25010,62826,30417,52622,15728,15575,34428,47253,37977,74250,5,5,4091,4240,9701,15535,10561,23815,12737,35391,16073,28988,9385,9659,13590,21527,11584,32361,391202,254885,22706,4444,126151,0,1,148,59
2021-03-03T23:59:59+01:00,14,16,11066,11294,20601,31481,20800,43730,24094,61074,29371,50978,15249,15070,31810,43927,34886,69478,5,5,4049,4175,9620,15361,10480,23559,12628,34968,15892,28639,9199,9531,13463,21307,11440,32085,375727,252214,21908,4276,117409,0,1,144,53
2021-03-02T23:59:59+01:00,14,16,10804,10864,19950,30504,20084,42708,23306,59681,28394,49700,14619,14417,29132,40559,30988,63257,5,5,4001,4102,9557,15194,10410,23291,12520,34535,15788,28329,9072,9428,13323,21115,11363,31940,357495,249790,20394,4271,111211,0,0,141,53
2021-03-01T23:59:59+01:00,12,15,10631,10604,19435,29696,19520,41823,22714,58610,27679,48575,14195,13963,27057,37975,26717,56351,5,5,3985,4052,9501,15036,10341,22991,12436,34158,15678,28005,8987,9366,13140,20845,11247,31756,340228,247344,19277,4271,106168,0,0,138,53
2021-02-28T23:59:59+01:00,12,15,10460,10401,18966,29042,18980,41081,22232,57753,27187,47778,13985,13718,26450,37313,26312,55748,5,5,3968,4037,9475,15003,10322,22939,12418,34088,15650,27957,8960,9342,13007,20665,11183,31606,337755,246481,18412,4233,101365,0,0,137,50
2021-02-27T23:59:59+01:00,12,15,10281,9886,18637,28177,18721,40292,21948,56769,26860,46989,13712,13417,25781,36512,25388,54330,5,5,3954,4025,9453,14982,10289,22892,12379,34005,15603,27883,8939,9325,12986,20640,11161,31586,333845,246116,17690,4082,96288,0,0,136,48
2021-02-26T23:59:59+01:00,11,14,9484,9102,17737,26741,17939,38086,21015,53919,25399,44167,13245,13015,24188,34521,23859,52023,5,5,3873,3956,9373,14822,10214,22636,12299,33639,15486,27590,8859,9244,12919,20571,11121,31516,324706,244207,17435,4008,82415,0,0,133,46
2021-02-25T23:59:59+01:00,11,14,8328,8250,16414,25130,16669,35831,19777,51031,23688,41384,12767,12614,22909,32930,22360,49740,5,5,3749,3810,9207,14503,9990,22029,12041,32775,15156,26932,8662,9092,12656,20246,10981,31248,317075,240043,16659,3133,66196,0,0,129,43
2021-02-24T23:59:59+01:00,10,13,7962,7726,15762,24096,16044,34594,19062,49516,22896,40186,12372,12277,21602,31434,20685,47113,4,5,3676,3740,9063,14208,9811,21570,11834,32143,14893,26393,8519,8952,12512,20073,10916,31036,308838,237251,15693,2185,58898,0,0,129,42
2021-02-23T23:59:59+01:00,10,13,7479,7248,14947,22918,15357,33376,18339,48107,22173,39114,12055,11950,20261,29860,19071,44558,4,5,3634,3663,8942,14004,9670,21171,11646,31561,14590,25888,8348,8807,12383,19861,10844,30798,300701,234388,14891,1519,51318,0,0,128,41
2021-02-22T23:59:59+01:00,9,11,7372,7042,14564,22300,15003,32648,17872,47098,21678,38380,11851,11700,19512,28847,17751,42604,4,5,3604,3561,8804,13713,9507,20668,11391,30814,14219,25286,8098,8611,12182,19606,10738,30487,294814,231058,14283,325,47216,0,0,124,41
2021-02-21T23:59:59+01:00,9,11,7280,6916,14236,21853,14584,32064,17455,46446,21238,37886,11743,11597,19350,28633,17503,42270,4,5,3564,3521,8718,13587,9426,20449,11318,30520,14096,25013,8038,8550,12124,19495,10667,30323,293661,229195,13913,307,43572,0,0,119,40
2021-02-20T23:59:59+01:00,9,11,7163,6866,14109,21773,14466,31926,17334,46292,21076,37703,11643,11512,18567,27716,16444,40799,4,5,3562,3514,8707,13579,9416,20428,11303,30495,14081,25002,8033,8541,12059,19431,10613,30254,289395,228806,13716,306,42369,0,0,117,39
2021-02-19T23:59:59+01:00,7,10,6861,6613,13754,21333,14092,31255,16859,45496,20370,36830,11036,11109,17517,26386,15287,39190,4,5,3482,3489,8631,13548,9373,20369,11265,30402,14021,24907,7991,8481,11840,19159,10420,29924,282998,227093,13339,304,37737,0,0,114,38
2021-02-18T23:59:59+01:00,7,10,6462,6140,13126,20188,13451,29882,16043,43627,19492,35250,10803,10889,16925,25632,14709,38303,4,5,3294,3351,8296,13009,9078,19616,10914,29357,13651,24075,7783,8170,11251,18203,9922,28766,279403,218530,12759,301,28846,0,0,108,37
2021-02-17T23:59:59+01:00,7,9,6296,5797,12680,19309,12957,28692,15341,41905,18841,33924,10570,10633,16169,24817,13933,37118,3,5,3044,3190,7954,12491,8777,18824,10544,28308,13263,23222,7548,7932,10693,17350,9484,27950,274730,210367,12025,296,22312,0,0,102,37
2021-02-16T23:59:59+01:00,7,9,5970,5495,12143,18475,12453,27618,14795,40529,18246,32890,10413,10528,15499,23988,13425,36334,3,5,2862,3070,7649,12035,8471,18098,10147,27214,12798,22321,7273,7633,9971,16170,8751,26393,271198,200809,11528,140,16164,0,0,96,32
2021-02-15T23:59:59+01:00,7,9,5862,5311,11846,17831,12186,26835,14445,39535,17895,32118,10283,10415,14940,23335,13064,35797,3,5,2773,2990,7454,11709,8252,17589,9843,26364,12444,21637,6992,7346,9269,15110,8236,25110,268086,193120,10925,94,12778,0,0,91,28
2021-02-14T23:59:59+01:00,7,9,5594,5193,11598,17560,11961,26400,14213,39088,17704,31841,10237,10364,14705,22994,12900,35404,3,5,2722,2952,7337,11540,8122,17381,9666,26030,12266,21334,6895,7220,9045,14727,8049,24573,267079,189866,9987,91,10780,0,0,90,25
2021-02-13T23:59:59+01:00,7,9,5534,5155,11547,17522,11930,26368,14184,39055,17684,31821,10223,10335,14678,22962,12886,35386,3,5,2718,2949,7331,11531,8110,17359,9649,25995,12239,21290,6863,7184,8890,14513,7696,23941,266829,188349,9984,8,10548,0,0,89,23
2021-02-12T23:59:59+01:00,7,8,5017,4838,10978,17158,11613,25816,13864,38414,17353,31181,10112,10228,14495,22749,12805,35276,3,5,2667,2916,7235,11372,8009,17127,9501,25603,12026,20843,6680,6948,8526,13949,7102,22595,265135,183193,9971,6,6880,0,0,88,22
2021-02-11T23:59:59+01:00,7,8,4556,4536,10389,16475,11200,25008,13383,37151,16864,30321,9796,9965,14213,22300,12524,34589,3,5,2498,2641,6634,10177,7317,15391,8638,22983,10968,18756,6025,6230,7474,12331,6284,20277,261895,164718,8327,3,3138,0,0,83,15
2021-02-10T23:59:59+01:00,7,8,4307,4369,10055,16025,10888,24470,13070,36265,16450,29571,9577,9826,14030,22094,12432,34379,3,5,2135,2348,5696,8707,6503,13340,7651,20072,9837,16708,5481,5640,6485,10666,5507,18214,259234,145085,7825,2,841,0,0,76,3
2021-02-09T23:59:59+01:00,7,8,4244,4269,9931,15755,10779,24063,12895,35647,16235,29098,9398,9685,13834,21880,12289,34154,3,5,1740,1996,4911,7435,5728,11538,6732,17549,8750,14708,4903,5010,5433,9096,4772,16091,256772,126478,7043,1,434,0,0,74,2
2021-02-08T23:59:59+01:00,7,8,4210,4215,9835,15544,10666,23701,12772,35188,16089,28739,9303,9618,13631,21595,12182,33957,3,5,1575,1799,4348,6438,5061,9957,5915,15020,7733,12846,4349,4478,4456,7500,4009,14001,254380,109564,6529,1,428,0,0,71,2
2021-02-07T23:59:59+01:00,7,8,4045,4148,9678,15409,10564,23536,12691,34926,15975,28544,9262,9571,13487,21415,12107,33813,3,5,1361,1552,3925,5765,4641,9075,5486,13850,7243,11882,4095,4217,4224,7104,3848,13401,253283,101746,5983,1,0,0,0,66,1
2021-02-06T23:59:59+01:00,7,8,4035,4139,9667,15393,10551,23501,12669,34876,15956,28488,9243,9558,13469,21380,12001,33616,3,5,1208,1357,3692,5459,4456,8649,5267,13265,6963,11324,3959,4082,4097,6954,3568,12944,252939,97318,5698,1,0,0,0,66,0
2021-02-05T23:59:59+01:00,7,7,3962,4070,9594,15250,10484,23250,12584,34508,15842,28204,9159,9483,13398,21305,11651,33021,3,4,1067,1126,3410,5012,4197,8065,4952,12486,6579,10596,3702,3836,3936,6722,3057,12052,251054,90864,4805,0,0,0,0,64,0
2021-02-04T23:59:59+01:00,7,7,3904,3945,9472,14931,10305,22702,12395,33711,15628,27640,9036,9371,13172,21010,11537,32814,3,2,804,791,2583,3757,3262,6315,3997,9935,5254,8374,3026,3122,3316,5734,2668,10555,247090,73544,4577,0,0,0,0,63,0
2021-02-03T23:59:59+01:00,7,7,3834,3872,9368,14708,10202,22365,12262,33202,15480,27224,8926,9256,13031,20833,11461,32649,3,2,667,622,1952,2833,2522,4876,3019,7633,4023,6311,2208,2247,2417,4242,1933,7896,244366,55439,4403,0,0,0,0,61,0
2021-02-02T23:59:59+01:00,7,7,3767,3776,9268,14512,10103,21986,12121,32638,15277,26772,8798,9139,12908,20626,11378,32384,2,2,531,491,1481,2097,1929,3667,2272,5806,3005,4722,1567,1548,1653,2797,1347,5253,241150,40192,4399,0,0,0,0,59,0
2021-02-01T23:59:59+01:00,6,7,3727,3684,9189,14281,9996,21600,11983,32001,15092,26267,8676,8990,12799,20482,11330,32205,1,0,394,357,1034,1448,1272,2447,1483,3804,1871,2996,997,986,980,1709,772,3038,237998,25601,4399,0,0,0,0,57,0
2021-01-31T23:59:59+01:00,6,7,3706,3648,9134,14171,9924,21393,11915,31702,14989,26071,8620,8931,12747,20369,11285,32075,1,0,363,336,909,1257,1082,2071,1281,3249,1636,2625,898,895,878,1525,701,2730,236493,22447,4282,0,0,0,0,55,0
2021-01-30T23:59:59+01:00,6,7,3705,3645,9123,14157,9909,21369,11902,31682,14977,26057,8616,8926,12678,20300,11218,31997,1,0,347,311,848,1173,1024,1947,1217,3059,1561,2489,869,869,859,1485,686,2677,236168,21431,4188,0,0,0,0,55,0
2021-01-29T23:59:59+01:00,6,7,3644,3628,9062,14127,9880,21317,11870,31606,14928,25990,8592,8903,12492,20075,11036,31753,1,0,280,227,724,998,879,1585,1062,2670,1349,2162,778,777,811,1431,668,2624,234939,19033,4059,0,0,0,0,54,0
2021-01-28T23:59:59+01:00,6,6,3526,3541,8856,13740,9658,20802,11637,31019,14598,25490,8455,8798,12058,19457,10679,31174,1,0,133,60,306,371,385,625,468,1163,616,973,411,430,477,827,384,1592,230144,9225,3440,0,0,0,0,52,0
2021-01-27T23:59:59+01:00,6,6,3295,3403,8562,13319,9358,20174,11248,30182,14210,24749,8236,8583,11508,18649,10254,30410,1,0,82,35,213,231,251,428,311,810,439,672,313,314,354,617,289,1168,223420,6530,2815,0,0,0,0,47,0
2021-01-26T23:59:59+01:00,5,6,3130,3305,8278,12976,9094,19602,10942,29424,13811,24115,7995,8357,10930,17731,9604,29256,1,0,76,31,198,221,235,393,295,756,408,610,298,288,326,553,262,1038,216679,5991,1971,0,0,0,0,40,0
2021-01-25T23:59:59+01:00,5,6,3042,3211,7994,12493,8803,18895,10554,28421,13331,23348,7711,8154,10313,16913,9148,28356,1,0,68,23,174,198,201,334,255,635,355,505,260,243,272,475,213,851,210367,5065,422,0,0,0,0,35,0
2021-01-24T23:59:59+01:00,5,6,2998,3190,7907,12413,8728,18767,10445,28261,13200,23165,7668,8116,10245,16799,9100,28261,1,0,67,22,169,193,198,320,252,613,346,491,251,239,270,468,209,836,209052,4947,317,0,0,0,0,30,0
2021-01-23T23:59:59+01:00,5,6,2997,3189,7905,12409,8723,18756,10442,28247,13194,23160,7660,8112,10120,16633,8771,27674,1,0,66,21,169,192,198,318,250,612,344,491,251,239,270,468,209,834,207787,4935,313,0,0,0,0,27,0
2021-01-22T23:59:59+01:00,5,6,2934,3143,7780,12293,8639,18613,10332,28073,13112,23045,7629,8075,9921,16329,8253,26649,1,0,66,20,168,191,197,317,250,611,342,491,251,239,270,468,209,834,204622,4927,311,0,0,0,0,22,0
2021-01-21T23:59:59+01:00,5,6,2848,2971,7280,11378,8155,17464,9794,26446,12505,21829,7343,7750,9288,15391,7739,25605,1,0,60,18,150,177,179,283,224,536,305,449,227,212,237,384,176,695,193588,4315,310,0,0,0,0,16,0
2021-01-20T23:59:59+01:00,5,6,2488,2626,6397,9966,7403,15501,8842,23619,11395,19753,6741,7098,8189,13623,6925,23384,1,0,58,18,148,172,176,281,215,522,292,427,214,205,231,359,162,657,173746,4140,306,0,0,0,0,14,0
2021-01-19T23:59:59+01:00,5,6,2049,2271,5495,8577,6540,13605,7821,20833,10124,17515,5988,6217,6810,11437,5904,20351,0,0,41,12,98,127,119,171,150,358,192,298,137,117,144,242,114,491,151403,2812,224,0,0,0,0,14,0
2021-01-18T23:59:59+01:00,4,6,1776,1983,4738,7190,5583,11371,6622,17234,8698,14795,5098,5338,5426,9185,4835,16871,0,0,22,7,39,48,54,79,66,164,76,148,63,56,69,135,62,223,126727,1312,98,0,0,0,0,14,0
2021-01-17T23:59:59+01:00,3,6,1501,1696,4221,6395,5073,10237,6084,15668,8058,13531,4761,4991,5051,8511,4508,15870,0,0,8,2,9,15,16,29,20,50,29,58,25,23,20,31,13,47,116140,395,90,0,0,0,0,13,0
2021-01-16T23:59:59+01:00,3,6,1335,1493,4004,6074,4893,9796,5825,15005,7728,12837,4569,4762,4836,8233,4154,15267,0,0,0,0,0,1,1,2,1,1,1,2,0,1,1,0,0,1,110872,12,9,0,0,0,0,13,0
2021-01-15T23:59:59+01:00,3,6,1185,1266,3748,5650,4636,9227,5534,14164,7322,12036,4278,4466,4646,7924,3617,14221,0,0,0,0,0,0,0,0,0,0,0,0,0,0,0,0,0,0,103981,0,4,0,0,0,0,13,0
2021-01-14T23:59:59+01:00,3,4,912,951,3000,4461,3768,7406,4589,11418,5925,9686,3476,3593,3901,6691,3133,12413,0,0,0,0,0,0,0,0,0,0,0,0,0,0,0,0,0,0,85370,0,0,0,0,0,0,13,0
2021-01-13T23:59:59+01:00,3,3,776,796,2527,3721,3180,6178,3814,9469,4831,7799,2604,2677,2941,5101,2398,9491,0,0,0,0,0,0,0,0,0,0,0,0,0,0,0,0,0,0,68340,0,0,0,0,0,0,12,0
2021-01-12T23:59:59+01:00,2,3,643,664,2115,3050,2620,5023,3054,7621,3811,6128,1874,1855,2014,3462,1700,6488,0,0,0,0,0,0,0,0,0,0,0,0,0,0,0,0,0,0,52163,0,0,0,0,0,0,0,0
2021-01-11T23:59:59+01:00,1,1,498,528,1762,2472,2098,4014,2366,5795,2834,4447,1208,1146,1208,2042,938,3695,0,0,0,0,0,0,0,0,0,0,0,0,0,0,0,0,0,0,37078,0,0,0,0,0,0,0,0
2021-01-10T23:59:59+01:00,1,1,440,459,1497,2043,1755,3286,1956,4809,2354,3727,1067,1020,1064,1794,837,3242,0,0,0,0,0,0,0,0,0,0,0,0,0,0,0,0,0,0,31368,0,0,0,0,0,0,0,0
2021-01-09T23:59:59+01:00,1,1,409,413,1371,1866,1608,2995,1803,4361,2169,3397,993,951,1009,1741,819,3199,0,0,0,0,0,0,0,0,0,0,0,0,0,0,0,0,0,0,29120,0,0,0,0,0,0,0,0
2021-01-08T23:59:59+01:00,1,1,312,283,1120,1518,1328,2323,1482,3578,1797,2778,857,843,920,1616,771,3042,0,0,0,0,0,0,0,0,0,0,0,0,0,0,0,0,0,0,24581,0,0,0,0,0,0,0,0
2021-01-07T23:59:59+01:00,1,0,147,78,411,517,489,805,599,1383,785,1213,470,488,568,976,468,1922,0,0,0,0,0,0,0,0,0,0,0,0,0,0,0,0,0,0,11323,0,0,0,0,0,0,0,0
2021-01-06T23:59:59+01:00,1,0,113,45,281,296,316,529,404,938,537,835,364,366,431,758,361,1454,0,0,0,0,0,0,0,0,0,0,0,0,0,0,0,0,0,0,8032,0,0,0,0,0,0,0,0
2021-01-05T23:59:59+01:00,1,0,88,33,200,240,249,441,326,827,453,713,348,350,414,726,354,1400,0,0,0,0,0,0,0,0,0,0,0,0,0,0,0,0,0,0,7166,0,0,0,0,0,0,0,0
2021-01-04T23:59:59+01:00,1,0,70,27,180,201,206,346,261,643,358,523,273,257,294,529,237,943,0,0,0,0,0,0,0,0,0,0,0,0,0,0,0,0,0,0,5351,0,0,0,0,0,0,0,0
2021-01-03T23:59:59+01:00,1,0,68,23,172,195,201,330,259,626,349,505,265,255,290,516,235,926,0,0,0,0,0,0,0,0,0,0,0,0,0,0,0,0,0,0,5218,0,0,0,0,0,0,0,0
2021-01-02T23:59:59+01:00,1,0,68,22,172,194,201,329,255,626,346,505,265,255,290,516,235,925,0,0,0,0,0,0,0,0,0,0,0,0,0,0,0,0,0,0,5207,0,0,0,0,0,0,0,0
