Datum,<24_1_m,<24_1_w,25-34_1_m,25-34_1_w,35-44_1_m,35-44_1_w,45-54_1_m,45-54_1_w,55-64_1_m,55-64_1_w,65-74_1_m,65-74_1_w,75-84_1_m,75-84_1_w,>84_1_m,>84_1_w,<24_2_m,<24_2_w,25-34_2_m,25-34_2_w,35-44_2_m,35-44_2_w,45-54_2_m,45-54_2_w,55-64_2_m,55-64_2_w,65-74_2_m,65-74_2_w,75-84_2_m,75-84_2_w,>84_2_m,>84_2_w,bp_1,bp_2,mo_1,mo_2,az_1,az_2,ja
2021-05-01T23:59:59+02:00,37624,42921,71993,88744,82831,117489,118570,171748,205627,230782,253967,285724,201338,260102,54135,102251,12477,12738,21690,28028,24117,40874,32527,59046,44585,54863,54010,57003,119013,155166,46736,88074,1458236,748848,195029,95080,672639,6978,114
2021-04-30T23:59:59+02:00,37006,42246,70844,87595,81436,115890,114342,167867,198983,224120,252362,283805,200968,259603,54093,102178,12117,12529,21375,27766,23858,40462,32229,58500,44128,54274,53056,55760,118226,154178,46702,87995,1426717,745351,194708,93117,672056,4731,29
2021-04-29T23:59:59+02:00,35391,41285,68012,85730,78009,113412,108963,163612,185925,211955,245996,276475,200064,258308,54012,101931,11802,12300,20944,27395,23490,40044,31705,57897,43388,53411,51150,53471,116687,152329,46626,87845,1373613,737004,188489,90566,667122,2959,28
2021-04-28T23:59:59+02:00,34030,40633,66208,84461,75572,111641,105494,160720,175756,202045,236338,265218,199009,256918,53866,101690,11633,12148,20675,27102,23186,39682,31329,57357,42677,52648,48981,50773,114566,149664,46532,87675,1322464,728161,185237,86383,662048,2135,22
2021-04-27T23:59:59+02:00,33161,39839,64650,83007,73639,109891,102692,158294,171040,197117,228453,256089,198125,255637,53783,101542,11507,12024,20404,26828,22978,39366,30964,56870,41981,51903,46808,48052,112324,146743,46447,87527,1289791,718861,182982,82454,654337,1463,21
2021-04-26T23:59:59+02:00,32655,39399,63557,82144,72173,108744,100237,156480,162114,188554,225031,252087,197577,254831,53718,101398,11408,11931,20216,26670,22761,39174,30679,56549,41352,51296,44893,45733,110757,144670,46373,87406,1261458,711211,181602,79613,647792,1098,19
2021-04-25T23:59:59+02:00,32354,39120,62766,81621,71115,108005,98457,155231,155623,182274,222235,248884,197068,254187,53671,101309,11350,11892,20146,26604,22679,39092,30579,56433,41190,51129,44427,45162,110183,143894,46355,87354,1249075,709661,175514,77884,639483,978,19
2021-04-24T23:59:59+02:00,31942,38608,61823,80410,69952,106558,96858,153559,150348,176691,220013,246164,196686,253631,53641,101268,11336,11875,20102,26561,22630,39033,30491,56347,41038,50974,44174,44851,109966,143638,46338,87327,1224576,708609,175494,77193,638235,934,18
2021-04-23T23:59:59+02:00,31068,37876,60253,78895,68201,104519,94125,150863,145413,171969,216024,241247,196108,252798,53594,101169,11291,11818,19998,26483,22509,38897,30299,56173,40754,50702,43608,44123,109048,142485,46216,87117,1200132,705317,174345,75377,629798,883,17
2021-04-22T23:59:59+02:00,30355,37176,58712,77468,65775,102315,89679,147119,137585,164275,207735,231086,194450,250648,53439,100862,11153,11694,19767,26215,22173,38492,29795,55683,40007,50082,42395,42739,107229,140201,46047,86821,1159590,698126,167651,71687,621591,736,17
2021-04-21T23:59:59+02:00,29803,36607,57365,76341,63927,100738,86568,144378,129965,156782,195573,216775,192736,248321,53253,100522,11021,11595,19546,25984,21913,38186,29461,55254,39485,49588,41491,41647,105191,137568,45857,86493,1109397,691805,165077,67852,615333,679,17
2021-04-20T23:59:59+02:00,29306,36073,56195,75218,62266,99133,83921,141736,124536,151195,184794,204083,190772,245820,53068,100185,10914,11504,19334,25792,21635,37919,29048,54831,38971,49094,40617,40575,103106,134802,45606,86065,1068174,684613,161633,64652,608646,605,16
2021-04-19T23:59:59+02:00,28919,35664,55223,74409,60984,97958,81711,139721,120855,147592,179381,197537,189349,243969,52931,99928,10783,11402,19129,25582,21395,37655,28737,54440,38483,48587,39760,39575,100234,131064,45307,85501,1044255,674803,159837,62316,602191,572,16
2021-04-18T23:59:59+02:00,28569,35369,54448,73867,59844,97003,79748,138247,117471,145025,174739,192431,188540,242934,52866,99804,10701,11315,18939,25412,21229,37495,28525,54173,38239,48356,39389,39140,99081,129587,45171,85279,1030666,671117,158285,60409,592106,562,16
2021-04-17T23:59:59+02:00,28450,35278,54051,73665,59354,96655,79081,137628,116415,143991,170767,187833,188088,242348,52840,99750,10645,11239,18805,25227,21035,37272,28291,53881,37983,48110,39078,38785,98357,128708,45123,85213,1020002,667171,158266,60096,588078,542,16
2021-04-16T23:59:59+02:00,28020,34979,53047,73050,58094,95769,77387,136232,112023,139518,163597,179467,186750,240533,52755,99594,10415,11036,18411,24823,20478,36707,27134,52945,35943,46499,35857,35904,95476,125490,44820,84729,994750,652721,157512,53487,578705,516,16
2021-04-15T23:59:59+02:00,27476,34461,51769,71860,56116,94005,74025,133248,106266,133857,156021,170738,182835,235508,52526,99117,10226,10845,18040,24389,19990,36078,26423,52122,34541,45261,33725,33827,92586,121923,44436,84061,963260,640110,155524,47956,561195,464,16
2021-04-14T23:59:59+02:00,27083,34081,50872,70955,54778,92638,71632,131051,101934,129714,146952,160386,176108,226801,52272,98604,9772,10533,17594,23892,19465,35453,25471,51221,33314,44169,31581,31556,89882,118538,44060,83382,926565,625794,152984,43776,546462,371,15
2021-04-13T23:59:59+02:00,26808,33825,50173,70406,53870,91825,69914,129582,97576,125580,135523,147470,170574,219529,52008,98154,9522,10337,17281,23488,19074,34943,24849,50466,32385,43251,30338,30279,87996,116430,43796,82948,894117,617056,148513,40135,530337,250,15
2021-04-12T23:59:59+02:00,26574,33598,49620,69897,53029,91099,68391,128235,94676,122896,128316,139285,168155,216508,51788,97753,9268,10125,16946,23203,18734,34505,24378,49944,31699,42625,28789,28694,86467,114589,43541,82545,878131,608963,147014,36905,514825,240,15
2021-04-11T23:59:59+02:00,26359,33418,49110,69491,52321,90638,67213,127404,92614,121163,122092,132463,165536,213315,51666,97535,9121,9980,16660,22931,18451,34222,24039,49584,31315,42272,28129,28008,85513,113415,43383,82300,870989,604016,142647,35137,498853,227,14
2021-04-10T23:59:59+02:00,26280,33350,48958,69368,52117,90485,66882,127124,92041,120632,119592,129430,164647,212113,51629,97444,8450,9300,15765,22175,17513,33367,22883,48534,30277,41337,27454,27283,83489,110859,43158,81918,864069,588818,141806,34778,496368,223,14
2021-04-09T23:59:59+02:00,25991,33063,48486,68891,51474,89801,65831,125935,89987,118394,110549,118147,161992,208630,51467,97157,7369,8295,14237,20820,15770,31806,20660,46525,28242,39431,25627,25438,80142,106781,42731,81240,844938,561657,134804,33305,486204,209,14
2021-04-08T23:59:59+02:00,25684,32797,47920,68395,50749,89107,64468,124832,87370,115875,100042,105883,157230,202707,51203,96679,6621,7631,13063,19790,14506,30460,18968,44798,25770,37102,22715,22472,75669,101230,41861,79852,826597,530983,126000,31392,468497,192,11
2021-04-07T23:59:59+02:00,25324,32536,47126,67958,49855,88503,62972,123780,83849,113001,90871,95456,151144,195012,50960,96204,6208,7264,12402,19119,13700,29654,17923,43712,23798,35144,20215,19987,71878,96566,41076,78547,806636,508135,120458,28957,447610,160,11
2021-04-06T23:59:59+02:00,25073,32353,46627,67588,49302,87986,61865,122971,81514,110931,82638,86048,145814,188262,50692,95676,5994,7085,12051,18772,13366,29212,17365,43138,22924,34372,19108,18913,68704,92430,40356,77439,787791,495078,117274,26062,430428,149,10
2021-04-05T23:59:59+02:00,24959,32213,46324,67246,48924,87580,61283,122257,80164,109621,77673,80348,141665,183089,50518,95409,5842,6927,11774,18524,13082,28902,17042,42771,22498,33926,18639,18412,65741,88760,39866,76643,778545,485931,115493,23331,415385,146,10
2021-04-04T23:59:59+02:00,24912,32145,46200,66968,48750,87267,61011,121746,79601,108963,76231,78591,141064,182253,50490,95342,5839,6918,11762,18517,13071,28887,17027,42752,22360,33837,18252,18063,64267,86865,39733,76440,776056,481180,115398,23331,410230,138,10
2021-04-03T23:59:59+02:00,24841,32061,46080,66856,48594,87096,60664,121405,79059,108371,74765,76835,140117,180920,50422,95221,5831,6909,11746,18502,13050,28865,16989,42707,22256,33755,18109,17917,63911,86292,39671,76329,769792,479429,115360,23331,408305,138,10
2021-04-02T23:59:59+02:00,24758,31969,45919,66693,48364,86838,60159,120932,78171,107516,73027,74680,138099,178277,50270,94937,5811,6872,11704,18462,12998,28786,16894,42528,21983,33297,17751,17572,61469,83272,39038,75438,760764,471100,113593,22697,406402,138,9
2021-04-01T23:59:59+02:00,24523,31707,45497,66190,47723,86086,59274,119983,76260,105837,69076,70348,134869,174135,50023,94484,5635,6687,11452,18229,12781,28570,16575,42218,21475,32849,16907,16798,56515,77002,37718,73468,749231,453485,107589,21331,399343,123,9
2021-03-31T23:59:59+02:00,24175,31448,45094,65678,47255,85457,58534,118996,75094,104611,66766,67652,130520,168513,49694,93894,5552,6631,11349,18105,12631,28427,16318,41924,20862,32333,15739,15886,51251,70383,36636,71908,739661,435484,100541,20391,393327,120,9
2021-03-30T23:59:59+02:00,23989,31184,44701,65060,46770,84661,57816,117908,73963,103250,64668,65339,126469,163105,49325,93139,5482,6539,11246,17988,12435,28250,15983,41596,20299,31779,14893,15079,48447,66844,35751,70400,729555,423918,96365,19060,385574,93,8
2021-03-29T23:59:59+02:00,23765,30902,44261,64527,46320,83970,57085,116799,72715,101837,61667,61812,120387,155297,48713,91987,5387,6469,11160,17888,12278,28089,15745,41265,19838,31320,14247,14532,45717,63614,34898,68927,709277,412917,92988,18439,379926,78,8
2021-03-28T23:59:59+02:00,23521,30563,43771,63846,45819,83239,56401,115801,71786,100735,59751,59624,116417,150154,48353,91366,5329,6401,11016,17744,12027,27784,15576,41047,19671,31094,14003,14297,44589,62114,34645,68526,702885,408688,85740,17174,372669,61,8
2021-03-27T23:59:59+01:00,23384,30373,43488,63485,45446,82707,55897,115115,71058,99992,58637,58532,115037,148558,48304,91305,5316,6389,10987,17724,12009,27755,15170,40556,19307,30703,13723,14101,44001,61238,34299,67919,697687,404687,85045,16523,368732,47,8
2021-03-26T23:59:59+01:00,23096,29706,42653,61819,44496,80639,54515,111940,69064,96671,56503,56553,112560,145543,48049,90888,5297,6352,10966,17674,11940,27663,15087,40448,18944,30080,13243,13489,40482,56777,32783,65372,686467,390304,81755,16309,356617,44,8
2021-03-25T23:59:59+01:00,22649,28895,41760,60036,43432,78068,52958,108348,66729,93156,53827,53857,109526,141796,47606,90092,5248,6292,10875,17569,11825,27527,14913,40220,18657,29777,12742,12973,36090,50929,30554,61928,675151,372424,77614,15716,340114,40,7
2021-03-24T23:59:59+01:00,22187,28370,41019,58798,42459,76552,51525,106415,64682,90909,50946,50850,105576,136951,47094,89194,5188,6223,10779,17426,11663,27329,14678,39915,18304,29392,12293,12520,33008,46947,28089,58044,662585,357207,72769,14619,328322,38,2
2021-03-23T23:59:59+01:00,21913,27989,40443,57908,41772,75461,50467,104877,63039,89093,48644,48407,102955,133975,46662,88491,5126,6150,10681,17295,11522,27150,14425,39600,17895,28990,11782,12042,30076,43083,25075,53102,654668,339990,69489,14033,318088,37,1
2021-03-22T23:59:59+01:00,21635,27510,39835,57043,41138,74438,49536,103470,61600,87510,46794,46519,100721,131372,46297,87865,5058,6097,10607,17172,11394,26993,14266,39374,17661,28680,11489,11686,27724,40005,21768,47622,648588,324142,66732,13486,308112,34,0
2021-03-21T23:59:59+01:00,21472,27181,39337,56292,40614,73586,48888,102319,60667,86342,45721,45468,99169,129596,45997,87377,5043,6088,10572,17123,11349,26907,14213,39285,17580,28579,11368,11566,27287,39517,21472,47152,646096,322046,64718,13087,299359,34,0
2021-03-20T23:59:59+01:00,21403,26998,39127,55776,40373,73057,48570,101653,60218,85768,45008,44650,96667,126440,45753,86949,5035,6081,10561,17113,11322,26891,14168,39245,17486,28495,11208,11403,26568,38651,20818,46181,639678,318361,64277,12897,294601,34,0
2021-03-19T23:59:59+01:00,20983,26271,37971,53709,39106,71072,46737,99513,57258,83004,40540,40756,91788,120916,45199,86065,5015,6068,10531,17055,11259,26787,14079,39074,17239,28193,10872,11137,24609,36221,19470,44040,622071,309150,57097,12533,281864,32,0
2021-03-18T23:59:59+01:00,20529,25450,36734,51572,37579,68169,44476,94872,53420,77556,36548,36956,87277,115634,44335,84694,4989,6031,10466,16954,11183,26637,13930,38879,17022,28011,10633,10954,23102,34299,18072,41900,605336,301166,51373,11930,259233,31,0
2021-03-17T23:59:59+01:00,20056,25039,36015,50656,36808,67222,43351,93436,51613,75773,33736,34000,83493,110978,43554,83474,4960,6000,10409,16859,11113,26499,13815,38695,16808,27825,10417,10734,21655,32598,16763,39876,588858,293830,47017,11231,253469,28,0
2021-03-16T23:59:59+01:00,19650,24545,35260,49589,36019,66017,42178,91749,49775,73834,31519,31915,79669,106203,42837,82384,4906,5943,10340,16735,11024,26343,13720,38458,16664,27599,10253,10556,20170,30811,15546,37889,575908,286192,42353,10800,245019,28,0
2021-03-15T23:59:59+01:00,19334,24114,34566,48631,35266,64791,41265,90279,48529,72293,29776,30026,76435,102155,42296,81436,4882,5900,10281,16611,10958,26146,13606,38173,16520,27348,10088,10402,19284,29648,14530,36311,564968,280572,39042,10153,237316,26,0
2021-03-14T23:59:59+01:00,19030,23594,33695,47442,34426,63502,40206,88413,47371,70692,28596,28794,74489,99628,41949,80884,4857,5877,10231,16531,10902,25998,13552,37952,16433,27208,10013,10320,19111,29359,14288,35791,558074,279448,37178,9020,227591,18,0
2021-03-13T23:59:59+01:00,18119,22476,32249,45614,32943,61543,38167,85479,45409,68490,27343,27499,72514,97046,41771,80610,4856,5876,10226,16526,10894,25988,13544,37941,16427,27198,9965,10279,18239,28289,13385,34545,541784,275204,36898,9019,218715,18,0
2021-03-12T23:59:59+01:00,16841,20871,29760,42964,30354,58325,35200,80435,42312,64342,24569,24379,68266,91752,41039,79517,4846,5841,10206,16467,10874,25931,13502,37826,16327,27046,9699,10079,17199,26832,12503,33263,513992,269475,35599,9009,201459,17,0
2021-03-11T23:59:59+01:00,15684,19160,27550,40374,28107,55102,32529,75966,38634,59705,21204,20902,62272,84354,39521,77228,4798,5799,10131,16349,10764,25689,13378,37510,16154,26770,9403,9861,16526,25931,11906,32086,482176,265526,34017,7576,182218,13,0
2021-03-10T23:59:59+01:00,15009,18326,26083,38777,26519,53282,30934,73566,36034,56645,18523,18389,56336,77052,38322,75382,4754,5742,10036,16183,10652,25429,13228,37091,15952,26439,9173,9680,15689,25039,11357,31191,455988,260800,31984,6882,171325,13,0
2021-03-09T23:59:59+01:00,14684,17766,24894,37756,25186,52077,29857,71871,34669,54905,17366,17307,52774,72473,37422,73879,4723,5705,9953,16009,10542,25175,13066,36773,15796,26226,9045,9576,14967,24123,10943,30522,442535,257142,29472,6051,162990,11,0
2021-03-08T23:59:59+01:00,14305,17078,23753,36694,24002,50933,28924,70372,33459,53373,16305,16467,48536,67226,36460,72282,4707,5653,9888,15810,10443,24922,12928,36414,15680,25997,8974,9487,14430,23481,10699,30159,427178,254064,27525,5664,155576,4,0
2021-03-07T23:59:59+01:00,14047,16721,23158,35862,23304,50057,28355,69508,32909,52710,16054,16227,47402,65688,36197,71853,4693,5638,9868,15769,10416,24835,12895,36242,15624,25905,8953,9454,14215,23200,10587,29993,422499,253021,25723,5325,151940,0,0
2021-03-06T23:59:59+01:00,13911,16355,22727,35151,22785,49241,27246,67885,31849,51067,15748,15991,46689,64673,35990,71530,4690,5618,9856,15748,10401,24801,12885,36200,15606,25874,8933,9417,14168,23159,10489,29789,418459,252649,25660,5044,144829,0,0
2021-03-05T23:59:59+01:00,13448,15646,22048,34003,22132,47972,26469,66221,30633,48741,15127,15239,42776,59734,34381,68793,4661,5558,9788,15651,10347,24653,12819,36007,15523,25676,8841,9363,13959,22929,10141,29196,403335,250961,24215,4210,135918,0,0
2021-03-04T23:59:59+01:00,12685,14519,20901,32334,20982,45938,25110,63507,29059,46699,14420,14524,38151,53639,32075,65201,4610,5454,9682,15360,10255,24291,12691,35490,15388,25333,8699,9235,13808,22721,10076,29066,385068,248098,22145,4119,122635,0,0
2021-03-03T23:59:59+01:00,12353,13958,20228,31159,20240,44596,24209,61791,28108,45241,13960,14054,35026,49524,29617,61349,4566,5379,9599,15181,10176,24040,12583,35058,15197,25025,8547,9116,13676,22494,9947,28818,369822,245495,21378,3965,114313,0,0
2021-03-02T23:59:59+01:00,12077,13463,19597,30216,19542,43577,23420,60400,27190,44043,13338,13449,31818,45331,26390,56089,4512,5298,9537,15018,10110,23766,12487,34633,15096,24748,8431,9021,13536,22301,9884,28690,351822,243161,19929,3964,108286,0,0
2021-03-01T23:59:59+01:00,11884,13142,19109,29415,19006,42764,22849,59350,26526,42995,12942,13025,29174,41952,22793,50124,4490,5242,9487,14860,10042,23484,12410,34235,15002,24487,8354,8966,13337,22004,9793,28545,334796,240830,18869,3964,103480,0,0
2021-02-28T23:59:59+01:00,11710,12913,18655,28788,18528,42006,22376,58526,26071,42266,12748,12821,28553,41241,22453,49612,4471,5227,9467,14828,10022,23437,12394,34170,14978,24452,8331,8944,13196,21800,9744,28427,332426,240014,18015,3930,98920,0,0
2021-02-27T23:59:59+01:00,11487,12268,18337,27986,18270,41223,22083,57484,25721,41519,12466,12519,27759,40280,21664,48344,4459,5214,9443,14808,9990,23375,12354,34096,14940,24387,8313,8928,13184,21785,9743,28423,328314,239668,17295,3830,93893,0,0
2021-02-26T23:59:59+01:00,10637,11361,17510,26559,17515,38968,21164,54615,24284,38986,12120,12247,25908,37952,20448,46419,4369,5129,9368,14654,9920,23106,12270,33723,14823,24134,8238,8857,13118,21705,9709,28368,319384,237789,17042,3757,80357,0,0
2021-02-25T23:59:59+01:00,9493,10406,16282,24974,16321,36687,19917,51633,22681,36493,11732,11965,24417,36025,19233,44547,4257,4971,9223,14344,9733,22480,12020,32887,14524,23582,8065,8720,12860,21366,9592,28147,311866,233845,16274,2981,64755,0,0
2021-02-24T23:59:59+01:00,9058,9793,15655,23945,15715,35429,19185,50112,21926,35460,11379,11654,22906,34198,17833,42326,4193,4874,9091,14068,9559,22017,11833,32264,14273,23102,7942,8596,12725,21188,9538,27960,303761,231165,15314,2111,57586,0,0
2021-02-23T23:59:59+01:00,8503,9204,14852,22799,15062,34186,18437,48709,21243,34510,11114,11357,21323,32300,16508,40137,4150,4788,8964,13842,9421,21598,11642,31697,13966,22659,7797,8457,12607,20977,9477,27744,295724,228376,14517,1462,50089,0,0
2021-02-22T23:59:59+01:00,8365,8956,14477,22195,14719,33470,17980,47698,20787,33864,10939,11121,20404,31071,15436,38487,4116,4663,8819,13538,9250,21075,11377,30954,13589,22116,7586,8280,12410,20723,9391,27461,290013,225106,13911,293,46130,0,0
2021-02-21T23:59:59+01:00,8259,8780,14139,21758,14309,32894,17564,47017,20384,33444,10840,11032,20236,30845,15209,38176,4068,4609,8740,13407,9173,20856,11305,30660,13478,21869,7526,8230,12348,20611,9330,27313,288884,223293,13544,280,42542,0,0
2021-02-20T23:59:59+01:00,8125,8724,14024,21673,14195,32771,17442,46846,20229,33283,10735,10945,19342,29754,14292,36906,4065,4603,8731,13399,9162,20836,11290,30634,13465,21863,7522,8222,12276,20533,9287,27264,284660,222923,13348,279,41362,0,0
2021-02-19T23:59:59+01:00,7788,8440,13680,21227,13820,32083,16968,46051,19516,32443,10207,10615,18133,28209,13333,35542,3973,4578,8665,13372,9119,20773,11258,30541,13400,21778,7480,8166,12031,20220,9121,26977,278382,221223,12974,279,36779,0,0
2021-02-18T23:59:59+01:00,7339,7839,13058,20120,13192,30683,16132,44117,18679,31046,10036,10434,17480,27383,12838,34767,3766,4393,8329,12829,8830,20008,10913,29490,13051,21052,7280,7854,11403,19191,8698,25959,274842,212816,12401,279,27978,0,0
2021-02-17T23:59:59+01:00,7148,7413,12624,19264,12706,29474,15443,42359,18081,29933,9834,10214,16616,26428,12190,33736,3488,4178,7993,12335,8548,19187,10534,28424,12685,20327,7055,7624,10794,18262,8329,25253,270151,204784,11671,278,21718,0,0
2021-02-16T23:59:59+01:00,6755,7036,12125,18428,12229,28383,14918,41052,17536,29054,9694,10111,15888,25512,11764,33055,3279,4026,7693,11871,8240,18444,10128,27316,12251,19533,6796,7320,10016,16996,7689,23853,266591,195371,11176,126,15848,0,0
2021-02-15T23:59:59+01:00,6638,6798,11837,17806,11961,27593,14559,40062,17213,28373,9576,10010,15270,24791,11483,32598,3180,3924,7507,11552,8031,17943,9824,26483,11908,18898,6522,7045,9279,15838,7239,22725,263508,187862,10575,82,12560,0,0
2021-02-14T23:59:59+01:00,6346,6658,11599,17529,11741,27148,14328,39617,17028,28135,9534,9961,15018,24421,11342,32244,3125,3878,7393,11387,7898,17739,9653,26136,11737,18625,6415,6914,9058,15435,7077,22231,262512,184664,9641,82,10569,0,0
2021-02-13T23:59:59+01:00,6275,6612,11558,17498,11710,27116,14304,39589,17010,28113,9521,9937,14989,24394,11335,32228,3120,3874,7386,11383,7888,17719,9636,26101,11708,18584,6392,6882,8893,15203,6744,21632,262278,183184,9641,6,10343,0,0
2021-02-12T23:59:59+01:00,5681,6250,11039,17127,11405,26568,13983,38925,16695,27517,9421,9863,14796,24169,11273,32137,3064,3827,7293,11230,7783,17470,9479,25712,11498,18144,6211,6661,8509,14598,6196,20372,260594,178087,9631,5,6696,0,0
2021-02-11T23:59:59+01:00,5165,5886,10490,16468,10999,25728,13502,37691,16237,26748,9135,9617,14513,23717,11019,31490,2867,3456,6662,10022,7114,15684,8608,23055,10470,16296,5602,5987,7426,12824,5490,18298,257456,159899,7994,3,3026,0,0
2021-02-10T23:59:59+01:00,4895,5681,10152,16027,10707,25196,13181,36800,15858,26105,8949,9491,14341,23508,10932,31298,2451,3068,5753,8589,6325,13602,7634,20185,9447,14567,5092,5417,6386,11072,4833,16434,254830,140887,7538,2,824,0,0
2021-02-09T23:59:59+01:00,4821,5557,10032,15753,10601,24786,13003,36157,15648,25683,8779,9365,14140,23296,10815,31096,2016,2613,4965,7333,5558,11775,6743,17659,8405,12843,4545,4785,5307,9404,4211,14580,252417,122770,6762,2,423,0,0
2021-02-08T23:59:59+01:00,4780,5490,9944,15532,10492,24424,12889,35667,15517,25388,8692,9305,13921,22980,10731,30944,1816,2343,4418,6366,4924,10158,5931,15152,7432,11251,4044,4271,4286,7733,3560,12719,250094,106427,6250,2,420,0,0
2021-02-07T23:59:59+01:00,4592,5411,9806,15397,10391,24246,12803,35398,15415,25220,8657,9262,13766,22771,10672,30833,1571,2029,4000,5709,4524,9251,5496,13994,6968,10395,3806,4026,4059,7327,3422,12170,249000,98767,5706,2,0,0,0
2021-02-06T23:59:59+01:00,4583,5397,9795,15382,10377,24206,12782,35347,15398,25169,8639,9245,13744,22738,10572,30640,1389,1782,3775,5433,4345,8796,5271,13393,6690,9878,3687,3921,3936,7171,3151,11729,248657,94366,5423,2,0,0,0
2021-02-05T23:59:59+01:00,4501,5313,9727,15243,10312,23937,12691,34972,15285,24913,8564,9179,13673,22658,10228,30054,1226,1497,3492,5007,4091,8208,4969,12626,6303,9219,3451,3702,3783,6946,2677,10907,246782,88123,4532,0,0,0,0
2021-02-04T23:59:59+01:00,4435,5162,9600,14921,10149,23360,12492,34171,15078,24432,8448,9072,13441,22349,10134,29883,905,1053,2642,3743,3186,6426,3991,10028,5016,7265,2834,3035,3192,5925,2334,9535,242881,71125,4310,0,0,0,0
2021-02-03T23:59:59+01:00,4357,5066,9484,14699,10045,22987,12355,33638,14926,24053,8344,8953,13283,22144,10067,29675,745,824,1993,2837,2461,4977,3055,7703,3816,5513,2058,2201,2349,4441,1708,7183,239990,53875,4150,0,0,0,0
2021-02-02T23:59:59+01:00,4286,4959,9382,14491,9943,22586,12204,33059,14727,23650,8238,8833,13160,21929,9989,29423,594,653,1511,2112,1898,3769,2318,5885,2845,4144,1449,1480,1601,2966,1192,4793,236772,39219,4149,0,0,0,0
2021-02-01T23:59:59+01:00,4241,4848,9292,14253,9837,22163,12066,32409,14548,23196,8126,8698,13059,21793,9946,29255,455,470,1043,1461,1259,2517,1498,3839,1779,2650,909,943,963,1817,681,2768,233643,25058,4149,0,0,0,0
2021-01-31T23:59:59+01:00,4219,4801,9238,14139,9764,21962,11998,32103,14458,23019,8074,8648,13006,21676,9907,29135,416,432,915,1268,1076,2129,1291,3261,1550,2345,823,854,858,1623,619,2485,232170,21949,4038,0,0,0,0
2021-01-30T23:59:59+01:00,4219,4798,9228,14126,9748,21937,11986,32084,14445,23009,8072,8643,12940,21600,9866,29087,398,400,850,1183,1022,2003,1222,3071,1479,2221,800,831,839,1583,606,2436,231856,20948,3993,0,0,0,0
2021-01-29T23:59:59+01:00,4149,4784,9178,14094,9716,21885,11955,32010,14398,22948,8050,8616,12729,21340,9714,28885,321,300,727,1006,879,1629,1070,2685,1273,1930,721,745,790,1527,591,2390,230644,18587,3868,0,0,0,0
2021-01-28T23:59:59+01:00,4013,4663,8971,13698,9499,21361,11711,31423,14092,22504,7921,8523,12255,20646,9416,28391,152,82,289,375,372,629,468,1170,587,858,391,417,468,888,337,1446,225873,8929,3274,0,0,0,0
2021-01-27T23:59:59+01:00,3754,4483,8676,13298,9206,20719,11341,30589,13721,21854,7717,8317,11658,19761,9058,27741,93,52,198,229,245,431,307,817,420,589,294,303,345,657,254,1058,219272,6292,2676,0,0,0,0
2021-01-26T23:59:59+01:00,3587,4360,8396,12939,8945,20141,11027,29808,13331,21303,7497,8096,11024,18768,8484,26694,88,48,185,219,227,392,293,759,388,540,283,277,315,584,232,943,212585,5773,1870,0,0,0,0
2021-01-25T23:59:59+01:00,3504,4232,8121,12462,8666,19423,10635,28815,12854,20623,7254,7908,10359,17856,8095,25922,79,38,164,195,196,332,250,633,339,448,244,237,263,501,187,765,206396,4871,387,0,0,0,0
2021-01-24T23:59:59+01:00,3455,4205,8038,12380,8595,19300,10525,28640,12729,20468,7221,7870,10290,17747,8054,25830,78,36,160,191,194,319,248,612,330,435,236,234,261,493,183,751,205108,4761,292,0,0,0,0
2021-01-23T23:59:59+01:00,3453,4204,8038,12380,8591,19291,10524,28628,12722,20463,7217,7869,10153,17564,7744,25269,78,36,160,191,193,319,247,612,330,435,236,234,261,493,183,751,203872,4759,291,0,0,0,0
2021-01-22T23:59:59+01:00,3382,4152,7916,12267,8510,19140,10416,28468,12651,20356,7188,7840,9925,17219,7260,24293,78,36,159,191,193,319,247,612,330,435,236,234,261,493,183,750,200745,4757,291,0,0,0,0
2021-01-21T23:59:59+01:00,3265,3905,7397,11337,8040,17962,9858,26796,12064,19248,6922,7535,9226,16138,6820,23365,71,33,143,175,177,286,222,537,293,398,212,207,228,406,156,630,189638,4174,291,0,0,0,0
2021-01-20T23:59:59+01:00,2846,3460,6520,9919,7300,15964,8899,23968,11014,17433,6360,6877,8069,14277,6127,21353,70,33,142,169,174,284,214,519,282,381,202,199,219,380,146,595,170142,4009,289,0,0,0,0
2021-01-19T23:59:59+01:00,2349,2989,5615,8550,6432,14000,7892,21139,9784,15433,5627,5993,6638,11906,5242,18607,47,23,96,123,117,176,151,352,182,269,124,113,141,261,99,440,148023,2714,210,0,0,0,0
2021-01-18T23:59:59+01:00,2033,2593,4833,7158,5481,11676,6686,17482,8415,13067,4792,5130,5212,9501,4306,15435,26,12,36,46,54,84,66,155,69,135,59,54,61,141,56,207,123747,1261,88,0,0,0,0
2021-01-17T23:59:59+01:00,1722,2223,4319,6386,4986,10494,6148,15888,7790,11922,4468,4790,4845,8809,4009,14494,11,3,6,14,15,32,19,44,25,49,25,23,15,36,12,41,113236,370,86,0,0,0,0
2021-01-16T23:59:59+01:00,1526,1965,4106,6093,4806,10019,5883,15203,7463,11271,4300,4597,4634,8517,3667,13917,0,0,0,0,2,3,0,0,1,2,0,1,0,0,0,1,107991,10,4,0,0,0,0
2021-01-15T23:59:59+01:00,1354,1683,3851,5691,4554,9435,5595,14349,7051,10522,4023,4333,4455,8207,3168,12939,0,0,0,0,0,0,0,0,0,0,0,0,0,0,0,1,101234,1,2,0,0,0,0
2021-01-14T23:59:59+01:00,1024,1258,3080,4482,3707,7548,4619,11561,5680,8429,3287,3505,3762,6951,2745,11281,0,0,0,0,0,0,0,0,0,0,0,0,0,0,0,0,82939,0,0,0,0,0,0
2021-01-13T23:59:59+01:00,865,1060,2592,3734,3112,6284,3853,9533,4575,6782,2417,2609,2850,5298,2103,8567,0,0,0,0,0,0,0,0,0,0,0,0,0,0,0,0,66251,0,0,0,0,0,0
2021-01-12T23:59:59+01:00,727,903,2181,3080,2571,5142,3119,7738,3607,5328,1726,1781,1961,3656,1497,5898,0,0,0,0,0,0,0,0,0,0,0,0,0,0,0,0,50929,0,0,0,0,0,0
2021-01-11T23:59:59+01:00,583,728,1815,2490,2071,4127,2396,5843,2665,3859,1088,1086,1166,2155,822,3326,0,0,0,0,0,0,0,0,0,0,0,0,0,0,0,0,36230,0,0,0,0,0,0
2021-01-10T23:59:59+01:00,510,623,1543,2046,1724,3375,1971,4825,2211,3243,973,968,1022,1891,732,2907,0,0,0,0,0,0,0,0,0,0,0,0,0,0,0,0,30571,0,0,0,0,0,0
2021-01-09T23:59:59+01:00,475,562,1417,1870,1579,3066,1815,4362,2039,2958,904,904,966,1838,717,2870,0,0,0,0,0,0,0,0,0,0,0,0,0,0,0,0,28348,0,0,0,0,0,0
2021-01-08T23:59:59+01:00,361,411,1163,1503,1307,2397,1491,3582,1690,2434,785,800,883,1710,679,2739,0,0,0,0,0,0,0,0,0,0,0,0,0,0,0,0,23940,0,0,0,0,0,0
2021-01-07T23:59:59+01:00,171,111,398,519,471,809,604,1403,745,1062,447,471,555,1047,411,1733,0,0,0,0,0,0,0,0,0,0,0,0,0,0,0,0,10957,0,0,0,0,0,0
2021-01-06T23:59:59+01:00,129,66,260,292,308,525,405,958,513,733,337,355,422,816,324,1326,0,0,0,0,0,0,0,0,0,0,0,0,0,0,0,0,7769,0,0,0,0,0,0
2021-01-05T23:59:59+01:00,99,50,188,238,241,440,322,844,439,631,325,339,405,781,318,1273,0,0,0,0,0,0,0,0,0,0,0,0,0,0,0,0,6933,0,0,0,0,0,0
2021-01-04T23:59:59+01:00,82,40,167,198,199,347,255,637,350,463,247,250,285,557,210,856,0,0,0,0,0,0,0,0,0,0,0,0,0,0,0,0,5143,0,0,0,0,0,0
2021-01-03T23:59:59+01:00,80,36,161,193,195,331,254,623,341,448,242,247,281,545,208,839,0,0,0,0,0,0,0,0,0,0,0,0,0,0,0,0,5024,0,0,0,0,0,0
2021-01-02T23:59:59+01:00,80,36,161,193,195,331,253,623,341,448,242,247,281,545,208,839,0,0,0,0,0,0,0,0,0,0,0,0,0,0,0,0,5023,0,0,0,0,0,0
2021-01-01T23:59:59+01:00,80,36,160,193,195,330,253,623,340,446,242,247,281,544,208,839,0,0,0,0,0,0,0,0,0,0,0,0,0,0,0,0,5017,0,0,0,0,0,0
2020-12-31T23:59:59+01:00,80,36,160,191,195,330,253,622,340,445,242,247,281,544,208,839,0,0,0,0,0,0,0,0,0,0,0,0,0,0,0,0,5013,0,0,0,0,0,0
2020-12-30T23:59:59+01:00,79,36,160,189,193,328,253,621,340,445,242,247,281,544,208,839,0,0,0,0,0,0,0,0,0,0,0,0,0,0,0,0,5005,0,0,0,0,0,0
2020-12-29T23:59:59+01:00,56,25,113,143,146,222,184,447,239,343,159,159,199,412,152,654,0,0,0,0,0,0,0,0,0,0,0,0,0,0,0,0,3653,0,0,0,0,0,0
2020-12-28T23:59:59+01:00,29,17,64,77,83,126,103,254,112,207,92,92,102,217,93,364,0,0,0,0,0,0,0,0,0,0,0,0,0,0,0,0,2032,0,0,0,0,0,0
2020-12-27T23:59:59+01:00,14,8,17,24,37,53,35,84,35,82,32,28,36,80,30,137,0,0,0,0,0,0,0,0,0,0,0,0,0,0,0,0,732,0,0,0,0,0,0
