Datum,<15_m,<15_w,15-24_1_m,15-24_1_w,25-34_1_m,25-34_1_w,35-44_1_m,35-44_1_w,45-54_1_m,45-54_1_w,55-64_1_m,55-64_1_w,65-74_1_m,65-74_1_w,75-84_1_m,75-84_1_w,>84_1_m,>84_1_w,<24_2_m,<24_2_w,25-34_2_m,25-34_2_w,35-44_2_m,35-44_2_w,45-54_2_m,45-54_2_w,55-64_2_m,55-64_2_w,65-74_2_m,65-74_2_w,75-84_2_m,75-84_2_w,>84_2_m,>84_2_w,bp_1,bp_2,mo_1,mo_2,az_1,az_2,ja,unb_1,unb_2
2021-07-29T23:59:59+02:00,23998,22069,237848,230378,349619,322137,370685,364809,437254,448274,493903,497979,341738,382135,241261,308834,71113,130167,154540,149554,268725,248420,299034,296295,385179,396398,450109,456692,323090,361219,230598,294451,67754,123264,3769293,3157060,507857,443765,804862,724362,192368,533,347
2021-07-28T23:59:59+02:00,23711,21793,236765,229392,348806,321355,369999,364176,436672,447648,493380,497527,341503,381855,241140,308667,71085,130121,151035,146147,264495,244982,294809,292529,382086,393695,448129,454940,322471,360497,230360,294085,67694,123155,3762947,3128043,507374,441913,804792,721841,190662,532,347
2021-07-27T23:59:59+02:00,23452,21583,235821,228486,348032,320659,369358,363624,436127,447075,492890,497100,341277,381568,241013,308487,71053,130025,146140,141159,258736,239965,289658,287897,378215,390109,445058,452221,321511,359419,230005,293599,67608,123002,3757031,3087480,506859,439692,804737,718267,189183,532,347
2021-07-26T23:59:59+02:00,23224,21357,234900,227566,347308,320000,368800,363110,435610,446610,492462,496754,341057,381334,240890,308337,71031,129969,141885,136854,253318,235307,284591,283528,373888,386292,441618,449273,320577,358467,229689,293136,67537,122867,3751673,3049035,506252,437491,804663,713949,187911,532,347
2021-07-25T23:59:59+02:00,22880,21068,233612,226477,346410,319274,368170,362481,435058,446106,492028,496366,340867,381124,240804,308211,71010,129915,140063,135137,250693,233138,282141,281485,371779,384543,439562,447514,320078,357961,229493,292912,67512,122795,3744995,3034377,505896,435339,804605,709629,186545,532,347
2021-07-24T23:59:59+02:00,22641,20882,232722,225658,345725,318662,367637,361986,434562,445695,491696,496105,340760,381031,240764,308151,71007,129906,137203,132385,248007,230861,279623,279309,369565,382728,438359,446547,319742,357632,229352,292736,67493,122761,3741128,3016234,505139,432355,804598,709293,184905,532,347
2021-07-23T23:59:59+02:00,22237,20510,231275,224384,344450,317772,366629,361159,433730,444937,491030,495607,340535,380772,240682,308042,70986,129871,131798,127591,242723,226626,275230,275587,365950,379596,435752,444382,319050,356920,229104,292432,67440,122681,3733948,2981141,504684,430623,804544,707171,181612,532,346
2021-07-22T23:59:59+02:00,21739,20037,229196,222444,342743,316277,365173,359914,432450,443832,490068,494731,340120,380333,240513,307802,70941,129791,127509,123587,236796,222165,268917,270571,359117,374156,430336,439914,317886,355677,228680,291918,67346,122531,3721775,2939485,503192,424727,804414,700919,178903,532,346
2021-07-21T23:59:59+02:00,21235,19523,227340,220647,341093,314786,363594,358377,430915,442475,488874,493596,339579,379824,240270,307525,70889,129698,123779,120067,231385,217960,263438,266085,351060,367282,425783,436202,316773,354534,228223,291358,67265,122355,3710997,2904313,499571,413953,804197,696168,175655,532,343
2021-07-20T23:59:59+02:00,20934,19249,225899,219208,339892,313650,362648,357521,430075,441712,488172,492970,339247,379468,240130,307307,70862,129611,119497,115882,225097,212842,257656,260949,344007,361223,421113,431918,315695,353288,227815,290778,67171,122174,3701916,2860915,499178,406811,804082,691813,173559,532,343
2021-07-19T23:59:59+02:00,20621,18958,224188,217537,338606,312426,361633,356563,429285,440945,487507,492364,338951,379113,239983,307080,70818,129513,116770,113322,220772,209297,253089,257020,340319,358081,418516,429754,314983,352567,227525,290391,67100,122052,3691503,2836151,498770,401480,803997,687526,172000,532,343
2021-07-18T23:59:59+02:00,20469,18832,222919,216300,337039,311036,360594,355663,428500,440248,486985,491826,338725,378832,239855,306903,70797,129452,115296,111949,218163,207155,250758,254945,338095,356247,416504,428084,314509,352086,227364,290173,67079,121985,3682288,2824023,498242,397223,803924,683866,170699,532,342
2021-07-17T23:59:59+02:00,20078,18412,221778,215256,336473,310502,360015,355161,427995,439806,486577,491541,338624,378717,239814,306851,70794,129442,113242,109869,215715,204869,248317,252769,335694,354127,415068,426829,314180,351697,227229,290006,67056,121946,3676812,2806660,498049,394515,803915,683093,169245,525,341
2021-07-16T23:59:59+02:00,19540,17904,219249,213135,334754,309222,358527,353877,426545,438615,485493,490682,338224,378354,239645,306694,70769,129405,110163,107089,210996,200984,243812,249167,331435,350467,411755,424135,313266,350780,226885,289596,67003,121865,3666713,2779252,497298,392197,803762,679301,163046,525,339
2021-07-15T23:59:59+02:00,18907,17288,216505,210760,332877,307549,356966,352454,425228,437453,484567,489840,337830,377938,239449,306442,70727,129302,106293,103915,202707,194802,236391,243611,324898,345280,404744,417734,311540,348989,226348,288935,66932,121668,3651936,2733119,496710,383859,803652,671937,159966,525,339
2021-07-14T23:59:59+02:00,18072,16569,214112,208469,331209,306041,355586,351127,424030,436272,483553,488895,337384,377481,239214,306133,70673,129217,102712,100618,196292,189676,230721,238979,320635,341826,400590,414135,310244,347683,225948,288380,66853,121515,3637248,2699797,496154,378350,803532,665180,157284,525,337
2021-07-13T23:59:59+02:00,17427,15921,211959,206467,329638,304699,354277,349922,422887,435207,482616,488051,336952,377017,239014,305895,70639,129128,99002,97111,189861,184323,223641,232957,314002,335805,392237,406317,308459,345767,225351,287595,66745,121318,3623676,2657365,495605,365735,803392,655759,155224,525,332
2021-07-12T23:59:59+02:00,16422,14994,208728,203315,327598,302993,352725,348476,421665,434028,481651,487160,336541,376556,238835,305670,70600,129051,95925,94409,184610,180052,216702,227322,307218,329804,387172,402061,306742,343910,224768,286864,66647,121150,3605440,2619315,495061,358642,803242,647395,153446,524,331
2021-07-11T23:59:59+02:00,15918,14527,207392,202059,326872,302289,352075,347869,421116,433540,481214,486827,336354,376358,238776,305568,70579,129011,94511,93130,181862,177758,213725,225053,304546,327664,384362,399692,304286,341297,224392,286396,66595,121053,3599345,2604452,494432,356665,803119,636958,151635,517,327
2021-07-10T23:59:59+02:00,15445,14069,205563,200301,325422,301046,350964,346912,420400,432951,480745,486433,336189,376192,238711,305482,70569,128991,93227,91876,179357,175673,210718,222585,302045,325529,383208,398660,303641,340634,224212,286211,66579,121028,3590858,2587806,493809,356442,802885,635220,149018,517,327
2021-07-09T23:59:59+02:00,15125,13793,203661,198474,323833,299614,349907,345965,419505,432246,480182,485961,335986,375974,238615,305363,70553,128957,90458,89162,175842,172463,206394,218450,297046,320941,379786,395692,302555,339417,223910,285845,66542,120964,3581813,2558963,492955,354394,802696,627651,146432,517,326
2021-07-08T23:59:59+02:00,14671,13372,200213,195531,320554,296971,347560,344008,417811,430809,478761,484903,335555,375537,238439,305119,70510,128881,86182,85424,168629,166843,198305,212078,289714,314860,372885,389521,299870,336516,223139,284917,66425,120706,3566701,2512999,488924,345796,802179,617375,141582,517,326
2021-07-07T23:59:59+02:00,14175,12920,196502,191706,317422,294136,345275,341992,416266,429356,477572,483820,335082,374984,238254,304849,70473,128777,82517,82005,161379,161173,189313,204947,281768,308322,365899,382743,296577,332928,222240,283821,66287,120461,3545632,2465273,487576,332436,801799,607446,138733,517,324
2021-07-06T23:59:59+02:00,13719,12552,193098,188355,314195,291428,342825,339721,414570,427807,476320,482701,334584,374434,238059,304561,70421,128691,78983,78462,154745,155699,181953,198763,272887,300405,359452,376688,293399,329702,221361,282735,66179,120230,3525992,2413105,484534,325522,801383,597978,136310,517,324
2021-07-05T23:59:59+02:00,13324,12218,188734,184150,310185,288125,340337,337425,412916,426276,475189,481640,334112,373919,237886,304319,70388,128607,75943,75667,149656,151639,177209,194652,266010,294171,353371,371169,290140,326267,220482,281624,66071,120061,3503374,2374241,483391,321070,800906,587660,132261,510,324
2021-07-04T23:59:59+02:00,13147,12062,184935,180315,307587,286128,339042,336364,412052,425504,474611,481164,333893,373667,237796,304196,70362,128554,73768,73801,146580,149103,174892,192625,263586,292119,350277,368969,286845,322887,219906,280962,66017,119943,3491322,2360559,482108,318785,800339,576185,127792,510,321
2021-07-03T23:59:59+02:00,11962,11013,178533,174345,303357,282695,336733,334208,410249,423704,473414,480110,333493,373223,237622,303950,70338,128511,71998,72232,144170,147237,172466,190555,260538,289407,348005,367121,285100,320910,219639,280602,65986,119894,3465133,2344909,480714,318591,800154,571713,121636,510,321
2021-07-02T23:59:59+02:00,10869,9930,174837,170901,300971,280509,335003,332521,409010,422520,472643,479429,333234,372908,237506,303768,70310,128463,69320,69570,140277,143978,168063,186547,254512,284000,342811,362431,281858,317197,219001,279832,65938,119810,3447154,2311940,479251,315821,799960,559168,119142,509,293
2021-07-01T23:59:59+02:00,9781,9012,171198,167498,296979,277261,332538,330280,407235,420950,471560,478481,332822,372448,237307,303496,70267,128385,64462,64865,134024,138685,160828,180078,244311,275190,332055,352702,277101,311945,217155,277586,65759,119498,3424848,2255924,477182,303539,799617,541532,116025,509,291
2021-06-30T23:59:59+02:00,9296,8623,167954,164460,291417,272675,328896,326967,405475,419429,470550,477517,332403,371964,237117,303200,70233,128299,61347,62029,128418,134017,154213,174100,234300,266076,318708,339483,271910,306433,215273,275268,65593,119180,3399992,2201120,475044,290772,799314,522791,112297,509,289
2021-06-29T23:59:59+02:00,8761,8104,164184,160716,286930,268450,325361,323684,403390,417365,469017,476115,331819,371330,236869,302848,70179,128190,58573,59060,123499,129633,148221,168598,222490,255423,310185,331153,265472,299262,213311,272818,65391,118835,3372698,2142130,473076,286134,798984,505444,108723,509,285
2021-06-28T23:59:59+02:00,8357,7728,160886,157282,281933,264167,322090,320854,401261,415453,467535,474813,331303,370720,236638,302539,70136,128096,56321,56728,119620,126147,143889,164527,213297,247033,304422,325777,260540,293985,211552,270593,65246,118571,3348976,2106574,469115,277571,798329,488966,105536,509,282
2021-06-27T23:59:59+02:00,8210,7606,159400,155775,279852,262371,320298,319337,399578,414101,466663,474115,331012,370433,236536,302381,70117,128048,55136,55633,117511,124453,141348,162412,209207,243671,301082,322931,256760,290010,209099,267689,65135,118384,3339094,2091245,467063,274110,797289,472905,102552,509,282
2021-06-26T23:59:59+02:00,7064,6513,156152,152457,277759,260496,317902,317112,398397,412959,465966,473409,330742,370149,236430,302223,70093,128018,54594,55054,116188,123316,139940,161186,206974,241676,298563,320536,255233,288362,208766,267281,65108,118314,3320096,2074609,464260,274026,797283,470415,102419,454,233
2021-06-25T23:59:59+02:00,5852,5401,151869,148197,274395,257572,315857,315159,397102,411721,464972,472590,330457,369817,236305,302070,70066,127970,53317,53440,113726,120633,135881,156646,198242,233252,292901,314684,253516,286254,208178,266482,65037,118195,3295312,2032300,462845,272343,797233,463866,102198,454,233
2021-06-24T23:59:59+02:00,5006,4622,147467,144108,269621,253686,311614,311409,394941,409872,463617,471473,330043,369361,236140,301835,70033,127884,50686,50865,108638,115944,128600,150037,186269,222842,281520,304490,248170,280454,206355,264149,64834,117795,3264464,1970536,460868,260644,797067,450188,100546,453,232
2021-06-23T23:59:59+02:00,4788,4416,144322,141016,265951,250565,306406,306631,392458,407548,462223,470162,329517,368747,235911,301525,69985,127781,48765,48792,104867,112057,122960,144390,176422,214219,269607,292563,243578,275662,205025,262455,64673,117435,3237113,1914542,457365,250832,796913,439525,98774,453,231
2021-06-22T23:59:59+02:00,4545,4188,141264,137913,262267,247212,300312,301222,389840,405016,460691,468689,328979,368148,235693,301176,69938,127676,47083,47057,101278,108782,118192,139839,163871,203110,258749,282308,239532,271204,203111,260052,64422,116967,3205282,1856429,455449,243154,796734,428617,97514,450,224
2021-06-21T23:59:59+02:00,4288,3943,138015,134988,257597,243349,295095,296384,386829,402158,459225,467344,328463,367594,235467,300867,69898,127565,45868,45842,98904,106581,115465,137148,157681,197370,251903,275701,234200,265394,199204,255555,64238,116594,3173761,1825629,453425,237662,796519,408923,95571,449,224
2021-06-20T23:59:59+02:00,4147,3825,136514,133501,253451,239962,292564,294176,385444,400856,458442,466606,328244,367317,235356,300734,69878,127503,44758,44938,96678,104811,113215,135182,154668,194843,247622,271664,231211,261879,198218,254307,64157,116469,3156647,1805470,451673,234137,796349,401089,94053,449,222
2021-06-19T23:59:59+02:00,3735,3476,134375,131424,250724,237666,290801,292551,383616,399299,457602,465876,328025,367068,235253,300597,69857,127471,44222,44302,95418,103563,111753,133732,153176,193417,244422,268666,230503,261038,198050,254048,64135,116416,3140444,1789642,448867,232565,796341,400817,93961,449,221
2021-06-18T23:59:59+02:00,2789,2565,131112,128299,247233,234645,286826,289178,381241,397189,456266,464717,327654,366671,235100,300362,69830,127422,43448,43398,93851,101797,109476,131078,149653,189402,237610,261443,228789,259045,197567,253409,64060,116283,3114802,1760554,444490,232046,796316,394144,93688,448,221
2021-06-17T23:59:59+02:00,2556,2343,127421,125043,241251,230233,281641,284818,376481,393222,453960,462896,327070,365956,234860,300008,69764,127310,41225,41584,89820,98345,104618,126351,141830,181756,226264,250105,223609,253137,195921,251260,63801,115864,3080334,1705138,441526,227921,796062,383303,89257,296,210
2021-06-16T23:59:59+02:00,2287,2111,124210,121658,236374,225918,276961,280568,371328,388754,451389,460770,326337,365162,234573,299598,69698,127197,39409,40005,86301,95345,100293,122549,133633,174454,214214,238246,217409,246066,194011,248947,63549,115376,3047009,1645660,436019,222331,795546,375276,86665,294,209
2021-06-15T23:59:59+02:00,1901,1782,119304,116809,230412,220801,271631,275598,366278,384134,448556,458364,325472,364194,234227,299084,69616,127015,37797,38406,82994,92318,96344,118521,126615,168102,201920,226279,211408,239303,192068,246526,63238,114807,3002464,1588642,434105,216516,794982,367641,83968,294,206
2021-06-14T23:59:59+02:00,1640,1512,115265,112665,225209,215906,266276,270633,361014,379398,445445,455784,324692,363342,233915,298695,69554,126895,36823,37519,80731,90246,93658,116025,122526,164383,195354,219811,208311,235813,190939,245058,63021,114420,2960458,1559210,431764,214287,794722,360019,81236,292,205
2021-06-13T23:59:59+02:00,1566,1427,113773,111291,222773,213813,263742,268384,358765,377449,444275,454753,324418,363038,233780,298528,69523,126822,35970,36793,78890,88592,91659,114227,119710,161796,191518,216130,205244,232390,189909,243692,62789,114009,2945511,1545334,429333,207045,794418,351852,79196,292,203
2021-06-12T23:59:59+02:00,1418,1290,111129,108548,220884,212089,262367,267116,357333,376053,443381,453985,324131,362730,233688,298425,69505,126794,35602,36391,77909,87499,90418,112943,118151,160240,187970,212838,204213,231266,188511,242037,62779,113979,2929373,1532259,428357,207036,794399,344484,79074,291,202
2021-06-11T23:59:59+02:00,1271,1153,108597,106044,218004,209477,258707,263941,354205,373332,441668,452513,323696,362281,233554,298219,69478,126739,34934,35283,75916,84149,88196,109427,114068,155114,181308,205428,202127,228904,187910,241270,62717,113882,2905031,1504909,425575,206355,794215,331083,78391,291,200
2021-06-10T23:59:59+02:00,1112,1000,103856,101649,211962,204739,251677,258139,348129,368047,437194,448747,322843,361315,233234,297773,69394,126588,33360,33807,71938,79997,83305,103953,107429,146954,169028,191837,196085,222046,186189,239140,62466,113481,2861545,1458035,418515,204622,793371,304162,74295,288,197
2021-06-09T23:59:59+02:00,964,871,99952,97961,206028,200028,244885,252447,341491,362107,433522,445736,322171,360576,232966,297395,69330,126456,31836,32560,68721,77361,79627,100803,102740,142698,157959,181135,185510,210110,184331,236900,62194,112989,2822692,1404285,410016,200657,792864,292955,69673,249,196
2021-06-08T23:59:59+02:00,782,690,95436,93435,199420,194477,237940,246453,333253,354847,428428,441084,321341,359577,232596,296911,69249,126319,30768,31710,66143,75075,76363,98090,98178,138798,150404,173689,176832,200434,182531,234665,61962,112623,2770859,1365252,404265,195771,792284,282168,65181,249,180
2021-06-07T23:59:59+02:00,624,549,92233,90342,193379,189789,231399,241227,325432,348688,425391,438649,320802,358949,232383,296586,69195,126223,29905,30866,63686,73134,73420,95938,94429,135876,142365,165931,172809,195838,181114,232867,61740,112241,2731972,1338252,398125,192492,791720,271148,60369,246,179
2021-06-06T23:59:59+02:00,586,513,90663,89029,190102,187255,228063,238476,321171,345295,423967,437572,320532,358659,232275,296428,69171,126176,29306,30314,61922,71461,71350,93947,91257,132823,136707,160179,170286,193227,180006,231470,61511,111861,2716616,1326460,390757,182879,791247,260732,57655,244,179
2021-06-05T23:59:59+02:00,507,433,88721,87015,185238,183045,225605,236342,319356,343665,422968,436655,320243,358337,232127,296260,69157,126144,28857,29568,60732,69530,69962,91818,89590,130586,131970,154870,167297,189572,179521,230813,61477,111795,2693203,1302929,390640,182414,791033,255427,57283,243,179
2021-06-04T23:59:59+02:00,407,349,86374,84495,181590,179454,221611,232402,315781,340042,420612,434470,319785,357803,231932,296032,69119,126081,28395,28902,59629,67891,68699,89755,87817,127989,128625,151229,163070,184819,178535,229550,61429,111709,2664020,1284216,386830,181645,790919,245367,56907,243,179
2021-06-03T23:59:59+02:00,314,275,83095,81437,175876,174817,214368,226323,308097,333361,412871,427618,318756,356629,231563,295587,69064,125950,27508,27897,57752,65721,66328,87030,84203,123903,121902,144578,156752,177246,176972,227530,61316,111472,2615211,1255148,376599,176367,790500,232662,54021,241,175
2021-06-02T23:59:59+02:00,266,216,81030,79282,171823,171120,210742,223194,304538,330035,410833,425787,318349,356179,231410,295382,69036,125900,27052,27425,56636,64623,64759,85773,82171,121981,116952,139709,148895,168305,176258,226577,61231,111303,2586568,1223079,375222,174407,790469,229060,53188,239,172
2021-06-01T23:59:59+02:00,170,150,76778,75464,163576,164580,201415,215480,295456,322175,402640,417966,316842,354570,230871,294649,68925,125673,25502,26009,52344,61695,59945,82503,76777,117509,109558,132526,137825,154941,174161,223849,61022,110877,2528004,1173114,363607,170316,789708,217313,46376,237,168
2021-05-31T23:59:59+02:00,149,133,74041,72994,157940,160283,194130,209537,288089,315818,396910,413005,315849,353462,230487,294131,68835,125502,24595,24957,49741,59499,56803,79995,73203,114257,105082,128101,133693,150061,172798,222134,60852,110546,2487654,1150796,354244,168019,789082,206951,40624,236,166
2021-05-30T23:59:59+02:00,138,125,72993,71933,155475,158266,191518,207191,285322,313311,395023,411265,315489,353052,230327,293896,68798,125422,23996,24180,48171,57791,55080,78156,70995,111717,102440,125251,131545,147542,172008,221205,60760,110336,2471852,1141088,351730,166713,788456,195629,37814,236,165
2021-05-29T23:59:59+02:00,135,124,72387,71345,153971,156869,189223,205163,283487,311731,394185,410490,315266,352808,230247,293818,68787,125404,23673,23657,47257,56300,53747,76284,69082,108880,100131,122465,128754,144130,171359,220300,60733,110284,2457989,1127547,351577,166650,788386,185115,37794,236,164
2021-05-28T23:59:59+02:00,130,121,71303,70228,151590,154615,185580,201638,280224,308599,392325,408726,314856,352308,230100,293604,68768,125347,23145,22657,45651,54180,51933,73739,67048,104950,95825,116588,124405,139095,170386,218994,60687,110170,2434233,1105048,350533,166437,788178,170616,37420,235,162
2021-05-27T23:59:59+02:00,119,113,67997,67219,145126,149693,177406,195402,273855,303454,386025,403056,313600,350867,229641,293073,68697,125165,21832,20977,42415,51145,48062,69937,62520,98961,89494,109100,120498,134484,167596,215300,60515,109857,2389759,1076725,342947,163700,786387,150625,31707,235,159
2021-05-26T23:59:59+02:00,115,110,65849,65048,140186,145619,171322,190350,267113,297797,379296,396373,312085,349264,229155,292379,68595,124954,21096,20070,40601,49016,45716,67210,59503,95175,84913,104008,115540,128774,163815,209976,60307,109431,2352562,1044894,329773,162138,784582,139200,28981,232,158
2021-05-25T23:59:59+02:00,114,105,63823,63065,135996,142141,166276,186069,260053,291528,373882,390995,310810,347868,228750,291735,68512,124777,20527,19410,39206,47507,43890,65203,57042,92190,80859,99645,110632,123110,158296,202758,60141,109131,2315106,1013539,322279,158721,782054,130003,27348,229,155
2021-05-24T23:59:59+02:00,111,104,62586,61861,133253,140049,163010,183662,253120,285549,368954,386329,309985,346951,228465,291353,68440,124649,20185,19011,38192,46442,42552,63726,55380,90188,78637,97148,109220,121465,157694,201977,60030,108933,2291409,1004276,311215,157429,780284,123334,25806,229,153
2021-05-23T23:59:59+02:00,106,104,62092,61346,132156,139159,161815,182630,251882,284531,367371,384902,309373,346296,228294,291128,68420,124613,19958,18829,37648,45891,41810,63036,54228,89201,77160,95795,108056,120076,156720,200762,59963,108796,2279942,996183,310640,154379,780236,121752,25681,229,152
2021-05-22T23:59:59+02:00,103,102,61399,60727,130680,138095,159453,181012,248917,282246,364899,382691,308849,345705,228118,290862,68394,124562,19643,18407,37039,45292,41174,62509,53578,88482,76397,94656,106509,118277,155949,199794,59936,108742,2262048,989506,310625,154377,780196,118342,24221,229,152
2021-05-21T23:59:59+02:00,99,98,60071,59293,127784,135510,156184,177701,243700,277489,358818,377012,307917,344617,227821,290465,68334,124455,19284,18042,36427,44525,40526,61463,52632,87090,74687,92358,103279,114336,154816,198348,59844,108567,2226082,976538,308991,154053,778637,111757,23938,221,151
2021-05-20T23:59:59+02:00,91,96,57027,56504,122066,130651,149272,171397,233414,268764,349809,368746,305390,341882,227055,289462,68202,124237,17989,17109,34260,42283,38081,58573,49822,83330,70769,87882,99176,109731,152365,195341,59665,108214,2168243,957339,302350,152116,772698,94143,21049,212,151
2021-05-19T23:59:59+02:00,90,94,54820,54313,117064,125977,142117,164796,222902,259427,339291,357882,302752,339019,226310,288424,68053,123961,17409,16329,33038,40704,36677,56513,47816,80562,67539,84318,95303,105267,148748,190631,59404,107722,2102486,934003,296109,150149,769737,84673,19221,212,138
2021-05-18T23:59:59+02:00,85,89,52730,52356,112283,121724,135757,159234,211355,249071,329440,348105,300088,336057,225435,287228,67901,123707,16894,15731,31839,39251,35337,54727,46016,78173,64664,81102,91316,100752,145564,186581,59193,107287,2042730,913867,286772,147304,766157,76075,17243,209,138
2021-05-17T23:59:59+02:00,82,86,51698,51363,109957,119677,132965,156593,204855,243074,321889,341039,298305,334094,224851,286406,67794,123495,16462,15291,30807,38211,34182,53451,44543,76389,62421,78718,86497,94904,144104,184700,59043,106972,2015996,902265,274533,139851,762762,69451,15187,208,136
2021-05-16T23:59:59+02:00,81,83,50915,50708,108519,118359,131228,154936,201895,240399,314466,334099,297289,332966,224544,285923,67742,123398,16181,14921,30060,37438,33315,52534,43482,75080,61094,77251,83091,90842,143318,183628,58956,106833,2000707,896220,264124,133100,759534,65326,13438,207,132
2021-05-15T23:59:59+02:00,81,83,50378,50075,107523,117373,130219,153828,199969,238469,310913,330899,296670,332279,224348,285653,67722,123334,16043,14759,29807,37135,33028,52104,42996,74436,60253,76271,82496,90030,142805,182963,58920,106786,1984554,891002,264107,132955,758673,64203,12733,206,131
2021-05-14T23:59:59+02:00,80,83,49126,48658,105279,115285,126636,150386,191777,231419,304622,325033,295694,331149,224063,285205,67675,123239,15546,14336,29028,36320,32264,50919,41923,72663,58698,74330,80599,87551,142196,181979,58880,106699,1947417,881407,262411,132094,754133,58794,11694,203,131
2021-05-13T23:59:59+02:00,77,82,47216,46715,101451,112068,121939,146289,181784,222860,294038,315240,292730,327733,223254,284068,67575,123032,14687,13893,28175,35625,31504,50023,40984,71580,57199,72770,76835,83221,139445,178389,58770,106484,1895944,868919,253833,125083,747932,54954,10681,199,130
2021-05-12T23:59:59+02:00,75,80,46307,46013,99539,110645,119886,144637,179246,220755,289313,309926,291568,326469,223012,283748,67537,122947,14522,13742,27858,35409,31103,49733,40543,71207,56663,72204,75504,81608,138670,177265,58684,106324,1872941,863218,251675,123305,747444,54684,9883,196,129
2021-05-11T23:59:59+02:00,71,74,44070,44542,95526,107579,114096,139919,165910,209505,277684,299184,288172,322564,222056,282347,67388,122648,14095,13177,26850,33987,29978,47938,39244,68936,54955,69943,72429,78036,137323,175442,58526,105967,1814198,851014,241995,120626,738963,46819,8417,192,127
2021-05-10T23:59:59+02:00,70,70,42822,43575,92932,105582,110852,137300,157539,202506,269828,292089,286002,320121,221480,281485,67263,122408,13752,12733,26092,33006,29184,46685,38251,67082,53735,68214,70352,75490,136184,173934,58407,105680,1778730,842172,235961,119579,732019,39635,7450,188,121
2021-05-09T23:59:59+02:00,69,70,41706,42807,90263,103842,108206,135539,152540,199094,264326,287172,284767,318741,221104,280956,67197,122262,13440,12517,25402,32340,28457,45883,37463,66123,52796,67265,69126,74089,135591,173104,58352,105549,1759489,837611,228885,118593,726057,34883,6462,187,121
2021-05-08T23:59:59+02:00,68,70,41415,42509,89420,103112,107126,134693,151102,197884,261776,285117,284266,318199,220984,280777,67181,122230,13338,12456,25274,32250,28312,45755,37274,65931,52458,66948,68165,73169,134529,171743,58305,105456,1747535,833033,228377,117852,725834,34108,6449,151,94
2021-05-07T23:59:59+02:00,66,69,40493,41795,87498,101780,104323,132487,146492,194092,255548,279617,282932,316605,220636,280320,67128,122107,12593,11972,24452,31519,27553,44697,36413,64672,51280,65440,65926,70487,132318,168939,58216,105278,1721855,823414,225182,115599,721716,27325,5496,151,93
2021-05-06T23:59:59+02:00,62,68,37855,40078,82762,98331,98353,127751,136339,185602,239137,265233,277817,310827,219349,278635,66953,121791,11907,11456,23518,30416,26561,43351,35060,62675,49546,63476,63447,67374,130222,166187,58103,105060,1656430,812382,215288,112502,710891,18968,4586,145,92
2021-05-05T23:59:59+02:00,60,65,35970,38886,79118,95752,93768,124113,128529,179081,224411,251214,271638,303696,217777,276646,66707,121268,11672,11182,22981,29693,25961,42427,34137,61276,48399,62067,60847,64277,127294,162501,58005,104809,1590316,800158,210233,108953,704881,14982,3514,145,91
2021-05-04T23:59:59+02:00,60,63,34868,37785,76402,93448,90273,121077,122977,174353,213814,240956,266158,297253,216337,274804,66499,120800,11511,10981,22579,29156,25504,41660,33424,60200,47294,60796,58136,61113,124941,159574,57855,104573,1541352,788338,205129,106330,698824,11846,2863,144,89
2021-05-03T23:59:59+02:00,59,61,34004,36734,74124,91637,87401,118734,118539,170719,207171,234960,262884,293394,215539,273721,66378,120505,11269,10712,22188,28581,25026,40963,32742,59235,46274,59659,55364,57782,121186,154694,57598,104136,1509650,772567,202023,104626,693919,9085,1210,142,88
2021-05-02T23:59:59+02:00,59,61,33653,36417,72954,90740,85940,117640,116119,168858,204080,232456,261926,292307,215254,273313,66313,120397,11198,10642,22000,28371,24801,40677,32407,58831,45823,59184,54176,56329,118133,151027,57515,104006,1499077,767579,199237,99092,690063,8186,344,141,86
2021-05-01T23:59:59+02:00,58,61,33339,36046,72194,89950,84872,116603,114661,167504,201006,229427,261237,291487,215045,273032,66302,120359,11184,10627,21947,28341,24742,40639,32346,58774,45740,59109,53935,56038,117974,150831,57506,103989,1484041,766273,199235,99052,689799,8138,340,140,86
2021-04-30T23:59:59+02:00,55,58,32798,35447,70989,88733,83415,114879,110893,163948,193628,222322,259245,289124,214597,272426,66242,120253,10866,10433,21588,28064,24468,40217,32021,58214,45279,58478,53042,54878,117026,149647,57451,103871,1451223,762612,198910,97071,689004,5800,144,139,83
2021-04-29T23:59:59+02:00,53,57,31303,34503,68084,86718,79795,112287,105797,159856,180844,210795,251330,280037,213401,270797,66107,119904,10564,10223,21114,27616,24039,39719,31441,57473,44482,57549,51217,52692,115180,147416,57351,103676,1396492,753816,191634,94399,683647,3498,124,133,81
2021-04-28T23:59:59+02:00,52,55,30070,33893,66222,85414,77317,110474,102381,157008,171178,201636,240494,267458,212123,269111,65910,119576,10381,10064,20818,27266,23677,39250,31021,56822,43757,56728,49104,50082,112606,144192,57228,103464,1343946,744309,188283,89871,678282,2272,94,127,79
2021-04-27T23:59:59+02:00,49,54,29315,33211,64653,83954,75326,108673,99630,154617,166471,196923,232000,257660,210978,267499,65790,119353,10258,9953,20537,26977,23441,38923,30665,56327,43076,56038,47105,47545,109969,140768,57111,103265,1309985,734528,185988,85871,670319,1556,93,125,75
2021-04-26T23:59:59+02:00,48,54,28888,32830,63558,83073,73832,107516,97355,152915,157870,188923,227818,252825,210274,266509,65699,119155,10166,9862,20324,26794,23205,38706,30371,55990,42464,55466,45303,45403,108082,138294,57016,103112,1281121,726595,184550,82789,663609,1176,89,123,73
2021-04-25T23:59:59+02:00,48,53,28638,32593,62785,82553,72774,106787,95631,151696,152500,184060,223491,247951,209685,265732,65634,119034,10111,9828,20245,26720,23119,38625,30260,55866,42304,55307,44890,44906,107404,137387,56988,103042,1268423,724941,178418,81022,654941,1044,87,123,72
2021-04-24T23:59:59+02:00,48,52,28295,32167,61852,81339,71592,105346,94087,150044,147610,178922,220710,244626,209215,265060,65600,118984,10097,9810,20204,26679,23069,38561,30180,55780,42155,55171,44648,44599,107155,137093,56967,103014,1243625,723861,178393,80325,653667,1002,86,123,71
2021-04-23T23:59:59+02:00,46,52,27550,31548,60285,79836,69809,103334,91505,147417,142851,174544,216169,239091,208562,264069,65538,118869,10045,9749,20095,26593,22938,38411,29947,55575,41793,54841,44030,43843,106096,135814,56810,102739,1218837,720523,177216,77855,645155,950,85,121,69
2021-04-22T23:59:59+02:00,44,51,26937,30949,58754,78404,67349,101123,87392,143935,134826,167067,207149,228113,206525,261439,65340,118474,9920,9653,19848,26302,22586,37980,29434,55061,41036,54206,42862,42518,104108,133373,56582,102341,1177389,713084,169785,73911,636830,825,85,117,67
2021-04-21T23:59:59+02:00,44,49,26445,30430,57431,77305,65470,99500,84369,141302,127653,160266,194101,212800,204379,258554,65115,118050,9791,9567,19617,26057,22303,37656,29083,54613,40488,53677,42019,41502,101929,130597,56329,101931,1126021,706575,166910,69842,630468,753,85,110,66
2021-04-20T23:59:59+02:00,43,48,26022,29964,56277,76167,63804,97926,81835,138735,122588,155219,182643,199369,201959,255430,64882,117629,9689,9478,19400,25871,22012,37388,28676,54203,39949,53146,41208,40574,99716,127619,55994,101394,1083527,699063,163427,66596,623722,675,83,108,62
2021-04-19T23:59:59+02:00,43,47,25657,29612,55312,75349,62525,96755,79716,136816,119076,151848,176909,192539,200254,253202,64701,117300,9581,9388,19170,25653,21769,37118,28361,53813,39442,52618,40414,39667,96624,123661,55589,100684,1059067,688749,161604,64182,617129,639,82,103,62
2021-04-18T23:59:59+02:00,42,45,25354,29352,54545,74805,61404,95812,77871,135399,115720,149459,171814,186998,199244,251979,64593,117110,9508,9314,18983,25482,21593,36953,28146,53538,39183,52369,40086,39280,95409,122118,55408,100389,1045149,684901,159940,62253,606589,624,82,103,61
2021-04-17T23:59:59+02:00,41,44,25245,29260,54174,74611,60889,95461,77220,134803,114876,148720,167570,182123,198710,251255,64558,117045,9463,9255,18845,25295,21407,36723,27920,53264,38918,52102,39789,38960,94651,121191,55344,100307,1034288,680902,159912,61939,602536,612,82,103,61
2021-04-16T23:59:59+02:00,41,44,24873,29012,53187,74006,59610,94587,75603,133475,110743,144586,159951,173360,197061,249054,64449,116837,9254,9080,18454,24871,20834,36152,26823,52369,36912,50512,36514,36068,91484,117696,54942,99652,1008444,665986,159126,55076,593040,573,82,102,60
2021-04-15T23:59:59+02:00,37,40,24399,28561,51940,72841,57655,92862,72338,130633,105279,139317,152098,164394,192410,243187,64153,116220,9080,8919,18086,24451,20343,35495,26147,51579,35525,49287,34411,34051,88392,113977,54435,98796,976283,652966,157077,49506,575133,522,81,101,58
2021-04-14T23:59:59+02:00,35,36,24057,28237,51003,71906,56317,91475,69957,128479,101299,135559,142911,154027,184677,233314,63813,115552,8677,8648,17615,23948,19808,34854,25238,50703,34240,48167,32374,31910,85420,110341,53946,97938,938460,638133,154412,45292,559911,424,80,98,57
2021-04-13T23:59:59+02:00,35,36,23820,28023,50310,71368,55377,90655,68324,127075,97580,132130,131094,140924,178291,224982,63473,114964,8443,8478,17273,23545,19389,34324,24577,49909,33175,47158,30995,30557,83289,107977,53590,97396,905268,628888,149903,40907,543420,302,80,96,56
2021-04-12T23:59:59+02:00,34,35,23613,27838,49762,70860,54517,89924,66866,125789,94955,129807,123996,132899,175069,221034,63204,114473,8206,8292,16918,23251,19023,33890,24108,49374,32508,46534,29481,29021,81634,106044,53264,96875,888891,620502,148370,37659,527541,283,80,95,55
2021-04-11T23:59:59+02:00,33,35,23442,27680,49239,70441,53789,89471,65731,124987,93101,128331,118524,126896,171151,216435,63035,114177,8074,8158,16622,22972,18705,33582,23752,48994,32063,46151,28848,28357,80616,104801,53056,96557,881442,615228,143965,35834,511218,268,78,95,54
2021-04-10T23:59:59+02:00,33,35,23381,27623,49073,70308,53590,89315,65406,124720,92578,127897,116444,124372,169713,214587,62994,114077,7489,7556,15732,22189,17749,32743,22632,47963,30953,45158,28189,27645,78526,102196,52789,96121,874465,599936,143113,35455,508698,261,74,95,54
2021-04-09T23:59:59+02:00,32,35,23137,27376,48574,69817,52952,88636,64412,123600,90755,125993,107635,113448,166343,210188,62796,113721,6531,6659,14208,20871,16031,31188,20496,46001,28756,43154,26418,25826,75033,98030,52247,95283,855102,572560,136071,33946,498414,250,67,90,53
2021-04-08T23:59:59+02:00,32,35,22842,27131,47995,69329,52202,87941,63110,122522,88344,123831,97347,101480,160813,203352,62470,113157,5891,6072,13023,19857,14774,29852,18856,44288,26262,40822,23406,22863,70397,92283,51110,93535,836485,541097,127193,32007,480404,216,57,88,53
2021-04-07T23:59:59+02:00,30,34,22532,26907,47198,68875,51280,87333,61727,121545,85218,121400,88178,91204,153823,194578,62176,112596,5511,5751,12367,19184,13962,29026,17814,43237,24358,38928,20874,20344,66453,87528,50118,91922,816141,517688,121610,29533,459034,184,53,87,52
2021-04-06T23:59:59+02:00,29,34,22322,26746,46674,68496,50693,86811,60696,120770,83117,119660,80423,82407,147473,186621,61833,111969,5319,5594,12020,18831,13612,28595,17281,42678,23497,38122,19750,19317,63303,83445,49199,90543,796898,504368,118404,26599,441626,173,49,85,50
2021-04-05T23:59:59+02:00,29,33,22225,26622,46363,68155,50311,86414,60150,120079,81939,118508,75953,77323,142481,180526,61632,111654,5181,5455,11759,18579,13318,28283,16961,42306,23053,37663,19287,18848,60433,79901,48501,89478,787487,495065,116656,23808,426409,168,46,83,50
2021-04-04T23:59:59+02:00,29,33,22177,26563,46243,67888,50142,86101,59871,119579,81432,117877,74516,75618,141781,179550,61595,111572,5178,5449,11744,18566,13307,28267,16943,42289,22955,37591,18880,18525,58999,78057,48296,89167,784957,490287,116553,23806,421219,161,42,80,48
2021-04-03T23:59:59+02:00,29,33,22115,26482,46120,67781,49980,85926,59555,119267,80865,117301,73172,73984,140669,178014,61512,111424,5169,5441,11731,18548,13284,28247,16909,42242,22850,37517,18744,18376,58649,77497,48207,89022,778608,488508,116511,23806,419273,161,41,79,48
2021-04-02T23:59:59+02:00,29,33,22038,26400,45960,67616,49763,85678,59087,118818,79987,116489,71618,72104,138393,175037,61315,111066,5150,5404,11684,18506,13230,28165,16820,42094,22577,37040,18387,18014,56309,74620,47397,87926,769512,480044,114737,23163,417346,161,39,78,46
2021-04-01T23:59:59+02:00,26,31,21841,26196,45543,67097,49120,84938,58212,117880,78107,114822,68361,68681,134318,169872,60997,110501,5006,5262,11413,18244,13007,27932,16498,41786,22077,36600,17572,17272,51485,68605,45723,85472,757886,462060,108659,21796,410165,147,34,76,45
2021-03-31T23:59:59+02:00,26,31,21515,25977,45143,66575,48630,84291,57485,116942,76951,113579,66323,66367,129570,163770,60595,109779,4928,5212,11318,18126,12847,27782,16259,41517,21487,36092,16444,16369,46286,62206,44349,83501,748152,443782,101519,20853,404051,144,30,74,41
2021-03-30T23:59:59+02:00,26,30,21340,25757,44746,65957,48126,83495,56779,115891,75818,112207,64487,64349,125198,158023,60128,108878,4861,5128,11213,18000,12656,27593,15932,41193,20911,35543,15611,15568,43529,58800,43234,81709,737995,431930,97305,19494,396115,115,26,69,40
2021-03-29T23:59:59+02:00,25,30,21143,25518,44287,65407,47651,82807,56045,114817,74597,110774,62004,61609,118473,149393,59358,107485,4764,5059,11108,17889,12505,27427,15685,40874,20455,35075,14959,15029,40946,55822,42129,79891,717500,420754,93887,18820,390215,101,26,69,39
2021-03-28T23:59:59+02:00,25,30,20938,25230,43789,64725,47137,82067,55366,113813,73657,109671,60745,60177,113774,143427,58914,106729,4709,5001,10962,17745,12251,27129,15494,40628,20288,34844,14721,14786,39866,54406,41781,79355,710976,416452,86588,17494,382829,81,26,68,36
2021-03-27T23:59:59+01:00,25,30,20819,25074,43497,64360,46778,81537,54867,113123,72987,108934,59592,59095,112294,141721,58847,106651,4696,4989,10935,17726,12233,27099,15133,40203,19889,34408,14428,14574,39381,53721,41308,78539,705714,412408,85888,16840,378807,75,26,68,36
2021-03-26T23:59:59+01:00,25,29,20567,24562,42695,62660,45812,79516,53535,110109,70978,105327,57586,57221,109548,138492,58521,106137,4678,4956,10911,17674,12164,27007,15055,40094,19550,33817,13961,13925,36321,49892,39253,75299,694361,397936,82585,16622,366551,61,23,67,36
2021-03-25T23:59:59+01:00,25,27,20136,23890,41822,60902,44720,76969,52025,106591,68594,101566,54996,54591,106242,134526,57950,105148,4632,4902,10820,17572,12045,26862,14871,39876,19276,33512,13487,13435,32475,44852,36261,70771,682958,379630,78391,16025,349548,56,21,66,36
2021-03-24T23:59:59+01:00,25,27,19737,23445,41046,59639,43709,75435,50651,104676,66503,99240,52216,51683,101996,129430,57313,104071,4578,4836,10727,17434,11879,26662,14640,39594,18909,33094,13032,12982,29912,41641,33150,65938,670178,364101,73522,14924,337324,50,16,64,36
2021-03-23T23:59:59+01:00,25,27,19491,23147,40486,58732,42990,74349,49621,103167,64854,97387,49930,49343,99242,126221,56754,103233,4519,4766,10627,17310,11733,26482,14397,39285,18493,32708,12530,12476,27484,38548,29491,60048,662083,346581,70182,14336,326917,46,15,62,36
2021-03-22T23:59:59+01:00,25,27,19272,22737,39852,57853,42325,73313,48677,101785,63382,95759,48102,47462,96846,123477,56282,102461,4461,4719,10541,17196,11603,26306,14240,39046,18254,32407,12220,12103,25653,36201,25548,53684,655804,330418,67377,13784,316639,43,15,61,35
2021-03-21T23:59:59+01:00,25,27,19135,22478,39361,57100,41777,72469,48026,100632,62440,94532,47059,46439,95203,121628,55913,101882,4447,4711,10505,17149,11558,26220,14180,38956,18174,32308,12101,11972,25225,35754,25194,53126,653240,328230,65351,13370,307715,43,14,60,35
2021-03-20T23:59:59+01:00,24,27,19075,22333,39151,56607,41539,71911,47715,99996,62003,93932,46409,45673,92607,118399,55628,101396,4438,4704,10496,17137,11531,26204,14137,38920,18092,32234,11942,11811,24586,34980,24432,52042,646789,324525,64905,13181,302909,43,14,60,35
2021-03-19T23:59:59+01:00,24,26,18722,21770,38021,54490,40262,69920,45984,97912,59130,91175,41980,41810,87400,112644,54928,100316,4418,4691,10463,17090,11467,26093,14047,38751,17857,31936,11590,11534,22920,32924,22753,49484,629069,315225,57714,12819,289907,36,14,58,35
2021-03-18T23:59:59+01:00,24,25,18329,21127,36849,52338,38722,67134,43833,93450,55287,85385,37954,38016,82675,107169,53841,98657,4398,4663,10395,16987,11389,25940,13898,38562,17640,31734,11358,11353,21675,31411,21042,46887,612161,307152,51977,12209,266847,33,14,58,34
2021-03-17T23:59:59+01:00,24,24,17910,20777,36124,51423,37959,66182,42753,92098,53501,83560,35287,35237,78655,102349,52897,97184,4375,4639,10333,16894,11317,25807,13785,38375,17442,31544,11121,11131,20437,30003,19453,44489,595528,299671,47583,11504,260999,30,14,57,34
2021-03-16T23:59:59+01:00,23,24,17554,20359,35380,50356,37145,64990,41658,90431,51665,81573,33086,33221,74638,97424,52017,95871,4325,4590,10260,16767,11226,25657,13687,38139,17307,31301,10951,10954,19159,28489,17972,42168,582307,291913,42898,11070,252373,29,11,56,34
2021-03-15T23:59:59+01:00,23,24,17276,19995,34675,49379,36357,63799,40755,88951,50406,79975,31368,31385,71358,93337,51320,94739,4303,4556,10194,16644,11160,25456,13573,37852,17158,31029,10784,10796,18429,27526,16716,40309,571199,286106,39577,10422,244517,28,0,55,34
2021-03-14T23:59:59+01:00,23,23,17008,19568,33824,48170,35458,62481,39701,87125,49153,78252,30206,30154,69365,90776,50875,94063,4278,4538,10149,16567,11103,25314,13513,37630,17068,30865,10713,10712,18247,27245,16454,39749,564096,284911,37701,9288,234599,17,0,51,34
2021-03-13T23:59:59+01:00,23,23,16199,18514,32334,46148,33887,60357,37667,84071,47029,75715,28859,28805,67351,88155,50606,93672,4278,4538,10147,16562,11100,25307,13504,37623,17062,30856,10676,10679,17501,26360,15409,38298,547752,280665,37416,9287,224405,17,0,51,34
2021-03-12T23:59:59+01:00,22,23,15098,17138,29894,43501,31222,57219,34806,79217,43823,71257,26027,25617,63048,82856,49627,92270,4266,4505,10129,16500,11082,25256,13458,37506,16971,30725,10399,10452,16621,25118,14340,36780,519758,274884,36105,9276,206954,14,0,49,33
2021-03-11T23:59:59+01:00,21,23,14061,15678,27651,40813,28904,54033,32219,74828,40071,66366,22629,22142,57045,75546,47698,89431,4225,4466,10048,16382,10972,25031,13342,37196,16806,30421,10098,10240,15987,24281,13672,35508,487748,270893,34516,7838,187033,11,0,47,32
2021-03-10T23:59:59+01:00,21,22,13465,14981,26244,39200,27258,52211,30658,72512,37558,63243,19885,19593,51131,68410,46147,87093,4191,4422,9949,16215,10854,24782,13195,36778,16606,30049,9862,10058,15243,23508,13013,34483,461352,266169,32471,7095,175945,9,0,46,32
2021-03-09T23:59:59+01:00,20,21,13182,14516,25124,38162,25846,51027,29596,70860,36180,61411,18707,18472,47624,63973,45022,85305,4167,4396,9865,16049,10751,24523,13042,36462,16432,29813,9739,9956,14582,22672,12518,33709,447763,262470,29948,6263,167460,9,0,46,30
2021-03-08T23:59:59+01:00,19,21,12851,13915,24042,37056,24579,49889,28659,69376,34949,59793,17629,17594,43509,58988,43794,83322,4152,4361,9804,15851,10649,24265,12909,36106,16305,29549,9657,9873,14089,22066,12204,33270,432317,259299,27942,5872,159847,4,0,45,30
2021-03-07T23:59:59+01:00,19,21,12618,13623,23448,36207,23883,49014,28061,68505,34341,59038,17368,17344,42443,57540,43427,82759,4140,4348,9784,15809,10622,24192,12877,35936,16248,29435,9635,9844,13891,21813,12068,33068,427563,258243,26129,5532,156085,0,0,44,29
2021-03-06T23:59:59+01:00,19,20,12505,13332,23046,35474,23354,48227,27016,66980,33243,57276,16982,17015,41798,56651,43126,82292,4137,4334,9773,15783,10604,24158,12867,35894,16230,29404,9618,9803,13844,21775,11965,32858,423504,257865,26065,5248,148903,0,0,44,28
2021-03-05T23:59:59+01:00,19,20,12095,12731,22365,34270,22672,46997,26260,65351,32011,54857,16339,16184,38338,52348,40970,78850,4110,4287,9703,15683,10554,24010,12799,35699,16144,29198,9522,9734,13658,21561,11595,32247,408325,256170,24614,4400,139847,0,0,44,27
2021-03-04T23:59:59+01:00,17,20,11336,11726,21178,32544,21454,44953,24905,62701,30316,52502,15609,15467,34335,47184,37892,74162,4061,4198,9590,15394,10452,23653,12666,35170,15999,28801,9349,9581,13501,21351,11511,32102,389892,253137,22541,4308,125975,0,0,44,25
2021-03-03T23:59:59+01:00,15,20,11031,11238,20490,31330,20683,43597,24004,60952,29275,50863,15134,14965,31726,43862,34807,69395,4021,4136,9511,15225,10373,23403,12560,34750,15823,28455,9167,9455,13376,21137,11365,31832,374464,250512,21748,4145,117281,0,0,41,23
2021-03-02T23:59:59+01:00,15,20,10768,10814,19845,30365,19970,42579,23221,59568,28303,49590,14507,14318,29050,40491,30922,63177,3973,4065,9449,15061,10305,23139,12459,34319,15722,28149,9042,9353,13238,20949,11288,31687,356288,248120,20238,4144,111097,0,0,40,23
2021-03-01T23:59:59+01:00,13,19,10597,10556,19334,29563,19410,41699,22632,58498,27591,48467,14092,13863,26980,37902,26668,56294,3958,4016,9394,14906,10241,22840,12379,33942,15617,27826,8960,9293,13055,20681,11173,31504,339079,245709,19129,4141,106067,0,0,40,23
2021-02-28T23:59:59+01:00,12,19,10431,10357,18867,28918,18879,40964,22155,57647,27106,47677,13885,13622,26372,37242,26263,55692,3942,4002,9370,14874,10222,22789,12362,33872,15591,27780,8934,9269,12924,20504,11110,31354,336637,244858,18269,4106,101297,0,0,40,23
2021-02-27T23:59:59+01:00,12,18,10252,9842,18538,28051,18621,40180,21870,56665,26778,46885,13609,13321,25705,36438,25341,54274,3930,3991,9349,14854,10190,22741,12323,33790,15548,27707,8912,9253,12915,20488,11106,31348,332732,244508,17547,4002,96214,0,0,40,23
2021-02-26T23:59:59+01:00,11,17,9456,9057,17637,26612,17840,37973,20942,53816,25319,44061,13143,12920,24117,34451,23818,51969,3849,3923,9271,14693,10116,22486,12242,33425,15431,27413,8832,9171,12848,20420,11065,31278,323623,242601,17294,3928,82330,0,0,40,21
2021-02-25T23:59:59+01:00,11,17,8297,8207,16315,25009,16572,35712,19704,50931,23611,41281,12670,12521,22838,32859,22323,49687,3727,3780,9109,14381,9896,21883,11989,32574,15106,26760,8636,9019,12588,20096,10924,31010,316008,238470,16523,3075,66120,0,0,39,20
2021-02-24T23:59:59+01:00,11,16,7932,7685,15660,23973,15943,34475,18989,49418,22820,40083,12274,12185,21532,31361,20643,47060,3655,3713,8969,14090,9720,21431,11789,31949,14843,26225,8495,8882,12446,19923,10859,30799,307765,235702,15558,2150,58821,0,0,39,20
2021-02-23T23:59:59+01:00,11,16,7449,7209,14848,22798,15258,33257,18269,48008,22102,39014,11967,11861,20195,29787,19029,44504,3615,3638,8849,13888,9584,21035,11602,31373,14544,25725,8326,8740,12319,19713,10789,30568,299654,232882,14757,1489,51252,0,0,39,20
2021-02-22T23:59:59+01:00,10,14,7342,7004,14465,22181,14908,32530,17807,47002,21608,38281,11770,11612,19448,28780,17716,42551,3585,3536,8711,13596,9420,20534,11348,30634,14172,25129,8079,8547,12120,19461,10685,30265,293801,229579,14147,305,47162,0,0,38,20
2021-02-21T23:59:59+01:00,10,14,7252,6879,14144,21740,14489,31947,17392,46350,21172,37787,11664,11511,19285,28567,17469,42218,3547,3496,8629,13473,9345,20318,11277,30343,14051,24860,8017,8485,12064,19354,10614,30102,292659,227745,13775,291,43533,0,0,38,20
2021-02-20T23:59:59+01:00,10,14,7135,6829,14019,21660,14373,31813,17273,46200,21014,37606,11565,11429,18505,27650,16413,40748,3545,3490,8619,13465,9335,20297,11263,30318,14038,24849,8012,8476,11999,19290,10560,30034,288409,227362,13578,290,42343,0,0,38,19
2021-02-19T23:59:59+01:00,8,13,6835,6577,13666,21221,14002,31145,16800,45404,20309,36737,10963,11028,17462,26319,15256,39140,3465,3467,8543,13438,9293,20240,11225,30227,13979,24755,7969,8416,11776,19017,10367,29703,282033,225654,13203,289,37722,0,0,35,18
2021-02-18T23:59:59+01:00,8,13,6438,6102,13039,20078,13362,29770,15984,43533,19437,35159,10733,10809,16871,25567,14679,38257,3280,3331,8210,12898,9001,19493,10875,29190,13614,23928,7764,8107,11190,18066,9870,28553,278461,217144,12621,289,28828,0,0,35,18
2021-02-17T23:59:59+01:00,8,12,6273,5759,12593,19197,12874,28579,15284,41811,18790,33834,10506,10558,16115,24753,13902,37067,3031,3171,7870,12384,8700,18704,10505,28147,13223,23078,7531,7872,10633,17215,9432,27735,273791,209003,11890,287,22301,0,0,35,18
2021-02-16T23:59:59+01:00,8,12,5947,5459,12056,18363,12370,27504,14739,40432,18198,32800,10353,10453,15447,23922,13394,36278,2848,3051,7569,11935,8394,17980,10108,27062,12758,22183,7260,7579,9916,16044,8706,26185,270258,199504,11394,132,16150,0,0,33,18
2021-02-15T23:59:59+01:00,8,12,5842,5282,11762,17721,12104,26720,14391,39439,17850,32030,10228,10342,14887,23268,13033,35739,2759,2971,7379,11614,8175,17475,9809,26220,12408,21500,6979,7295,9216,14989,8191,24904,267157,191857,10791,86,12777,0,0,33,17
2021-02-14T23:59:59+01:00,8,12,5574,5167,11514,17449,11881,26284,14157,38993,17659,31753,10183,10291,14653,22929,12868,35345,2709,2933,7265,11450,8046,17269,9634,25889,12230,21199,6884,7172,8996,14605,8003,24370,266156,188627,9855,85,10777,0,0,31,17
2021-02-13T23:59:59+01:00,8,12,5514,5129,11464,17413,11851,26253,14129,38961,17639,31734,10170,10264,14626,22898,12856,35328,2705,2930,7260,11443,8034,17249,9619,25855,12203,21156,6854,7138,8842,14393,7651,23744,265915,187127,9854,7,10549,0,0,30,16
2021-02-12T23:59:59+01:00,8,11,4998,4811,10893,17051,11533,25702,13810,38317,17311,31092,10059,10157,14442,22684,12776,35219,2655,2897,7166,11287,7933,17018,9469,25463,11986,20712,6673,6906,8481,13832,7059,22405,264219,181994,9843,6,6879,0,0,30,16
2021-02-11T23:59:59+01:00,8,10,4536,4510,10306,16370,11121,24894,13330,37054,16821,30232,9744,9896,14160,22236,12496,34536,2487,2623,6567,10099,7246,15285,8611,22853,10939,18635,6024,6193,7438,12217,6244,20086,260988,163598,8202,4,3137,0,0,28,15
2021-02-10T23:59:59+01:00,8,10,4290,4343,9969,15918,10812,24354,13018,36171,16405,29480,9530,9758,13979,22030,12404,34330,2127,2332,5632,8644,6447,13245,7622,19951,9818,16606,5479,5607,6455,10557,5469,18028,258338,144077,7703,2,835,0,0,27,2
2021-02-09T23:59:59+01:00,8,9,4227,4245,9846,15651,10703,23953,12847,35549,16192,29007,9352,9622,13784,21821,12262,34108,1732,1980,4855,7378,5676,11451,6703,17447,8731,14613,4902,4979,5407,9005,4739,15927,255897,125579,6925,1,431,0,0,26,2
2021-02-08T23:59:59+01:00,8,9,4193,4190,9753,15439,10595,23595,12729,35087,16052,28649,9260,9555,13582,21538,12153,33915,1568,1785,4298,6388,5016,9879,5883,14924,7713,12763,4343,4447,4424,7420,3976,13852,253531,108728,6410,1,425,0,0,26,2
2021-02-07T23:59:59+01:00,8,9,4028,4123,9597,15302,10492,23429,12650,34824,15940,28457,9219,9510,13437,21355,12080,33772,1353,1538,3879,5716,4603,9001,5459,13766,7230,11806,4087,4187,4194,7027,3816,13258,252430,100967,5864,1,0,0,0,26,1
2021-02-06T23:59:59+01:00,8,9,4019,4114,9587,15286,10479,23393,12628,34774,15923,28400,9199,9496,13419,21320,11975,33575,1201,1341,3646,5409,4417,8576,5239,13178,6950,11248,3950,4050,4069,6878,3538,12801,252087,96536,5579,1,0,0,0,26,0
2021-02-05T23:59:59+01:00,8,8,3946,4047,9515,15143,10411,23143,12543,34404,15808,28119,9115,9422,13346,21245,11626,32978,1060,1113,3366,4964,4159,7997,4921,12401,6564,10521,3689,3804,3908,6651,3036,11916,250200,90112,4687,0,0,0,0,26,0
2021-02-04T23:59:59+01:00,8,8,3889,3924,9395,14829,10234,22596,12356,33608,15591,27556,8991,9313,13122,20952,11513,32777,796,780,2541,3715,3223,6256,3970,9858,5240,8310,3008,3092,3283,5666,2643,10418,246260,72830,4463,0,0,0,0,25,0
2021-02-03T23:59:59+01:00,8,8,3820,3853,9289,14606,10130,22259,12223,33098,15440,27136,8882,9198,12981,20774,11437,32612,660,612,1920,2801,2490,4831,3000,7572,4009,6265,2200,2228,2399,4202,1916,7811,243520,54942,4295,0,0,0,0,25,0
2021-02-02T23:59:59+01:00,8,8,3754,3758,9189,14413,10033,21879,12080,32534,15238,26682,8758,9084,12858,20564,11354,32346,524,485,1451,2067,1903,3632,2256,5760,2990,4685,1557,1530,1636,2767,1333,5198,240306,39792,4293,0,0,0,0,25,0
2021-02-01T23:59:59+01:00,7,8,3714,3668,9109,14182,9927,21491,11942,31896,15057,26179,8640,8936,12749,20421,11303,32171,390,352,1010,1429,1253,2417,1468,3775,1854,2966,984,972,970,1688,765,3012,237167,25314,4293,0,0,0,0,24,0
2021-01-31T23:59:59+01:00,7,8,3696,3633,9056,14073,9858,21287,11876,31600,14954,25981,8584,8877,12698,20309,11258,32042,360,331,890,1239,1064,2045,1266,3223,1621,2600,886,881,866,1506,694,2706,235678,22185,4179,0,0,0,0,23,0
2021-01-30T23:59:59+01:00,7,8,3696,3630,9046,14060,9844,21265,11863,31580,14942,25967,8580,8872,12639,20246,11208,31978,343,307,830,1155,1007,1922,1202,3033,1546,2463,858,855,847,1466,679,2654,235359,21173,4132,0,0,0,0,23,0
2021-01-29T23:59:59+01:00,7,8,3636,3615,8985,14031,9815,21214,11831,31505,14895,25899,8556,8849,12452,20021,11028,31735,276,224,710,983,863,1562,1047,2644,1335,2138,769,765,798,1411,661,2601,234140,18791,4005,0,0,0,0,20,0
2021-01-28T23:59:59+01:00,7,8,3517,3529,8781,13644,9595,20702,11600,30926,14569,25400,8419,8748,12017,19401,10672,31154,130,57,291,360,375,606,457,1147,606,959,407,423,467,811,378,1571,229354,9047,3398,0,0,0,0,20,0
2021-01-27T23:59:59+01:00,7,8,3286,3394,8488,13229,9294,20079,11218,30091,14182,24663,8203,8537,11467,18596,10247,30391,78,33,201,222,241,411,303,800,427,661,309,309,347,605,284,1149,222648,6381,2790,0,0,0,0,20,0
2021-01-26T23:59:59+01:00,6,8,3120,3297,8207,12892,9031,19509,10913,29334,13785,24035,7967,8316,10889,17682,9600,29239,73,29,186,212,225,377,287,749,396,600,294,284,320,542,258,1019,215938,5852,1949,0,0,0,0,20,0
2021-01-25T23:59:59+01:00,6,8,3033,3202,7926,12411,8740,18803,10527,28333,13305,23273,7684,8117,10271,16866,9144,28338,65,21,166,191,193,321,248,629,344,496,257,240,266,465,210,831,209640,4944,404,0,0,0,0,18,0
2021-01-24T23:59:59+01:00,6,8,2989,3182,7841,12333,8666,18678,10418,28173,13177,23091,7642,8082,10206,16754,9096,28242,64,20,162,187,191,308,245,608,336,482,248,236,264,458,206,816,208338,4832,302,0,0,0,0,18,0
2021-01-23T23:59:59+01:00,6,8,2988,3181,7840,12330,8662,18668,10417,28160,13171,23086,7635,8079,10082,16589,8768,27655,63,20,162,187,190,307,243,608,334,482,248,236,264,458,206,815,207082,4824,300,0,0,0,0,17,0
2021-01-22T23:59:59+01:00,6,8,2926,3135,7716,12217,8579,18528,10307,27990,13091,22971,7605,8046,9884,16287,8250,26631,63,20,161,187,190,307,243,608,333,482,248,236,264,458,206,815,203935,4822,300,0,0,0,0,16,0
2021-01-21T23:59:59+01:00,6,8,2844,2965,7218,11304,8095,17383,9770,26369,12486,21755,7320,7718,9244,15326,7725,25559,57,18,146,173,173,276,218,532,296,442,222,209,233,378,176,684,192850,4234,300,0,0,0,0,16,0
2021-01-20T23:59:59+01:00,6,8,2485,2618,6337,9897,7350,15430,8817,23539,11376,19683,6719,7066,8149,13559,6911,23337,55,18,145,168,170,274,211,518,285,420,210,202,227,353,162,646,173038,4065,297,0,0,0,0,16,0
2021-01-19T23:59:59+01:00,6,8,2043,2262,5438,8514,6486,13538,7796,20750,10104,17443,5962,6181,6760,11365,5889,20281,39,11,96,124,114,170,148,354,186,292,133,115,139,235,113,479,150651,2748,216,0,0,0,0,16,0
2021-01-18T23:59:59+01:00,5,8,1769,1973,4682,7132,5530,11298,6597,17155,8674,14727,5079,5299,5374,9111,4815,16794,21,6,37,46,52,79,65,161,74,147,59,54,66,131,62,220,125967,1280,92,0,0,0,0,16,0
2021-01-17T23:59:59+01:00,4,8,1492,1683,4169,6338,5022,10166,6061,15580,8035,13462,4739,4950,5002,8438,4486,15788,8,2,8,15,15,28,19,51,27,56,23,23,20,31,13,47,115366,386,88,0,0,0,0,15,0
2021-01-16T23:59:59+01:00,4,7,1325,1479,3952,6017,4842,9726,5802,14914,7705,12769,4550,4722,4790,8162,4131,15184,0,0,0,1,1,2,1,1,1,2,0,1,1,0,0,1,110105,12,5,0,0,0,0,14,0
2021-01-15T23:59:59+01:00,4,7,1174,1253,3698,5596,4589,9161,5510,14075,7297,11970,4258,4428,4604,7855,3596,14138,0,0,0,0,0,0,0,0,0,0,0,0,0,0,0,0,103236,0,3,0,0,0,0,14,0
2021-01-14T23:59:59+01:00,3,4,900,940,2952,4408,3725,7346,4566,11332,5901,9626,3458,3559,3866,6630,3112,12326,0,0,0,0,0,0,0,0,0,0,0,0,0,0,0,0,84671,0,0,0,0,0,0,14,0
2021-01-13T23:59:59+01:00,3,3,764,786,2480,3677,3140,6123,3794,9394,4809,7752,2585,2646,2920,5048,2380,9422,0,0,0,0,0,0,0,0,0,0,0,0,0,0,0,0,67739,0,0,0,0,0,0,13,0
2021-01-12T23:59:59+01:00,2,3,633,656,2079,3017,2585,4977,3038,7573,3792,6091,1855,1827,1994,3413,1682,6426,0,0,0,0,0,0,0,0,0,0,0,0,0,0,0,0,51665,0,0,0,0,0,0,0,0
2021-01-11T23:59:59+01:00,1,1,492,522,1736,2444,2076,3976,2353,5757,2815,4420,1193,1130,1196,2002,922,3647,0,0,0,0,0,0,0,0,0,0,0,0,0,0,0,0,36701,0,0,0,0,0,0,0,0
2021-01-10T23:59:59+01:00,1,1,436,453,1478,2020,1735,3255,1943,4772,2339,3702,1052,1006,1051,1757,821,3195,0,0,0,0,0,0,0,0,0,0,0,0,0,0,0,0,31028,0,0,0,0,0,0,0,0
2021-01-09T23:59:59+01:00,1,1,404,409,1354,1843,1590,2965,1789,4323,2154,3371,977,935,992,1703,803,3153,0,0,0,0,0,0,0,0,0,0,0,0,0,0,0,0,28776,0,0,0,0,0,0,0,0
2021-01-08T23:59:59+01:00,1,1,307,281,1106,1501,1312,2296,1471,3545,1784,2754,844,830,904,1580,757,3000,0,0,0,0,0,0,0,0,0,0,0,0,0,0,0,0,24281,0,0,0,0,0,0,0,0
2021-01-07T23:59:59+01:00,1,0,144,76,397,507,476,786,592,1367,777,1202,467,481,560,961,464,1907,0,0,0,0,0,0,0,0,0,0,0,0,0,0,0,0,11166,0,0,0,0,0,0,0,0
2021-01-06T23:59:59+01:00,1,0,109,44,267,285,305,510,396,927,527,822,359,361,423,747,358,1440,0,0,0,0,0,0,0,0,0,0,0,0,0,0,0,0,7882,0,0,0,0,0,0,0,0
2021-01-05T23:59:59+01:00,1,0,85,31,188,230,238,424,318,818,444,703,343,345,406,714,351,1385,0,0,0,0,0,0,0,0,0,0,0,0,0,0,0,0,7025,0,0,0,0,0,0,0,0
2021-01-04T23:59:59+01:00,1,0,67,25,171,193,197,331,254,635,350,511,268,253,286,516,234,927,0,0,0,0,0,0,0,0,0,0,0,0,0,0,0,0,5219,0,0,0,0,0,0,0,0
2021-01-03T23:59:59+01:00,1,0,65,21,165,188,193,317,252,620,342,494,260,251,282,503,232,910,0,0,0,0,0,0,0,0,0,0,0,0,0,0,0,0,5096,0,0,0,0,0,0,0,0
2021-01-02T23:59:59+01:00,1,0,65,21,165,188,193,317,249,620,339,494,260,251,282,503,232,909,0,0,0,0,0,0,0,0,0,0,0,0,0,0,0,0,5089,0,0,0,0,0,0,0,0
2021-01-01T23:59:59+01:00,1,0,64,21,164,188,193,316,249,620,337,492,260,251,282,502,232,909,0,0,0,0,0,0,0,0,0,0,0,0,0,0,0,0,5081,0,0,0,0,0,0,0,0
2020-12-31T23:59:59+01:00,1,0,64,21,164,186,193,315,248,619,336,491,260,251,282,502,232,909,0,0,0,0,0,0,0,0,0,0,0,0,0,0,0,0,5074,0,0,0,0,0,0,0,0
2020-12-30T23:59:59+01:00,1,0,63,21,164,185,191,312,248,617,336,489,260,251,282,502,231,909,0,0,0,0,0,0,0,0,0,0,0,0,0,0,0,0,5062,0,0,0,0,0,0,0,0
2020-12-29T23:59:59+01:00,1,0,45,12,116,140,142,212,181,443,237,375,179,164,194,373,170,709,0,0,0,0,0,0,0,0,0,0,0,0,0,0,0,0,3693,0,0,0,0,0,0,0,0
2020-12-28T23:59:59+01:00,1,0,24,8,64,77,80,122,100,252,118,232,98,93,103,200,103,388,0,0,0,0,0,0,0,0,0,0,0,0,0,0,0,0,2063,0,0,0,0,0,0,0,0
2020-12-27T23:59:59+01:00,0,0,11,3,17,26,36,47,36,89,37,94,32,29,40,73,32,145,0,0,0,0,0,0,0,0,0,0,0,0,0,0,0,0,747,0,0,0,0,0,0,0,0
