Datum,<15_m,<15_w,15-24_1_m,15-24_1_w,25-34_1_m,25-34_1_w,35-44_1_m,35-44_1_w,45-54_1_m,45-54_1_w,55-64_1_m,55-64_1_w,65-74_1_m,65-74_1_w,75-84_1_m,75-84_1_w,>84_1_m,>84_1_w,<24_2_m,<24_2_w,25-34_2_m,25-34_2_w,35-44_2_m,35-44_2_w,45-54_2_m,45-54_2_w,55-64_2_m,55-64_2_w,65-74_2_m,65-74_2_w,75-84_2_m,75-84_2_w,>84_2_m,>84_2_w,bp_1,bp_2,mo_1,mo_2,az_1,az_2,ja,unb_1,unb_2
2021-08-31T23:59:59+02:00,32815,30589,264777,254668,372393,342748,389754,382442,454575,463927,508419,510241,348190,388800,244367,312915,71910,131661,237821,229322,348565,317260,368551,358136,433187,439394,487972,489427,337303,376270,236884,302617,69050,125654,3925019,3698307,517604,492560,807622,759264,255509,484,384
2021-08-30T23:59:59+02:00,32284,30120,263552,253547,371454,341880,388976,381665,453854,463246,507886,509775,347974,388597,244282,312772,71877,131608,236771,228421,347679,316454,367847,357450,432531,438852,487457,488955,337070,376053,236770,302452,69014,125591,3917878,3692895,517499,492133,807581,759034,252954,484,384
2021-08-29T23:59:59+02:00,32096,29932,263000,253058,371003,341478,388620,381349,453569,462968,507663,509554,347880,388490,244233,312708,71867,131584,236076,227807,347098,315921,367377,357001,432119,438494,487158,488699,336935,375903,236711,302382,68997,125567,3914845,3689108,517384,491741,807554,758785,251831,484,384
2021-08-28T23:59:59+02:00,32008,29840,262777,252881,370829,341327,388466,381230,453446,462854,507590,509504,347858,388469,244222,312697,71866,131581,235760,227550,346855,315731,367161,356839,431937,438333,487036,488608,336896,375863,236689,302357,68996,125563,3913827,3687551,517344,491628,807548,758760,251288,484,384
2021-08-27T23:59:59+02:00,31781,29595,262129,252317,370326,340820,388002,380790,453000,462465,507228,509226,347732,388337,244165,312613,71848,131561,235166,227063,346259,315241,366702,356426,431498,437989,486742,488365,336768,375749,236638,302296,68987,125556,3910093,3684439,517276,491417,807483,758704,249645,484,384
2021-08-26T23:59:59+02:00,31406,29209,261142,251349,369493,340022,387266,380062,452330,461800,506695,508750,347502,388084,244042,312500,71819,131500,233732,225739,345064,314093,365633,355457,430648,437214,486101,487803,336495,375444,236481,302132,68960,125512,3904024,3676396,517036,490784,807436,758352,247037,484,384
2021-08-25T23:59:59+02:00,31052,28881,260248,250507,368764,339266,386628,379375,451707,461217,506154,508308,347273,387835,243922,312345,71784,131434,231766,223927,343630,312732,364485,354294,429675,436272,485329,487104,336127,375065,236338,301902,68917,125428,3898458,3664854,516911,490377,807408,758204,244486,483,382
2021-08-24T23:59:59+02:00,30760,28628,259550,249764,368179,338659,386112,378824,451247,460738,505766,507960,347072,387623,243815,312189,71757,131364,230580,222885,342688,311827,363717,353564,429019,435640,484778,486570,335858,374763,236209,301745,68894,125365,3893829,3657842,516626,489938,807390,757905,242725,483,377
2021-08-23T23:59:59+02:00,30256,28115,258182,248475,367167,337763,385295,378050,450488,460069,505134,507403,346797,387344,243677,312003,71730,131306,229121,221594,341405,310790,362781,352727,428178,434904,484087,486006,335561,374439,236078,301561,68868,125306,3886570,3650610,516485,489479,807356,757629,239405,483,377
2021-08-22T23:59:59+02:00,30117,28003,257780,248113,366823,337443,385026,377788,450256,459827,504952,507259,346705,387251,243638,311945,71714,131280,228411,220930,340729,310140,362255,352233,427750,434502,483771,485746,335403,374264,236016,301459,68849,125269,3884401,3646298,516346,489027,807317,757339,238418,483,377
2021-08-21T23:59:59+02:00,29870,27800,257289,247655,366512,337126,384775,377532,450053,459654,504805,507122,346652,387195,243616,311907,71711,131271,227674,220280,340253,309748,361860,351832,427387,434197,483544,485557,335320,374198,235990,301416,68843,125257,3881884,3643367,516206,487833,807310,757283,237707,483,377
2021-08-20T23:59:59+02:00,29682,27603,256635,247000,365780,336510,384112,377012,449464,459165,504338,506805,346511,387040,243561,311812,71695,131238,225882,218678,338864,308577,360759,350888,426443,433408,482833,485013,335082,373951,235890,301298,68819,125228,3878464,3635233,515890,486689,807298,756918,234872,483,377
2021-08-19T23:59:59+02:00,29357,27294,255677,246165,364808,335741,383349,376336,448758,458548,503786,506327,346277,386783,243454,311667,71663,131167,223141,216260,336578,306770,359072,349428,425059,432156,481690,484064,334670,373531,235699,301060,68785,125158,3873096,3621024,515538,484942,807267,756453,231817,482,377
2021-08-18T23:59:59+02:00,29077,27036,254889,245467,364121,335140,382782,375770,448171,458063,503317,505926,346010,386547,243337,311521,71632,131102,220691,213757,334550,305021,357448,347790,423555,430843,480559,483041,334159,372988,235471,300771,68738,125066,3868078,3607904,515367,481061,807243,756077,229780,482,377
2021-08-17T23:59:59+02:00,28766,26761,254109,244764,363516,334478,382232,375232,447699,457596,502895,505514,345815,386343,243223,311393,71606,131051,217958,211021,332493,303205,355775,346336,422137,429587,479444,482066,333684,372453,235245,300490,68688,124992,3863178,3593010,515070,478294,807216,755660,228087,482,376
2021-08-16T23:59:59+02:00,28485,26504,253430,244127,362956,333930,381776,374778,447272,457162,502486,505151,345634,386139,243128,311233,71575,131012,214816,207972,330225,301111,354272,344900,420944,428466,478509,481232,333304,372022,235063,300221,68650,124906,3858854,3575785,514919,477599,807193,755313,226370,482,376
2021-08-15T23:59:59+02:00,28292,26344,252949,243690,362540,333551,381424,374447,446979,456914,502251,504963,345524,386026,243081,311154,71564,130991,210823,203930,328346,299508,353022,343697,419933,427538,477731,480579,332974,371692,234945,300047,68626,124856,3856081,3558294,514785,476691,807160,754993,225216,482,376
2021-08-14T23:59:59+02:00,28227,26290,252709,243492,362311,333377,381250,374299,446824,456786,502136,504857,345475,385994,243063,311131,71561,130987,209758,202836,327542,298748,352310,343027,419444,427081,477349,480260,332835,371565,234907,299990,68617,124839,3854927,3551658,514715,476328,807156,754918,224529,482,376
2021-08-13T23:59:59+02:00,27977,26050,252015,242911,361818,332954,380821,373875,446392,456427,501801,504602,345347,385845,242999,311057,71549,130959,207888,201060,326126,297445,351056,341848,418402,426146,476601,479625,332594,371277,234795,299848,68599,124787,3851161,3539795,514645,475733,807146,754728,223011,476,376
2021-08-12T23:59:59+02:00,27782,25830,251296,242282,361208,332378,380300,373401,445868,455992,501389,504257,345169,385647,242899,310955,71537,130911,205307,198806,323254,294929,349062,340066,416908,424914,475391,478571,332157,370751,234551,299572,68559,124705,3847285,3522515,514461,474571,807112,753707,220807,476,376
2021-08-11T23:59:59+02:00,27550,25581,250575,241605,360598,331814,379787,372930,445417,455582,500985,503836,344945,385410,242786,310823,71510,130860,202276,195831,320081,292007,346899,338007,415420,423517,474117,477289,331622,370118,234305,299174,68511,124584,3842541,3500780,514249,473511,807075,752772,219293,476,375
2021-08-10T23:59:59+02:00,27310,25325,249750,240884,359906,331283,379261,372393,444928,455113,500544,503448,344757,385217,242702,310688,71487,130816,198093,191725,315436,287825,343936,335248,413312,421581,472540,475846,330951,369452,234018,298772,68456,124468,3837552,3470806,513974,472438,807041,751625,217809,476,375
2021-08-09T23:59:59+02:00,27118,25128,249134,240319,359344,330819,378831,372019,444529,454777,500208,503170,344602,385071,242636,310579,71467,130781,193567,187153,309744,283089,341190,332768,411415,419818,470929,474390,330323,368768,233754,298406,68400,124336,3833955,3440560,513797,469698,807012,750542,216332,476,374
2021-08-08T23:59:59+02:00,26950,24976,248659,239923,358961,330476,378496,371740,444238,454529,499971,502980,344497,384968,242576,310501,71450,130748,192231,185797,308133,281765,339891,331624,410558,419068,470370,473881,330067,368503,233632,298241,68375,124286,3831478,3431561,513647,468346,806962,750068,215116,476,374
2021-08-07T23:59:59+02:00,26803,24803,248138,239474,358569,330146,378162,371461,443945,454294,499746,502807,344426,384875,242541,310452,71442,130737,188574,182216,306094,279920,338179,330110,409231,417812,469448,473094,329717,368133,233502,298053,68341,124250,3828649,3412026,513540,467019,806952,749854,214244,476,371
2021-08-06T23:59:59+02:00,26582,24569,247272,238815,357798,329545,377502,370887,443295,453775,499219,502422,344191,384671,242443,310337,71431,130715,184846,178679,302646,277134,336062,328285,407639,416483,468157,472133,329339,367749,233342,297899,68317,124204,3826114,3392811,512198,465298,806942,748765,210779,476,370
2021-08-05T23:59:59+02:00,26263,24249,246105,237889,356917,328691,376699,370173,442570,453106,498561,501890,343912,384373,242329,310164,71390,130653,180392,174744,297290,272764,331966,324754,404850,414006,465914,470353,328674,367050,233081,297534,68259,124094,3819871,3365053,511944,460611,806882,745074,207800,476,370
2021-08-04T23:59:59+02:00,25894,23906,244968,236906,355933,327788,375932,369466,441951,452511,497994,501373,343640,384106,242210,309994,71364,130583,176933,171452,293544,269644,327567,320862,402607,411920,464217,468808,327985,366355,232810,297187,68201,123993,3813450,3338003,511605,458858,806849,743328,205183,468,369
2021-08-03T23:59:59+02:00,25430,23488,243607,235728,355040,326968,375232,368785,441307,451856,497406,500844,343353,383808,242084,309819,71321,130517,173459,168017,289456,266015,322470,316266,399874,409371,461899,466722,327162,365497,232463,296723,68135,123857,3805576,3306039,511447,456992,806812,741258,203325,468,369
2021-08-02T23:59:59+02:00,25113,23181,242560,234773,354199,326221,374540,368193,440744,451318,496890,500399,343093,383536,241969,309669,71295,130458,169828,164431,284774,262065,316618,311328,397132,406826,459674,464739,326391,364665,232169,296326,68073,123740,3799284,3272669,511202,455036,806756,738733,201475,468,368
2021-08-01T23:59:59+02:00,24962,22994,241934,234174,353607,325718,374106,367812,440312,450998,496545,500122,342958,383374,241894,309552,71282,130431,168284,162987,282298,260079,311996,307616,395279,405257,458202,463496,325966,364185,232003,296110,68046,123681,3795655,3254832,510895,452907,806669,736291,200120,468,368
2021-07-31T23:59:59+02:00,24853,22889,241592,233859,353329,325498,373870,367646,440125,450847,496439,500023,342925,383337,241874,309539,71281,130426,164525,159153,279480,257545,309916,305626,393884,403975,457056,462510,325648,363809,231869,295938,68020,123635,3794063,3231973,510708,451970,806665,735503,199480,468,368
2021-07-30T23:59:59+02:00,24566,22632,240802,233150,352757,324974,373389,367185,439669,450448,496081,499733,342787,383198,241830,309460,71268,130410,160786,155393,276084,254447,306899,302816,391660,401869,455217,460932,325141,363282,231660,295646,67987,123579,3790012,3206957,510354,450771,806648,732314,197889,468,368
2021-07-29T23:59:59+02:00,24219,22295,239265,231885,351603,323905,372428,366280,438823,449659,495276,499111,342458,382888,241695,309280,71231,130346,155944,150927,270716,250281,301006,298052,387321,398396,452172,458534,324308,362442,231350,295239,67927,123483,3782483,3173154,509687,445934,806566,727219,194474,468,368
2021-07-28T23:59:59+02:00,23921,22011,238120,230856,350725,323070,371689,365601,438196,448999,494711,498625,342206,382592,241565,309097,71197,130275,152191,147287,266235,246638,296581,294110,384063,395555,450090,456694,323652,361687,231089,294855,67862,123360,3775811,3142529,509158,444014,806487,724591,192564,467,367
2021-07-27T23:59:59+02:00,23652,21787,237116,229890,349885,322333,370996,365015,437615,448390,494185,498169,341966,382291,241432,308904,71162,130177,147173,142174,260328,241507,291289,289359,380058,391866,446919,453895,322672,360590,230726,294352,67772,123204,3769563,3101034,508614,441721,806431,720858,190922,466,366
2021-07-26T23:59:59+02:00,23420,21551,236148,228925,349105,321634,370402,364471,437062,447907,493735,497806,341738,382053,241305,308748,71139,130120,142830,137792,254791,236728,286126,284889,375602,387919,443408,450876,321722,359627,230399,293874,67698,123067,3763940,3061682,507990,439472,806352,716514,189549,466,366
2021-07-25T23:59:59+02:00,23062,21250,234810,227775,348170,320873,369729,363815,436491,447370,493282,497404,341542,381840,241218,308618,71118,130056,140985,136044,252117,234517,283634,282801,373470,386151,441339,449100,321214,359115,230201,293646,67673,122991,3756914,3046750,507614,437299,806290,712167,188166,466,366
2021-07-24T23:59:59+02:00,22814,21055,233883,226918,347451,320224,369157,363293,435965,446933,492922,497127,341425,381743,241176,308556,71115,130045,138093,133245,249387,232199,281073,280596,371217,384296,440103,448117,320867,358779,230057,293468,67654,122957,3752920,3028435,506846,434293,806273,711831,186323,466,366
2021-07-23T23:59:59+02:00,22398,20669,232382,225584,346134,319295,368115,362435,435089,446148,492226,496596,341190,381473,241087,308443,71094,130009,132619,128405,244027,227909,276603,276819,367530,381109,437460,445921,320169,358058,229803,293159,67600,122876,3745494,2992972,506376,432525,806218,709694,182837,466,365
2021-07-22T23:59:59+02:00,21897,20193,230283,223616,344391,317763,366617,361152,433780,445010,491248,495704,340770,381026,240918,308199,71049,129929,128280,124359,238039,223407,270229,271764,360648,375623,432011,441425,319000,356808,229376,292642,67506,122725,3733107,2950992,504791,426551,806094,703388,180106,466,365
2021-07-21T23:59:59+02:00,21390,19674,228404,221805,342701,316241,365001,359585,432209,443626,490029,494540,340221,380507,240671,307915,70996,129834,124527,120799,232591,219175,264715,267246,352528,368708,427415,437690,317884,355660,228916,292078,67425,122547,3722160,2915568,501040,415693,805871,698613,176827,466,362
2021-07-20T23:59:59+02:00,21087,19395,226941,220339,341474,315081,364042,358715,431357,442840,489314,493902,339883,380139,240527,307694,70969,129745,120197,116573,226248,214009,258893,262081,345421,362610,422727,433386,316792,354407,228504,291496,67330,122366,3712917,2871866,500636,408486,805741,694229,174698,466,361
2021-07-19T23:59:59+02:00,20771,19100,225214,218654,340170,313835,363013,357743,430552,442070,488644,493290,339587,379778,240378,307464,70925,129647,117449,113979,221877,210421,254288,258131,341713,359443,420115,431212,316072,353680,228213,291106,67257,122242,3702394,2846892,500218,403109,805652,689918,173118,466,361
2021-07-18T23:59:59+02:00,20618,18969,223927,217388,338572,312416,361954,356831,429748,441351,488110,492748,339356,379493,240249,307287,70903,129585,115959,112598,219240,208254,251938,256043,339471,357598,418091,429525,315593,353197,228053,290888,67236,122175,3692999,2834649,499679,398843,805578,686227,171794,466,360
2021-07-17T23:59:59+02:00,20225,18548,222776,216335,337996,311880,361369,356320,429232,440902,487698,492461,339252,379376,240207,307232,70900,129575,113891,110499,216785,205955,249482,253855,337049,355468,416646,428265,315259,352808,227918,290721,67212,122135,3687457,2817181,499476,396124,805565,685442,170333,463,360
2021-07-16T23:59:59+02:00,19682,18035,220228,214192,336259,310588,359867,355033,427765,439697,486600,491600,338848,379007,240034,307074,70875,129538,110780,107698,212024,202027,244951,250218,332756,351775,413303,425546,314340,351883,227568,290305,67158,122053,3677267,2789522,498720,393775,805404,681630,164075,463,359
2021-07-15T23:59:59+02:00,19040,17409,217447,211768,334353,308888,358286,353597,426434,438518,485661,490751,338452,378581,239832,306819,70833,129434,106880,104493,203674,195794,237471,244622,326168,346548,406244,419117,312612,350078,227026,289641,67087,121855,3662254,2743058,498121,385358,805285,674215,160982,463,359
2021-07-14T23:59:59+02:00,18195,16683,215014,209449,332662,307361,356889,352261,425220,437321,484636,489797,338000,378119,239594,306509,70779,129348,103282,101169,197219,190647,231769,239966,321883,343081,402078,415495,311304,348768,226623,289084,67007,121701,3647359,2709532,497563,379832,805157,667424,158293,463,356
2021-07-13T23:59:59+02:00,17545,16024,212827,207424,331062,305991,355556,351042,424051,436238,483676,488938,337566,377647,239391,306264,70744,129256,99529,97638,190746,185260,224642,233911,315215,337023,393694,407648,309517,346846,226022,288297,66898,121504,3633552,2666824,497005,367172,805006,657965,156214,461,350
2021-07-12T23:59:59+02:00,16528,15092,209551,204246,329002,304266,353981,349576,422810,435039,482701,488038,337151,377179,239212,306035,70704,129179,96437,94925,185471,180972,217669,228242,308387,330993,388602,403378,307796,344985,225434,287565,66799,121336,3615116,2628584,496449,360050,804828,649560,154431,460,348
2021-07-11T23:59:59+02:00,16020,14618,208196,202976,328267,303555,353321,348957,422251,434540,482257,487696,336965,376976,239152,305930,70683,129139,95019,93640,182707,178666,214679,225961,305702,328845,385777,400993,305331,342363,225056,287096,66746,121238,3608910,2613635,495811,358063,804702,639082,152612,457,347
2021-07-10T23:59:59+02:00,15546,14159,206352,201195,326809,302296,352188,347986,421527,433946,481783,487298,336797,376811,239086,305844,70673,129119,93721,92370,180180,176559,211647,223477,303188,326687,384615,399958,304684,341693,224876,286908,66730,121211,3600333,2596852,495182,357834,804465,637332,149966,457,347
2021-07-09T23:59:59+02:00,15223,13880,204448,199356,325205,300849,351121,347028,420625,433234,481214,486822,336592,376590,238989,305724,70657,129085,90938,89648,176654,173337,207306,219330,298169,322085,381179,396983,303591,340468,224573,286540,66693,121147,3591202,2567894,494319,355777,804275,629743,147372,457,346
2021-07-08T23:59:59+02:00,14760,13452,200958,196374,321892,298183,348753,345045,418916,431786,479780,485756,336156,376147,238812,305478,70612,129010,86639,85888,169412,167692,199185,212942,290806,315986,374247,390783,300881,337558,223802,285607,66576,120889,3575884,2521764,490267,347140,803757,619403,142485,457,346
2021-07-07T23:59:59+02:00,14260,12998,197226,192516,318735,295327,346451,343005,417359,430318,478585,484658,335680,375586,238623,305207,70575,128905,82961,82448,162127,161992,190159,205777,282838,309432,367227,383978,297580,333959,222901,284507,66438,120643,3554639,2473862,488907,333726,803374,609430,139613,456,344
2021-07-06T23:59:59+02:00,13802,12626,193795,189136,315479,292595,343977,340717,415641,428758,477321,483525,335179,375030,238426,304917,70522,128819,79393,78871,155459,156486,182752,199577,273904,301484,360744,377896,294387,330720,222018,283417,66329,120412,3534803,2421406,485844,326752,802955,599929,137179,455,344
2021-07-05T23:59:59+02:00,13405,12290,189411,184897,311439,289271,341469,338392,413978,427218,476181,482453,334706,374512,238252,304673,70489,128734,76337,76055,150348,152411,177989,195453,267003,295225,354637,372364,291116,327278,221135,282302,66220,120243,3512018,2382398,484688,322271,802464,589578,133113,452,342
2021-07-04T23:59:59+02:00,13228,12133,185574,181031,308811,287252,340160,337324,413100,426440,475600,481967,334485,374259,238162,304549,70463,128681,74155,74188,147262,149862,175666,193415,264565,293167,351532,370162,287816,323890,220556,281638,66165,120124,3499806,2368664,483400,319982,801897,578073,128627,452,340
2021-07-03T23:59:59+02:00,12035,11078,179151,175042,304557,283801,337835,335159,411287,424632,474394,480907,334086,373813,237987,304303,70439,128638,72377,72616,144843,147986,173230,191336,261507,290445,349254,368309,286067,321910,220288,281278,66133,120075,3473483,2352963,482000,319784,801713,573588,122448,452,340
2021-07-02T23:59:59+02:00,10938,9986,175443,171585,302149,281607,336088,333461,410039,423447,473620,480223,333828,373500,237871,304122,70411,128590,69687,69931,140930,144705,168807,187305,255455,285009,344038,363606,282818,318186,219649,280508,66085,119991,3455412,2319812,480525,317001,801526,561014,119939,451,319
2021-07-01T23:59:59+02:00,9847,9061,171779,168157,298115,278327,333603,331198,408246,421873,472525,479262,333409,373040,237670,303850,70364,128512,64813,65215,134638,139382,161540,180811,245218,276170,333253,353841,278044,312920,217797,278256,65906,119679,3432906,2263598,478440,304663,801180,543317,116804,451,317
2021-06-30T23:59:59+02:00,9358,8669,168515,165085,292504,273705,329937,327864,406477,420344,471505,478294,332989,372558,237479,303552,70330,128424,61689,62376,129004,134706,154905,174816,235181,267036,319870,340585,272842,307386,215909,275937,65738,119361,3407856,2208671,476279,291864,800886,524502,113057,450,315
2021-06-29T23:59:59+02:00,8822,8146,164727,161316,287977,269454,326383,324571,404382,418266,469966,476883,332404,371922,237228,303198,70275,128315,58907,59391,124067,130308,148893,169298,223345,256358,311327,332236,266388,300206,213943,273483,65535,119016,3380401,2149526,474292,287213,800563,507120,109463,449,312
2021-06-28T23:59:59+02:00,8417,7766,161413,157865,282948,265142,323090,321722,402242,416340,468480,475575,331884,371311,236995,302887,70231,128221,56640,57050,120175,126806,144555,165221,214128,247953,305546,326842,261446,294914,212180,271252,65389,118752,3356519,2113870,470318,278618,799907,490609,106263,449,309
2021-06-27T23:59:59+02:00,8269,7643,159912,156343,280847,263336,321292,320190,400549,414980,467591,474865,331592,371019,236892,302725,70212,128172,55443,55944,118055,125101,141995,163097,210028,244574,302193,323990,257646,290921,209725,268344,65278,118564,3346534,2098457,468246,275143,798859,474491,103268,449,309
2021-06-26T23:59:59+02:00,7117,6547,156650,153005,278742,261451,318886,317956,399360,413829,466892,474164,331321,370736,236786,302568,70188,128142,54896,55360,116725,123953,140575,161864,207784,242572,299663,321580,256115,289263,209392,267934,65251,118494,3327433,2081705,465429,275055,798853,471996,103135,412,275
2021-06-25T23:59:59+02:00,5897,5431,152341,148729,275355,258497,316829,315996,398057,412585,465893,473342,331032,370402,236659,302413,70160,128092,53611,53736,114254,121261,136503,157300,199032,234129,293986,315715,254394,287145,208802,267134,65180,118376,3302503,2039265,464002,273364,798799,465426,102914,412,275
2021-06-24T23:59:59+02:00,5044,4647,147903,144606,270544,254573,312558,312225,395878,410716,464523,472212,330613,369940,236491,302177,70127,128005,50969,51150,109144,116557,129192,150669,187022,223696,282582,305498,249021,281317,206972,264792,64977,117976,3271404,1977328,462003,261615,798631,451691,101247,411,274
2021-06-23T23:59:59+02:00,4824,4440,144745,141496,266857,251426,307320,307431,393385,408373,463120,470897,330086,369322,236262,301868,70079,127900,49029,49071,105352,112651,123532,144997,177145,215040,270630,293527,244416,276514,205641,263096,64816,117616,3243904,1921105,458485,251772,798473,441003,99473,409,273
2021-06-22T23:59:59+02:00,4574,4211,141674,138372,263153,248052,301201,301997,390751,405817,461579,469416,329542,368719,236043,301518,70031,127794,47343,47334,101750,109359,118747,140431,164567,203910,259733,283242,240357,272049,203722,260689,64565,117147,3211889,1862846,456557,244070,798288,430052,98206,407,265
2021-06-21T23:59:59+02:00,4315,3966,138412,135434,258455,244165,295962,297136,387715,402951,460109,468070,329024,368162,235820,301207,69991,127681,46114,46107,99373,107146,116015,137733,158363,198147,252857,276605,235009,266222,199801,256184,64380,116772,3180207,1831917,454523,238559,798080,410305,96256,406,265
2021-06-20T23:59:59+02:00,4171,3848,136908,133930,254229,240698,293387,294901,386325,401638,459320,467326,328800,367881,235708,301075,69971,127619,44997,45190,97122,105362,113748,135751,155334,195613,248558,272547,232011,262698,198814,254932,64299,116646,3162801,1811633,452763,235013,797927,402450,94729,406,259
2021-06-19T23:59:59+02:00,3754,3497,134760,131834,251478,238380,291607,293257,384488,400071,458477,466598,328580,367629,235604,300935,69950,127587,44462,44543,95856,104109,112282,134289,153836,194179,245343,269534,231294,261851,198643,254669,64277,116593,3146470,1795717,449947,233436,797918,402173,94629,406,258
2021-06-18T23:59:59+02:00,2805,2584,131484,128694,247955,235338,287599,289853,382093,397947,457139,465436,328206,367229,235449,300699,69923,127538,43678,43631,94277,102333,109997,131624,150293,190151,238498,262271,229574,259852,198159,254031,64202,116459,3120686,1766462,445517,232915,797892,395485,94354,405,258
2021-06-17T23:59:59+02:00,2571,2361,127778,125409,241948,230905,282385,285468,377311,393965,454819,463605,327616,366510,235207,300344,69858,127425,41441,41808,90230,98864,105112,126883,142435,182481,227121,250899,224379,253926,196512,251880,63942,116040,3085963,1710869,442540,228779,797639,384594,89897,325,250
2021-06-16T23:59:59+02:00,2300,2128,124545,122008,237060,226573,277692,281208,372140,389474,452238,461474,326878,365715,234919,299934,69792,127312,39614,40216,86699,95846,100770,123067,134211,175153,215034,239006,218161,246831,194595,249558,63690,115552,3052509,1651185,437006,223180,797129,376521,87296,323,249
2021-06-15T23:59:59+02:00,1913,1796,119631,117142,231079,221432,272348,276227,367081,384843,449396,459064,326011,364746,234572,299420,69710,127129,37996,38609,83380,92804,96807,119023,127168,168786,202707,227004,212142,240048,192641,247132,63379,114983,3007846,1593995,435081,217348,796565,368854,84586,323,246
2021-06-14T23:59:59+02:00,1651,1522,115579,112985,225854,216524,266987,271255,361798,380103,446284,456474,325231,363891,234260,299031,69648,127009,37015,37721,81103,90719,94103,116510,123060,165044,196120,220519,209034,236545,191507,245662,63161,114594,2965739,1564465,432730,215076,796308,361200,81841,321,245
2021-06-13T23:59:59+02:00,1577,1437,114085,111609,223407,214423,264445,268995,359542,378148,445115,455442,324955,363587,234125,298863,69616,126935,36153,36992,79252,89055,92096,114698,120237,162450,192261,216821,205954,233110,190476,244296,62929,114183,2950752,1550512,430293,207815,796003,353007,79786,321,244
2021-06-12T23:59:59+02:00,1428,1300,111437,108864,221514,212695,263062,267721,358106,376750,444218,454673,324668,363278,234033,298760,69598,126907,35784,36588,78266,87960,90847,113405,118663,160891,188703,213519,204920,231984,189075,242639,62919,114152,2934585,1537380,429314,207806,795984,345625,79656,320,243
2021-06-11T23:59:59+02:00,1280,1164,108896,106353,218623,210075,259400,264535,354973,374022,442503,453202,324234,362828,233896,298555,69571,126852,35114,35476,76266,84591,88614,109881,114562,155749,182012,206079,202824,229617,188473,241871,62857,114055,2910187,1509929,426525,207113,795805,332181,78966,320,242
2021-06-10T23:59:59+02:00,1119,1011,104139,101949,212554,205315,252347,258714,348888,368729,438010,449431,323380,361859,233575,298108,69488,126700,33533,33994,72274,80420,83699,104379,107899,147552,169685,192448,196760,222742,186746,239732,62604,113653,2866595,1462871,419433,205376,794960,305182,74834,318,237
2021-06-09T23:59:59+02:00,971,881,100224,98249,206599,200588,245536,253009,342235,362782,434336,446410,322708,361118,233307,297730,69424,126568,32002,32738,69044,77771,80005,101212,103185,143276,158558,181709,186152,210767,184884,237487,62332,113158,2827644,1408908,410909,201404,794458,293922,70188,291,233
2021-06-08T23:59:59+02:00,789,700,95696,93707,199971,195028,238579,247000,333989,355506,429230,441746,321876,360119,232935,297246,69343,126431,30928,31883,66459,75475,76725,98492,98609,139360,150973,174226,177449,201061,183081,235242,62099,112792,2775702,1369757,405148,196495,793874,283069,65676,291,222
2021-06-07T23:59:59+02:00,631,558,92479,90611,193912,190327,232024,241762,326157,349336,426189,439305,321334,359488,232721,296923,69289,126335,30063,31037,63997,73522,73772,96336,94850,136428,142903,166444,173407,196451,181654,233431,61876,112409,2736735,1342680,398990,193204,793309,271981,60849,289,221
2021-06-06T23:59:59+02:00,593,522,90905,89295,190627,187784,228673,238995,321882,345935,424758,438230,321066,359195,232613,296765,69265,126288,29462,30482,62227,71843,71697,94330,91665,133362,137223,160668,170877,193832,180544,232031,61647,112029,2721338,1330843,391609,183556,792831,261542,58108,287,220
2021-06-05T23:59:59+02:00,513,442,88962,87280,185762,183569,226211,236867,320066,344310,423760,437316,320780,358875,232465,296596,69251,126256,29007,29728,61026,69892,70300,92182,89987,131097,132471,155342,167874,190167,180059,231374,61613,111963,2697868,1307241,391489,183076,792688,256161,57726,286,219
2021-06-04T23:59:59+02:00,413,357,86609,84752,182101,179964,222206,232919,316476,340671,421400,435122,320322,358340,232268,296367,69213,126193,28542,29058,59909,68240,69024,90106,88198,128485,129109,151688,163641,185402,179068,230107,61565,111877,2668620,1288436,387668,182304,792571,246083,57316,286,218
2021-06-03T23:59:59+02:00,320,283,83322,81686,176372,175306,214954,226827,308771,333978,413647,428266,319291,357163,231899,295919,69158,126062,27653,28047,58016,66054,66635,87364,84569,124375,122362,145026,157299,177800,177499,228081,61452,111640,2619719,1259263,377433,176994,792152,233344,54386,284,213
2021-06-02T23:59:59+02:00,271,224,81244,79521,172297,171586,211309,223672,305193,330632,411603,426436,318885,356711,231746,295713,69130,126011,27187,27568,56891,64942,65044,86093,82515,122439,117392,140145,149425,168841,176780,227126,61367,111471,2590975,1227087,376049,175025,792122,229728,53496,281,208
2021-06-01T23:59:59+02:00,172,156,76981,75696,164022,165027,201953,215941,296093,322758,403405,418603,317376,355105,231207,294977,69018,125783,25636,26152,52579,61992,60209,82805,77104,117938,109966,132937,138330,155440,174679,224390,61157,111044,2532316,1176971,364415,170914,791361,217952,46621,279,203
2021-05-31T23:59:59+02:00,150,139,74238,73219,158368,160714,194647,209977,288704,316383,397667,413641,316382,353996,230822,294457,68928,125612,24724,25094,49957,59779,57043,80273,73504,114664,105472,128495,134186,150542,173314,222670,60987,110712,2491915,1154563,355028,168585,790730,207558,40803,278,201
2021-05-30T23:59:59+02:00,139,131,73188,72153,155892,158684,192024,207625,285928,313866,395782,411900,316020,353585,230661,294222,68890,125532,24122,24307,48367,58051,55304,78420,71279,112103,102816,125632,132034,148019,172521,221734,60894,110501,2476101,1144796,352510,167279,790103,196184,37937,277,197
2021-05-29T23:59:59+02:00,136,129,72578,71561,154381,157283,189725,205593,284088,312280,394945,411127,315799,353340,230581,294144,68879,125514,23800,23782,47450,56556,53965,76547,69356,109258,100500,122834,129232,144599,171869,220826,60867,110449,2462208,1131200,352350,167214,790035,185649,37917,277,196
2021-05-28T23:59:59+02:00,132,126,71492,70443,151991,155027,186069,202056,280819,309145,393085,409361,315392,352838,230434,293929,68860,125457,23269,22780,45842,54430,52140,73988,67315,105308,96177,116942,124860,139550,170894,219519,60821,110335,2438410,1108601,351301,167001,789827,171119,37538,276,193
2021-05-27T23:59:59+02:00,121,116,68180,67429,145508,150091,177882,195806,274434,303990,386770,403680,314131,351394,229975,293399,68789,125275,21948,21096,42591,51380,48263,70171,62765,99296,89826,109431,120935,134930,168097,215818,60649,110022,2393859,1080182,343686,164260,788019,151048,31811,276,189
2021-05-26T23:59:59+02:00,117,113,66028,65252,140556,146011,171786,190742,267683,298324,380032,396992,312615,349791,229489,292703,68687,125064,21207,20180,40771,49243,45910,67439,59731,95504,85236,104320,115955,129214,164309,210486,60440,109596,2356604,1048284,330491,162686,786207,139572,29080,274,188
2021-05-25T23:59:59+02:00,116,106,63997,63263,136356,142523,166736,186453,260617,292047,374611,391606,311337,348387,229085,292060,68603,124887,20629,19517,39372,47725,44077,65424,57261,92506,81157,99945,111021,123529,158777,203251,60270,109292,2319089,1016786,322984,159264,783668,130345,27443,270,182
2021-05-24T23:59:59+02:00,113,104,62756,62052,133602,140419,163455,184040,253669,286060,369680,386934,310510,347468,228800,291675,68531,124758,20287,19111,38354,46654,42733,63940,55583,90495,78923,97437,109602,121874,158171,202462,60158,109090,2295357,1007438,311883,157966,781880,123662,25895,269,179
2021-05-23T23:59:59+02:00,108,104,62259,61536,132502,139527,162261,183006,252427,285040,368096,385506,309893,346811,228629,291449,68511,124722,20057,18924,37803,46098,41979,63241,54423,89499,77434,96072,108428,120478,157193,201243,60087,108950,2283867,999273,311301,154885,781836,122069,25770,269,177
2021-05-22T23:59:59+02:00,105,102,61565,60915,131014,138455,159891,181385,249458,282751,365618,383284,309364,346218,228452,291183,68485,124672,19738,18504,37191,45498,41339,62712,53767,88774,76663,94930,106878,118678,156421,200274,60060,108896,2265909,992574,311286,154881,781796,118645,24307,269,177
2021-05-21T23:59:59+02:00,101,98,60233,59475,128112,135862,156608,178064,244227,277988,359525,377600,308431,345128,228156,290787,68425,124564,19378,18138,36578,44728,40688,61662,52815,87381,74945,92628,103637,114728,155283,198823,59968,108721,2229865,979556,309648,154555,780225,112051,24024,266,175
2021-05-20T23:59:59+02:00,94,96,57184,56680,122379,130992,149683,171754,233921,269249,350503,369323,305900,342389,227390,289780,68293,124346,18082,17204,34404,42482,38235,58764,50001,83611,71015,88131,99518,110091,152825,195810,59788,108365,2171931,960278,302994,152613,774269,94385,21128,258,175
2021-05-19T23:59:59+02:00,93,94,54970,54487,117374,126313,142517,165143,223388,259895,339957,358435,303256,339522,226645,288738,68143,124070,17502,16420,33178,40894,36831,56702,47990,80833,67777,84554,95636,105615,149204,191091,59526,107874,2106057,936893,296738,150637,771292,84882,19300,258,162
2021-05-18T23:59:59+02:00,88,89,52874,52527,112590,122053,136141,159575,211823,249530,330088,348642,300588,336557,225769,287542,67991,123816,16984,15816,31968,39433,35476,54908,46185,78425,64892,81328,91635,101087,146011,187034,59313,107439,2046232,916677,287376,147780,767698,76241,17317,254,162
2021-05-17T23:59:59+02:00,85,86,51840,51534,110258,119997,133332,156920,205300,243517,322521,341559,298800,334587,225184,286719,67884,123604,16528,15367,30918,38388,34310,53617,44703,76627,62631,78935,86804,95229,144548,185150,59163,107124,2019449,904987,275082,140318,764274,69557,15259,253,159
2021-05-16T23:59:59+02:00,84,83,51053,50878,108816,118674,131592,155261,202331,240837,315089,334610,297784,333458,224877,286235,67832,123507,16244,14995,30169,37607,33438,52696,43638,75313,61298,77466,83386,91156,143760,184075,59076,106984,2004134,898908,264662,133551,761035,65416,13505,251,155
2021-05-15T23:59:59+02:00,84,83,50517,50245,107818,117686,130579,154152,200397,238903,311519,331402,297163,332772,224681,285964,67812,123443,16104,14832,29915,37301,33153,52265,43151,74668,60450,76484,82789,90339,143244,183407,59040,106937,1987946,893672,264644,133404,760168,64289,12794,249,154
2021-05-14T23:59:59+02:00,83,83,49257,48823,105567,115593,126992,150701,192192,231836,305208,325521,296183,331635,224396,285516,67765,123348,15606,14404,29131,36482,32385,51075,42073,72887,58889,74533,80886,87853,142631,182420,59000,106851,1950706,884034,262947,132533,755617,58867,11750,246,153
2021-05-13T23:59:59+02:00,79,82,47339,46878,101727,112368,122286,146596,182180,223259,294610,315709,293217,328217,223588,284377,67665,123141,14743,13958,28275,35786,31623,50173,41130,71794,57384,72968,77109,83505,139871,178814,58890,106635,1899161,871496,254342,125488,749389,55016,10733,243,150
2021-05-12T23:59:59+02:00,77,80,46428,46172,99809,110944,120227,144938,179634,221151,289879,310386,292055,326951,223347,284058,67627,123056,14578,13808,27955,35568,31223,49883,40686,71419,56844,72401,75772,81882,139094,177681,58804,106475,1876112,865771,252181,123697,748900,54746,9933,238,149
2021-05-11T23:59:59+02:00,73,74,44184,44697,95783,107870,114426,140213,166270,209885,278232,299627,288654,323040,222390,282657,67478,122757,14150,13241,26946,34142,30093,48081,39382,69140,55133,70136,72688,78298,137742,175852,58646,106117,1817272,853514,242487,121008,740392,46880,8457,234,147
2021-05-10T23:59:59+02:00,72,70,42932,43725,93183,105868,111171,137586,157887,202863,270363,292522,286480,320593,221816,281795,67354,122515,13806,12797,26185,33158,29300,46822,38386,67285,53907,68407,70602,75742,136597,174342,58526,105829,1781742,844649,236443,119956,733423,39679,7483,230,141
2021-05-09T23:59:59+02:00,71,70,41810,42955,90502,104116,108508,135817,152884,199446,264845,287587,285242,319212,221441,281266,67288,122369,13491,12579,25494,32489,28570,46020,37595,66324,52970,67460,69372,74340,136001,173508,58471,105698,1762444,840069,229350,118979,727435,34915,6493,226,139
2021-05-08T23:59:59+02:00,70,70,41519,42655,89657,103387,107417,134964,151439,198232,262284,285525,284741,318670,221322,281087,67272,122337,13389,12518,25367,32397,28426,45891,37406,66130,52630,67142,68407,73419,134933,172145,58424,105605,1750427,835466,228839,118235,727212,34137,6480,204,123
2021-05-07T23:59:59+02:00,68,69,40596,41939,87726,102049,104595,132756,146820,194428,256035,280021,283403,317072,220973,280630,67219,122214,12643,12035,24545,31662,27663,44831,36543,64867,51444,65633,66160,70733,132711,169328,58334,105427,1724666,825810,225632,115970,723091,27341,5527,203,121
2021-05-06T23:59:59+02:00,64,68,37953,40216,82980,98594,98601,128006,136636,185924,239590,265613,278280,311281,219687,278942,67044,121898,11956,11519,23608,30557,26669,43478,35188,62865,49706,63660,63673,67608,130600,166567,58220,105209,1659132,814719,215720,112864,712202,18974,4614,193,120
2021-05-05T23:59:59+02:00,62,65,36066,39021,79326,96011,94001,124360,128816,179395,224841,251577,272097,304143,218115,276952,66798,121375,11722,11244,23069,29832,26066,42554,34263,61466,48555,62247,61064,64503,127658,162868,58122,104959,1592949,802447,210648,109301,706166,14993,3541,193,117
2021-05-04T23:59:59+02:00,62,63,34962,37917,76606,93693,90500,121320,123255,174663,214226,241306,266610,297699,216675,275108,66589,120907,11560,11040,22665,29292,25609,41781,33546,60380,47446,60974,58345,61327,125294,159935,57972,104723,1543931,790578,205532,106666,700089,11847,2889,191,115
2021-05-03T23:59:59+02:00,61,61,34094,36862,74320,91878,87623,118972,118815,171019,207575,235306,263333,293835,215877,274027,66468,120612,11315,10767,22271,28716,25126,41081,32861,59414,46424,59835,55563,57990,121521,155044,57715,104286,1512193,774746,202421,104954,695165,9088,1231,189,114
2021-05-02T23:59:59+02:00,61,61,33742,36544,73147,90975,86156,117879,116390,169153,204480,232794,262374,292747,215593,273619,66402,120504,11244,10695,22083,28505,24897,40795,32520,59008,45973,59360,54374,56529,118458,151366,57631,104156,1501606,769734,199630,99402,691291,8188,362,188,111
2021-05-01T23:59:59+02:00,60,61,33425,36170,72386,90182,85085,116839,114924,167792,201401,229765,261684,291925,215383,273339,66391,120465,11230,10679,22030,28475,24837,40757,32458,58950,45890,59285,54132,56237,118299,151170,57622,104139,1486530,768425,199628,99362,691026,8139,356,187,111
2021-04-30T23:59:59+02:00,57,59,32885,35571,71179,88959,83625,115108,111147,164231,194006,222651,259693,289558,214934,272732,66331,120359,10910,10484,21669,28196,24561,40334,32133,58387,45427,58653,53236,55073,117347,149983,57567,104019,1453658,764747,199302,97372,690226,5796,159,184,108
2021-04-29T23:59:59+02:00,55,57,31385,34623,68261,86934,79992,112508,106043,160126,181197,211110,251764,280463,213737,271099,66195,120010,10606,10271,21193,27748,24131,39835,31548,57646,44619,57718,51403,52881,115500,147749,57467,103824,1398803,755919,192025,94693,684856,3484,138,175,106
2021-04-28T23:59:59+02:00,54,55,30151,34012,66394,85624,77512,110687,102616,157274,171519,201945,240910,267866,212458,269414,65998,119682,10421,10112,20895,27396,23768,39365,31124,56991,43892,56895,49282,50265,112920,144519,57344,103612,1346182,746382,188664,90148,679482,2259,108,168,102
2021-04-27T23:59:59+02:00,51,54,29393,33328,64819,84161,75505,108880,99864,154876,166799,197223,232407,258063,211310,267799,65878,119460,10296,10001,20614,27107,23532,39035,30764,56496,43209,56204,47277,47722,110281,141087,57227,103412,1312169,736578,186359,86139,671496,1541,107,164,97
2021-04-26T23:59:59+02:00,50,54,28964,32944,63720,83278,74005,107714,97582,153165,158187,189211,228223,253221,210603,266807,65786,119262,10201,9912,20399,26921,23297,38818,30468,56158,42592,55628,45472,45574,108387,138609,57131,103259,1283249,728619,184915,83045,664768,1161,103,159,95
2021-04-25T23:59:59+02:00,50,53,28713,32706,62945,82755,72943,106979,95854,151942,152804,184342,223891,248341,210013,266027,65720,119139,10146,9878,20321,26846,23211,38737,30357,56032,42433,55469,45058,45077,107706,137702,57103,103189,1270504,726964,178777,81275,656091,1030,100,158,93
2021-04-24T23:59:59+02:00,50,52,28371,32280,62008,81534,71758,105535,94309,150286,147904,179198,221105,245010,209543,265353,65686,119089,10131,9860,20280,26804,23160,38672,30276,55946,42284,55333,44815,44769,107456,137408,57082,103161,1245664,725881,178748,80575,654811,987,99,158,91
2021-04-23T23:59:59+02:00,48,52,27625,31655,60440,80027,69972,103517,91719,147647,143130,174808,216555,239466,208888,264364,65623,118974,10078,9797,20172,26717,23029,38522,30042,55739,41921,55003,44197,44012,106395,136123,56926,102886,1220818,722534,177568,78099,646273,935,98,155,88
2021-04-22T23:59:59+02:00,46,51,27010,31056,58904,78592,67508,101303,87598,144158,135098,167323,207523,228470,206850,261732,65425,118577,9953,9701,19923,26419,22674,38089,29527,55225,41168,54365,43028,42684,104404,133678,56697,102488,1179308,715063,170127,74159,637938,811,98,150,86
2021-04-21T23:59:59+02:00,46,49,26517,30534,57578,77491,65626,99673,84561,141522,127915,160514,194461,213141,204701,258843,65199,118152,9822,9615,19691,26171,22389,37764,29175,54775,40616,53835,42180,41666,102216,130898,56444,102077,1127858,708525,167248,70081,631567,739,98,144,85
2021-04-20T23:59:59+02:00,45,48,26092,30065,56420,76347,63953,98093,82016,138948,122837,155451,182989,199686,202277,255711,64963,117725,9719,9524,19473,25983,22097,37495,28764,54363,40078,53301,41364,40734,99998,127912,56108,101541,1085256,700984,163764,66830,624796,659,96,142,79
2021-04-19T23:59:59+02:00,45,47,25725,29709,55449,75527,62670,96915,79890,137022,119318,152071,177240,192846,200570,253477,64780,117392,9610,9431,19242,25763,21852,37222,28448,53972,39566,52772,40568,39825,96901,123948,55703,100829,1060718,690642,161936,64408,618192,622,95,137,79
2021-04-18T23:59:59+02:00,44,44,25420,29449,54681,74982,61549,95971,78039,135601,115954,149679,172134,187293,199560,252253,64668,117200,9536,9356,19053,25589,21675,37056,28231,53695,39307,52521,40240,39438,95685,122404,55522,100533,1046757,686778,160269,62476,607641,607,95,136,78
2021-04-17T23:59:59+02:00,43,43,25311,29357,54310,74787,61032,95619,77385,135002,115108,148938,167883,182410,199026,251528,64634,117135,9491,9297,18915,25401,21487,36826,28004,53420,39042,52253,39941,39116,94922,121476,55458,100449,1035878,682761,160241,62162,603577,595,95,136,78
2021-04-16T23:59:59+02:00,43,43,24937,29109,53322,74182,59748,94740,75760,133671,110963,144795,160249,173638,197370,249323,64525,116926,9283,9122,18522,24973,20907,36251,26896,52516,37018,50650,36627,36184,91735,117954,55055,99794,1009979,667696,159450,55250,594058,561,95,135,76
2021-04-15T23:59:59+02:00,39,39,24462,28657,52071,73012,57789,93011,72490,130826,105494,139515,152387,164661,192718,243451,64228,116307,9109,8959,18153,24551,20414,35592,26219,51722,35625,49419,34514,34152,88626,114226,54547,98937,977769,654617,157397,49660,576132,510,94,133,74
2021-04-14T23:59:59+02:00,37,35,24122,28332,51134,72074,56451,91625,70103,128669,101505,135748,143191,154279,184978,233573,63887,115639,8703,8687,17679,24045,19878,34947,25305,50844,34336,48296,32471,31995,85648,110578,54057,98077,939910,639727,154727,45433,560887,410,93,128,73
2021-04-13T23:59:59+02:00,37,35,23885,28115,50438,71539,55508,90800,68469,127260,97779,132316,131361,141160,178589,225244,63549,115051,8468,8515,17334,23639,19457,34411,24641,50051,33271,47282,31089,30634,83494,108198,53700,97533,906675,630414,150212,41041,544391,287,93,126,71
2021-04-12T23:59:59+02:00,36,34,23676,27927,49883,71030,54644,90067,67002,125970,95147,129992,124252,133127,175362,221295,63278,114560,8231,8330,16971,23343,19086,33976,24169,49514,32603,46656,29563,29096,81833,106261,53374,97012,890265,621988,148671,37784,528489,272,91,124,69
2021-04-11T23:59:59+02:00,35,34,23501,27767,49359,70608,53915,89613,65860,125168,93291,128515,118771,127114,171444,216690,63108,114262,8098,8196,16675,23064,18768,33668,23813,49134,32156,46270,28926,28430,80812,105016,53165,96693,882799,616702,144262,35958,512138,254,88,123,66
2021-04-10T23:59:59+02:00,35,34,23440,27710,49192,70473,53715,89455,65534,124898,92766,128079,116688,124588,170003,214839,63066,114162,7511,7592,15785,22279,17811,32828,22693,48102,31046,45274,28265,27718,78717,102409,52898,96257,875808,601388,143407,35578,509610,249,83,123,66
2021-04-09T23:59:59+02:00,34,34,23193,27460,48692,69982,53075,88772,64538,123775,90940,126172,107861,113651,166623,210432,62868,113806,6553,6692,14257,20957,16090,31268,20553,46138,28842,43266,26489,25894,75218,98234,52353,95418,856400,573948,136355,34065,499306,237,75,118,64
2021-04-08T23:59:59+02:00,34,34,22897,27214,48112,69491,52320,88072,63231,122692,88522,124005,97552,101662,161086,203588,62542,113242,5910,6105,13070,19939,14832,29929,18914,44420,26343,40932,23468,22927,70572,92465,51212,93668,837745,542408,127458,32125,481257,206,65,116,64
2021-04-07T23:59:59+02:00,32,33,22586,26989,47309,69034,51395,87460,61841,121713,85381,121566,88368,91371,154084,194802,62248,112682,5530,5784,12410,19266,14017,29102,17871,43368,24433,39035,20932,20402,66617,87701,50217,92053,817361,518953,121864,29643,459839,176,59,112,63
2021-04-06T23:59:59+02:00,31,33,22375,26828,46781,68654,50805,86936,60808,120937,83273,119823,80607,82567,147723,186845,61905,112054,5337,5625,12059,18909,13665,28670,17336,42806,23570,38226,19805,19370,63458,83608,49294,90671,798099,505586,118650,26700,442410,165,54,108,60
2021-04-05T23:59:59+02:00,31,32,22276,26703,46470,68309,50420,86538,60263,120247,82093,118673,76129,77474,142721,180744,61704,111739,5198,5486,11798,18657,13371,28358,17013,42434,23125,37765,19341,18901,60576,80055,48595,89605,788671,496256,116898,23906,427172,159,51,106,60
2021-04-04T23:59:59+02:00,31,32,22228,26644,46349,68041,50251,86224,59983,119746,81586,118041,74687,75768,142018,179771,61667,111657,5194,5479,11780,18644,13360,28342,16994,42417,23027,37693,18934,18578,59139,78208,48389,89294,786137,491464,116793,23904,421976,152,47,103,58
2021-04-03T23:59:59+02:00,31,32,22166,26563,46226,67933,50089,86049,59667,119434,81018,117462,73342,74132,140901,178235,61584,111508,5185,5470,11767,18626,13337,28322,16960,42370,22922,37619,18798,18427,58789,77646,48300,89148,779775,489679,116751,23904,420028,152,46,102,58
2021-04-02T23:59:59+02:00,31,32,22088,26480,46066,67767,49870,85801,59197,118984,80140,116650,71787,72250,138622,175255,61387,111149,5166,5432,11719,18583,13282,28240,16871,42222,22648,37142,18440,18064,56448,74764,47487,88047,770664,481196,114976,23260,418101,152,42,100,56
2021-04-01T23:59:59+02:00,28,30,21893,26276,45650,67245,49224,85059,58321,118044,78259,114979,68525,68818,134539,170082,61070,110582,5019,5288,11447,18320,13059,28004,16548,41913,22144,36699,17623,17321,51604,68734,45808,85592,759026,463152,108879,21889,410907,139,37,97,55
2021-03-31T23:59:59+02:00,28,30,21566,26058,45248,66721,48730,84411,57592,117107,77102,113737,66480,66499,129781,163972,60668,109859,4941,5237,11350,18202,12899,27854,16307,41643,21549,36188,16493,16418,46392,62316,44428,83609,749276,444814,101720,20941,404788,136,32,94,51
2021-03-30T23:59:59+02:00,28,29,21388,25835,44849,66102,48224,83614,56882,116055,75963,112360,64639,64478,125401,158220,60200,108960,4874,5152,11246,18077,12707,27665,15980,41320,20975,35639,15660,15615,43637,58907,43312,81814,739086,432961,97500,19579,396843,107,28,89,50
2021-03-29T23:59:59+02:00,27,29,21191,25596,44388,65552,47748,82924,56146,114981,74736,110927,62151,61732,118662,149579,59430,107567,4777,5081,11141,17964,12554,27499,15733,40997,20517,35171,15008,15074,41048,55925,42205,79992,718555,421762,94078,18901,390935,92,26,89,49
2021-03-28T23:59:59+02:00,27,29,20985,25307,43889,64867,47231,82183,55466,113975,73795,109821,60892,60297,113955,143601,58986,106810,4722,5023,10995,17818,12297,27200,15542,40750,20350,34938,14769,14830,39968,54506,41857,79453,712017,417444,86764,17574,383537,72,26,88,46
2021-03-27T23:59:59+01:00,27,29,20865,25150,43597,64501,46867,81654,54966,113286,73123,109083,59734,59213,112469,141893,58919,106730,4709,5011,10968,17799,12279,27170,15181,40322,19950,34502,14476,14618,39481,53818,41383,78636,706742,413389,86062,16920,379502,66,26,88,46
2021-03-26T23:59:59+01:00,27,28,20613,24636,42792,62798,45899,79629,53628,110265,71107,105470,57719,57330,109717,138653,58592,106214,4690,4978,10944,17747,12209,27078,15103,40212,19610,33907,14007,13966,36411,49980,39326,75393,695347,398879,82742,16701,367227,53,23,87,46
2021-03-25T23:59:59+01:00,27,26,20181,23964,41919,61034,44803,77078,52114,106739,68718,101705,55125,54695,106406,134683,58021,105223,4644,4923,10853,17644,12087,26932,14919,39993,19334,33600,13532,13475,32561,44936,36330,70861,683924,380543,78548,16103,350189,48,21,85,46
2021-03-24T23:59:59+01:00,27,26,19779,23517,41136,59765,43788,75541,50736,104815,66621,99375,52342,51782,102153,129584,57383,104146,4590,4857,10760,17501,11919,26730,14687,39710,18966,33182,13074,13021,29991,41724,33216,66024,671123,364984,73675,15002,337922,41,16,84,46
2021-03-23T23:59:59+01:00,27,26,19531,23215,40577,58852,43066,74450,49701,103304,64963,97516,50052,49438,99396,126372,56823,103306,4531,4787,10661,17376,11774,26547,14441,39397,18549,32796,12571,12514,27556,38628,29548,60133,663004,347430,70334,14413,327483,40,15,81,46
2021-03-22T23:59:59+01:00,27,26,19308,22801,39937,57971,42400,73411,48756,101918,63489,95883,48217,47552,96996,123627,56352,102535,4473,4740,10575,17260,11643,26369,14283,39157,18308,32494,12260,12142,25723,36275,25593,53753,656701,331221,67527,13860,317185,37,15,78,45
2021-03-21T23:59:59+01:00,27,26,19170,22542,39446,57218,41851,72566,48102,100762,62546,94650,47169,46528,95349,121776,55982,101956,4459,4732,10539,17212,11597,26283,14223,39067,18226,32395,12140,12010,25294,35827,25239,53195,654127,329027,65499,13446,308243,37,14,77,43
2021-03-20T23:59:59+01:00,26,26,19110,22397,39235,56723,41611,72005,47791,100125,62106,94048,46516,45762,92751,118544,55695,101470,4450,4724,10530,17200,11569,26266,14180,39030,18144,32320,11981,11849,24653,35052,24476,52109,647663,325311,65050,13257,303429,37,14,77,43
2021-03-19T23:59:59+01:00,25,25,18756,21832,38102,54599,40330,70011,46055,98038,59225,91290,42071,41888,87534,112780,54992,100390,4429,4711,10497,17149,11504,26154,14089,38860,17909,32021,11629,11566,22986,32993,22795,49549,629904,315986,57838,12895,290400,31,14,74,43
2021-03-18T23:59:59+01:00,25,24,18361,21185,36925,52444,38790,67221,43899,93569,55379,85494,38037,38088,82803,107295,53904,98730,4409,4683,10431,17046,11426,25999,13941,38672,17693,31818,11397,11383,21739,31479,21082,46951,612962,307908,52094,12284,267310,28,14,74,42
2021-03-17T23:59:59+01:00,25,23,17939,20833,36200,51526,38025,66267,42818,92217,53591,83666,35362,35301,78779,102470,52960,97257,4386,4657,10369,16951,11353,25865,13828,38483,17494,31625,11159,11159,20497,30067,19492,44551,596302,300404,47690,11575,261455,25,14,73,42
2021-03-16T23:59:59+01:00,24,23,17582,20414,35454,50456,37212,65072,41721,90541,51753,81678,33157,33281,74747,97524,52079,95943,4336,4608,10296,16823,11262,25714,13729,38246,17361,31382,10989,10981,19213,28548,18011,42227,583042,292628,43001,11141,252804,25,11,71,42
2021-03-15T23:59:59+01:00,24,23,17303,20050,34746,49478,36420,63882,40817,89060,50493,80077,31433,31441,71465,93432,51382,94810,4314,4573,10229,16700,11195,25513,13613,37958,17212,31110,10823,10823,18480,27582,16752,40366,571916,286804,39676,10492,244937,25,0,69,42
2021-03-14T23:59:59+01:00,24,22,17035,19623,33890,48269,35520,62563,39759,87234,49237,78348,30267,30208,69470,90869,50937,94134,4290,4554,10184,16623,11138,25371,13553,37736,17122,30946,10751,10737,18299,27301,16490,39805,564805,285603,37798,9359,234998,16,0,65,42
2021-03-13T23:59:59+01:00,24,22,16222,18561,32393,46235,33945,60427,37719,84160,47105,75795,28914,28854,67456,88244,50668,93743,4290,4554,10182,16617,11135,25364,13544,37730,17116,30937,10714,10705,17550,26415,15444,38353,548449,281352,37513,9358,224701,16,0,65,42
2021-03-12T23:59:59+01:00,23,22,15121,17184,29950,43587,31280,57285,34855,79303,43893,71332,26078,25662,63149,82941,49686,92338,4277,4521,10163,16555,11117,25313,13498,37612,17025,30806,10437,10478,16666,25169,14372,36829,520418,275551,36201,9347,207236,13,0,63,41
2021-03-11T23:59:59+01:00,22,22,14079,15724,27700,40892,28960,54095,32266,74913,40138,66435,22676,22185,57133,75622,47752,89498,4236,4481,10083,16436,11006,25088,13380,37301,16859,30502,10133,10266,16031,24328,13704,35554,488359,271546,34610,7906,187291,10,0,62,40
2021-03-10T23:59:59+01:00,22,22,13484,15026,26290,39275,27308,52274,30702,72595,37617,63307,19926,19631,51215,68479,46200,87159,4201,4437,9983,16269,10888,24839,13232,36881,16660,30129,9896,10083,15288,23555,13045,34528,461928,266815,32562,7162,176188,8,0,60,40
2021-03-09T23:59:59+01:00,21,21,13202,14558,25167,38234,25892,51088,29638,70940,36238,61473,18742,18506,47703,64038,45075,85370,4177,4411,9898,16102,10785,24579,13079,36563,16484,29892,9771,9981,14624,22718,12549,33754,448321,263102,30032,6329,167686,8,0,60,38
2021-03-08T23:59:59+01:00,20,21,12871,13951,24084,37125,24620,49950,28702,69456,35004,59854,17662,17627,43581,59050,43847,83386,4162,4374,9837,15904,10683,24318,12946,36205,16355,29627,9687,9897,14129,22112,12235,33315,432855,259917,28026,5938,160060,3,0,59,37
2021-03-07T23:59:59+01:00,20,21,12638,13658,23490,36275,23922,49074,28101,68585,34395,59095,17400,17377,42512,57600,43480,82822,4150,4361,9815,15862,10656,24245,12914,36035,16298,29513,9665,9868,13931,21859,12099,33113,428092,258858,26211,5598,156289,0,0,58,36
2021-03-06T23:59:59+01:00,20,20,12525,13366,23088,35541,23391,48287,27052,67057,33295,57331,17014,17048,41866,56710,43179,82354,4147,4347,9804,15836,10638,24211,12904,35993,16280,29482,9647,9827,13884,21821,11996,32902,424026,258478,26147,5314,149096,0,0,58,35
2021-03-05T23:59:59+01:00,20,20,12112,12764,22406,34338,22708,47056,26297,65426,32060,54911,16367,16213,38404,52402,41022,78910,4120,4300,9734,15736,10586,24063,12836,35797,16193,29275,9551,9757,13698,21606,11625,32291,408828,256777,24695,4465,140031,0,0,58,33
2021-03-04T23:59:59+01:00,18,20,11352,11756,21218,32610,21489,45008,24940,62774,30365,52554,15636,15494,34398,47235,37941,74223,4071,4210,9621,15444,10482,23705,12703,35264,16048,28874,9373,9603,13540,21395,11541,32146,390380,253722,22618,4373,126148,0,0,58,30
2021-03-03T23:59:59+01:00,16,20,11044,11260,20529,31389,20715,43646,24031,61024,29320,50912,15159,14991,31785,43912,34855,69453,4031,4147,9540,15274,10403,23453,12597,34842,15870,28528,9189,9477,13415,21181,11395,31876,374932,251087,21823,4208,117421,0,0,54,28
2021-03-02T23:59:59+01:00,16,20,10782,10835,19883,30420,20000,42626,23246,59636,28349,49637,14532,14344,29106,40538,30969,63233,3983,4076,9478,15109,10334,23188,12493,34409,15769,28221,9063,9375,13277,20994,11318,31731,356738,248686,20312,4207,111231,0,0,53,28
2021-03-01T23:59:59+01:00,14,19,10611,10575,19371,29616,19437,41743,22657,58565,27633,48515,14117,13890,27036,37947,26712,56344,3967,4026,9423,14954,10271,22889,12412,34033,15663,27898,8981,9315,13094,20724,11202,31548,339515,246267,19198,4207,106194,0,0,53,28
2021-02-28T23:59:59+01:00,13,19,10445,10376,18903,28967,18904,41005,22178,57713,27146,47721,13909,13648,26427,37287,26306,55742,3951,4012,9398,14921,10252,22838,12395,33963,15636,27852,8954,9291,12962,20545,11139,31398,337062,245411,18339,4171,101411,0,0,53,27
2021-02-27T23:59:59+01:00,13,18,10266,9861,18574,28100,18645,40219,21893,56729,26817,46927,13633,13347,25758,36482,25383,54322,3939,4000,9377,14900,10220,22790,12356,33881,15591,27779,8932,9275,12943,20523,11118,31378,333146,245055,17617,4022,96325,0,0,53,27
2021-02-26T23:59:59+01:00,12,17,9469,9076,17671,26657,17861,38010,20964,53875,25357,44103,13166,12945,24169,34493,23858,52016,3858,3932,9299,14739,10146,22534,12275,33516,15474,27484,8852,9194,12876,20455,11077,31309,324026,243148,17363,3948,82426,0,0,53,25
2021-02-25T23:59:59+01:00,12,17,8310,8224,16349,25052,16592,35746,19727,50984,23647,41318,12692,12544,22889,32901,22361,49731,3736,3788,9137,14426,9926,21929,12021,32664,15147,26829,8655,9043,12614,20129,10937,31040,316401,239007,16592,3092,66195,0,0,52,23
2021-02-24T23:59:59+01:00,11,16,7945,7700,15693,24016,15962,34508,19013,49467,22854,40118,12295,12208,21581,31401,20680,47104,3664,3721,8997,14134,9749,21475,11818,32038,14885,26291,8514,8906,12471,19956,10872,30829,308145,236233,15626,2162,58890,0,0,52,23
2021-02-23T23:59:59+01:00,11,16,7462,7223,14875,22838,15277,33287,18291,48058,22136,39049,11988,11884,20241,29826,19066,44547,3624,3645,8877,13932,9611,21077,11629,31461,14585,25789,8343,8764,12343,19745,10802,30597,300029,233401,14826,1498,51306,0,0,51,22
2021-02-22T23:59:59+01:00,10,14,7355,7017,14490,22220,14926,32559,17826,47052,21642,38317,11790,11635,19492,28817,17750,42593,3594,3543,8740,13640,9447,20575,11374,30720,14211,25191,8095,8570,12143,19492,10696,30294,294160,230088,14217,311,47214,0,0,49,22
2021-02-21T23:59:59+01:00,10,14,7265,6892,14168,21777,14506,31976,17411,46400,21204,37823,11683,11533,19329,28604,17503,42258,3555,3503,8657,13517,9371,20359,11303,30428,14090,24922,8033,8508,12087,19385,10625,30131,293016,228249,13845,297,43579,0,0,47,22
2021-02-20T23:59:59+01:00,10,14,7148,6842,14043,21697,14390,31841,17292,46250,21046,37642,11584,11449,18546,27686,16445,40788,3553,3497,8647,13509,9361,20338,11289,30403,14077,24911,8028,8499,12022,19321,10571,30063,288758,227866,13648,296,42388,0,0,47,21
2021-02-19T23:59:59+01:00,8,13,6846,6590,13689,21258,14019,31172,16818,45452,20339,36772,10982,11048,17500,26355,15286,39178,3473,3474,8571,13482,9318,20281,11251,30312,14018,24817,7985,8438,11800,19049,10378,29732,282370,226159,13273,294,37762,0,0,44,20
2021-02-18T23:59:59+01:00,8,13,6449,6115,13062,20114,13379,29798,16002,43580,19466,35193,10751,10829,16908,25600,14709,38295,3287,3337,8237,12942,9024,19531,10900,29270,13649,23989,7780,8129,11213,18096,9881,28582,278793,217627,12691,294,28865,0,0,44,19
2021-02-17T23:59:59+01:00,8,12,6283,5772,12616,19233,12889,28607,15302,41858,18819,33866,10522,10577,16151,24786,13932,37105,3038,3177,7897,12426,8723,18740,10530,28226,13257,23139,7546,7894,10656,17243,9443,27764,274125,209477,11959,292,22327,0,0,44,19
2021-02-16T23:59:59+01:00,8,12,5957,5471,12077,18397,12385,27533,14757,40478,18226,32831,10368,10473,15482,23955,13423,36316,2855,3057,7595,11974,8418,18016,10134,27136,12792,22241,7276,7599,9937,16069,8716,26214,270589,199961,11463,136,16170,0,0,42,19
2021-02-15T23:59:59+01:00,8,12,5851,5290,11782,17754,12118,26750,14409,39484,17877,32061,10242,10363,14921,23299,13062,35777,2765,2976,7403,11652,8199,17509,9832,26291,12442,21557,6995,7313,9236,15011,8201,24932,267484,192293,10860,90,12789,0,0,42,18
2021-02-14T23:59:59+01:00,8,12,5581,5175,11532,17483,11894,26314,14175,39038,17686,31784,10197,10312,14687,22960,12897,35384,2715,2938,7289,11487,8070,17303,9656,25959,12263,21255,6899,7189,9015,14627,8013,24396,266481,189054,9924,88,10788,0,0,40,18
2021-02-13T23:59:59+01:00,8,12,5521,5137,11482,17447,11863,26283,14147,39006,17666,31765,10183,10284,14660,22928,12885,35366,2711,2935,7284,11480,8058,17281,9640,25923,12236,21212,6869,7155,8861,14414,7661,23770,266236,187549,9923,9,10559,0,0,39,17
2021-02-12T23:59:59+01:00,8,11,5004,4819,10911,17083,11545,25731,13828,38362,17336,31121,10072,10176,14476,22714,12805,35257,2661,2902,7190,11323,7957,17050,9490,25530,12019,20767,6687,6922,8499,13853,7069,22430,264539,182410,9912,7,6882,0,0,38,17
2021-02-11T23:59:59+01:00,8,10,4542,4518,10324,16403,11132,24925,13348,37098,16846,30262,9757,9914,14194,22265,12525,34571,2493,2628,6590,10130,7269,15313,8628,22915,10967,18685,6034,6206,7452,12233,6254,20109,261308,163965,8269,4,3139,0,0,36,16
2021-02-10T23:59:59+01:00,8,10,4296,4350,9989,15950,10822,24384,13036,36213,16430,29512,9543,9776,14013,22061,12433,34364,2132,2335,5652,8668,6462,13269,7637,20000,9840,16649,5487,5620,6465,10570,5478,18050,258657,144377,7770,3,837,0,0,34,4
2021-02-09T23:59:59+01:00,8,9,4232,4251,9866,15682,10712,23982,12863,35592,16218,29038,9364,9638,13818,21851,12291,34142,1736,1981,4872,7399,5689,11476,6718,17487,8752,14654,4908,4990,5415,9017,4747,15952,256207,125852,6992,1,432,0,0,33,4
2021-02-08T23:59:59+01:00,8,9,4198,4196,9772,15470,10604,23622,12744,35131,16077,28680,9272,9571,13616,21566,12182,33949,1571,1786,4314,6402,5027,9900,5896,14961,7729,12798,4348,4457,4427,7429,3984,13872,253834,108955,6478,1,426,0,0,33,4
2021-02-07T23:59:59+01:00,8,9,4033,4129,9616,15334,10502,23458,12665,34868,15965,28486,9231,9526,13470,21382,12108,33806,1356,1539,3894,5728,4612,9021,5471,13801,7243,11839,4092,4197,4197,7035,3824,13276,252736,101177,5932,1,0,0,0,30,3
2021-02-06T23:59:59+01:00,8,9,4024,4120,9605,15318,10489,23422,12643,34818,15948,28429,9211,9512,13452,21347,12003,33608,1204,1343,3661,5421,4426,8596,5251,13211,6963,11281,3955,4060,4071,6886,3545,12818,252391,96742,5647,1,0,0,0,30,2
2021-02-05T23:59:59+01:00,8,8,3951,4052,9533,15175,10422,23171,12558,34448,15833,28148,9127,9438,13379,21272,11653,33011,1063,1114,3380,4976,4166,8016,4934,12430,6577,10553,3694,3814,3908,6655,3039,11928,250503,90294,4754,0,0,0,0,30,2
2021-02-04T23:59:59+01:00,8,8,3893,3928,9412,14858,10245,22623,12370,33652,15617,27586,9004,9328,13153,20979,11539,32807,799,781,2556,3723,3231,6272,3981,9882,5251,8338,3012,3101,3289,5677,2651,10439,246552,73017,4530,0,0,0,0,28,2
2021-02-03T23:59:59+01:00,8,8,3824,3857,9309,14635,10141,22287,12238,33144,15467,27169,8895,9213,13011,20802,11465,32641,663,613,1928,2808,2497,4843,3008,7589,4018,6288,2199,2234,2403,4209,1924,7828,243828,55080,4358,0,0,0,0,28,2
2021-02-02T23:59:59+01:00,8,8,3757,3762,9209,14442,10042,21906,12096,32580,15265,26716,8770,9099,12888,20591,11383,32377,527,486,1458,2073,1908,3643,2261,5772,2998,4699,1556,1536,1640,2773,1338,5209,240613,39896,4356,0,0,0,0,28,2
2021-02-01T23:59:59+01:00,7,8,3717,3672,9130,14212,9936,21521,11957,31944,15080,26212,8650,8952,12780,20448,11332,32201,392,352,1015,1430,1258,2426,1474,3781,1862,2976,985,979,972,1694,769,3022,237475,25395,4356,0,0,0,0,26,2
2021-01-31T23:59:59+01:00,7,8,3699,3637,9077,14104,9867,21317,11891,31647,14976,26015,8594,8893,12729,20337,11287,32072,362,331,893,1240,1068,2053,1272,3229,1629,2609,887,887,868,1510,698,2716,235987,22258,4241,0,0,0,0,25,2
2021-01-30T23:59:59+01:00,7,8,3698,3634,9067,14091,9853,21294,11878,31627,14964,26001,8590,8888,12660,20268,11220,31995,345,307,833,1156,1011,1929,1208,3039,1554,2472,859,861,849,1470,683,2663,235666,21244,4148,0,0,0,0,25,2
2021-01-29T23:59:59+01:00,7,8,3638,3619,9006,14061,9824,21242,11846,31552,14916,25933,8566,8865,12473,20043,11040,31752,278,224,712,983,867,1569,1053,2649,1343,2147,769,769,800,1415,665,2610,234446,18856,4019,0,0,0,0,22,2
2021-01-28T23:59:59+01:00,7,8,3520,3533,8801,13675,9604,20729,11614,30972,14589,25435,8429,8764,12036,19422,10684,31171,131,57,293,360,378,612,461,1149,612,964,407,425,469,814,382,1580,229658,9096,3411,0,0,0,0,20,1
2021-01-27T23:59:59+01:00,7,8,3289,3398,8508,13259,9303,20105,11231,30137,14202,24700,8213,8553,11485,18615,10259,30408,79,33,202,222,244,416,306,802,433,662,309,311,349,607,287,1158,222950,6421,2800,0,0,0,0,20,1
2021-01-26T23:59:59+01:00,6,8,3123,3300,8226,12922,9040,19535,10926,29380,13805,24067,7977,8331,10907,17699,9611,29256,74,29,187,212,228,382,290,751,402,601,294,285,322,544,260,1028,216231,5890,1957,0,0,0,0,20,1
2021-01-25T23:59:59+01:00,6,8,3035,3206,7944,12441,8750,18829,10540,28378,13324,23303,7695,8130,10288,16882,9155,28355,66,21,167,191,194,326,251,631,350,496,257,240,268,467,211,840,209928,4977,410,0,0,0,0,18,1
2021-01-24T23:59:59+01:00,6,8,2991,3185,7859,12363,8676,18704,10431,28218,13195,23120,7652,8094,10223,16770,9107,28259,65,20,163,187,192,312,248,610,341,482,248,236,266,460,207,825,208622,4863,307,0,0,0,0,18,1
2021-01-23T23:59:59+01:00,6,8,2990,3184,7858,12360,8672,18694,10429,28204,13189,23115,7645,8091,10099,16604,8779,27672,64,20,163,187,191,311,246,610,339,482,248,236,266,460,207,823,207363,4854,305,0,0,0,0,17,1
2021-01-22T23:59:59+01:00,6,8,2928,3138,7734,12247,8589,18552,10319,28033,13108,23000,7615,8057,9901,16302,8261,26648,64,20,162,187,191,311,246,610,338,482,248,236,266,460,207,823,204212,4852,304,0,0,0,0,16,1
2021-01-21T23:59:59+01:00,6,8,2846,2968,7235,11333,8104,17405,9783,26406,12501,21785,7333,7732,9264,15355,7744,25598,58,18,147,173,174,280,221,534,301,442,222,209,235,380,177,691,193168,4263,304,0,0,0,0,16,1
2021-01-20T23:59:59+01:00,6,8,2487,2621,6354,9921,7357,15449,8829,23576,11390,19712,6731,7080,8167,13587,6929,23376,56,18,146,168,171,278,213,520,289,420,210,202,229,355,163,653,173337,4092,301,0,0,0,0,16,1
2021-01-19T23:59:59+01:00,6,8,2047,2267,5455,8533,6497,13558,7808,20791,10122,17478,5976,6199,6782,11402,5907,20323,40,11,97,124,115,172,150,356,190,292,133,115,141,237,114,486,150988,2773,220,0,0,0,0,16,1
2021-01-18T23:59:59+01:00,5,8,1774,1977,4699,7149,5542,11318,6609,17194,8693,14762,5092,5316,5396,9149,4834,16841,21,6,38,46,52,80,66,162,76,146,59,54,66,131,62,220,126307,1285,96,0,0,0,0,16,1
2021-01-17T23:59:59+01:00,4,8,1498,1687,4186,6354,5033,10186,6072,15624,8051,13497,4752,4966,5023,8475,4505,15832,8,2,8,15,15,29,20,51,29,56,23,23,20,31,13,47,115701,389,91,0,0,0,0,15,1
2021-01-16T23:59:59+01:00,4,7,1331,1484,3969,6033,4853,9746,5813,14959,7721,12804,4562,4738,4810,8199,4150,15228,0,0,0,1,1,3,1,1,2,2,0,1,1,0,0,1,110440,13,8,0,0,0,0,14,1
2021-01-15T23:59:59+01:00,4,7,1180,1258,3715,5611,4599,9181,5522,14118,7313,12005,4270,4444,4623,7891,3614,14182,0,0,0,0,0,0,0,0,1,0,0,0,0,0,0,0,103567,0,4,0,0,0,0,14,1
2021-01-14T23:59:59+01:00,3,4,906,945,2969,4422,3734,7364,4578,11372,5917,9657,3468,3575,3882,6662,3127,12364,0,0,0,0,0,0,0,0,1,0,0,0,0,0,0,0,84972,0,0,0,0,0,0,14,1
2021-01-13T23:59:59+01:00,3,3,771,791,2496,3690,3150,6140,3805,9430,4823,7779,2595,2662,2934,5079,2394,9459,0,0,0,0,0,0,0,0,1,0,0,0,0,0,0,0,68022,0,0,0,0,0,0,13,1
2021-01-12T23:59:59+01:00,2,3,639,660,2089,3026,2593,4988,3046,7592,3804,6112,1863,1841,2007,3444,1695,6461,0,0,0,0,0,0,0,0,1,0,0,0,0,0,0,0,51890,0,0,0,0,0,0,1,1
2021-01-11T23:59:59+01:00,1,1,495,524,1741,2449,2080,3986,2359,5769,2824,4431,1198,1139,1203,2022,934,3678,0,0,0,0,0,0,0,0,1,0,0,0,0,0,0,0,36854,0,0,0,0,0,0,1,1
2021-01-10T23:59:59+01:00,1,1,439,455,1480,2024,1740,3263,1950,4784,2348,3713,1056,1014,1058,1775,833,3225,0,0,0,0,0,0,0,0,1,0,0,0,0,0,0,0,31170,0,0,0,0,0,0,1,1
2021-01-09T23:59:59+01:00,1,1,407,410,1356,1847,1595,2973,1796,4335,2163,3382,981,943,999,1721,815,3182,0,0,0,0,0,0,0,0,1,0,0,0,0,0,0,0,28916,0,0,0,0,0,0,1,1
2021-01-08T23:59:59+01:00,1,1,310,281,1107,1503,1317,2304,1477,3555,1793,2765,847,835,911,1598,767,3027,0,0,0,0,0,0,0,0,1,0,0,0,0,0,0,0,24406,0,0,0,0,0,0,1,1
2021-01-07T23:59:59+01:00,1,0,145,76,398,507,481,789,596,1370,783,1206,467,482,562,963,466,1912,0,0,0,0,0,0,0,0,1,0,0,0,0,0,0,0,11206,0,0,0,0,0,0,0,1
2021-01-06T23:59:59+01:00,1,0,110,44,268,285,308,513,400,929,533,826,359,362,425,749,359,1445,0,0,0,0,0,0,0,0,1,0,0,0,0,0,0,0,7918,0,0,0,0,0,0,0,1
2021-01-05T23:59:59+01:00,1,0,86,31,189,230,241,427,321,819,450,704,343,346,408,716,352,1391,0,0,0,0,0,0,0,0,1,0,0,0,0,0,0,0,7057,0,0,0,0,0,0,0,1
2021-01-04T23:59:59+01:00,1,0,68,25,172,193,199,334,257,636,356,512,268,253,288,518,235,933,0,0,0,0,0,0,0,0,1,0,0,0,0,0,0,0,5249,0,0,0,0,0,0,0,1
2021-01-03T23:59:59+01:00,1,0,66,21,166,188,194,319,255,621,346,495,260,251,284,505,233,916,0,0,0,0,0,0,0,0,1,0,0,0,0,0,0,0,5122,0,0,0,0,0,0,0,1
2021-01-02T23:59:59+01:00,1,0,66,21,166,188,194,319,252,621,343,495,260,251,284,505,233,915,0,0,0,0,0,0,0,0,1,0,0,0,0,0,0,0,5115,0,0,0,0,0,0,0,1
2021-01-01T23:59:59+01:00,1,0,65,21,165,188,194,318,251,621,340,493,260,251,284,504,233,915,0,0,0,0,0,0,0,0,1,0,0,0,0,0,0,0,5105,0,0,0,0,0,0,0,1
2020-12-31T23:59:59+01:00,1,0,65,21,165,186,194,317,250,620,339,492,260,251,284,504,233,915,0,0,0,0,0,0,0,0,1,0,0,0,0,0,0,0,5098,0,0,0,0,0,0,0,1
2020-12-30T23:59:59+01:00,1,0,64,21,165,185,192,314,250,618,339,490,260,251,284,504,232,915,0,0,0,0,0,0,0,0,1,0,0,0,0,0,0,0,5086,0,0,0,0,0,0,0,1
2020-12-29T23:59:59+01:00,1,0,45,12,117,140,143,212,182,443,239,376,179,164,196,375,171,715,0,0,0,0,0,0,0,0,1,0,0,0,0,0,0,0,3711,0,0,0,0,0,0,0,1
2020-12-28T23:59:59+01:00,1,0,24,8,64,77,80,122,101,252,119,231,98,93,103,200,103,388,0,0,0,0,0,0,0,0,1,0,0,0,0,0,0,0,2065,0,0,0,0,0,0,0,1
2020-12-27T23:59:59+01:00,0,0,11,3,17,26,36,47,36,89,38,94,32,29,40,73,32,145,0,0,0,0,0,0,0,0,0,0,0,0,0,0,0,0,748,0,0,0,0,0,0,0,0
