Datum,<24_1_m,<24_1_w,25-34_1_m,25-34_1_w,35-44_1_m,35-44_1_w,45-54_1_m,45-54_1_w,55-64_1_m,55-64_1_w,65-74_1_m,65-74_1_w,75-84_1_m,75-84_1_w,>84_1_m,>84_1_w,<24_2_m,<24_2_w,25-34_2_m,25-34_2_w,35-44_2_m,35-44_2_w,45-54_2_m,45-54_2_w,55-64_2_m,55-64_2_w,65-74_2_m,65-74_2_w,75-84_2_m,75-84_2_w,>84_2_m,>84_2_w,bp_1,bp_2,mo_1,mo_2,az_1,az_2,ja
2021-07-07T23:59:59+02:00,209110,203146,315083,292397,343351,340381,414429,427877,475986,482459,334239,374071,237827,304396,70370,128598,82402,81895,159695,159696,187471,203176,279041,305843,363413,380454,295027,331215,221381,282844,66096,120145,3532388,2452549,485574,327444,799219,602975,137051
2021-07-06T23:59:59+02:00,205418,199603,311998,289825,341016,338231,412804,426393,474771,481397,333769,373542,237648,304117,70322,128524,78904,78384,153347,154488,180418,197255,270844,298487,357147,374544,291936,328051,220521,281781,65999,119938,3513628,2401654,482607,321833,798833,593959,134822
2021-07-05T23:59:59+02:00,200719,195121,308065,286565,338565,335962,411168,424885,473659,480347,333302,373038,237479,303876,70290,128443,75881,75565,148442,150568,175905,193331,264301,292523,351348,369279,288762,324690,219658,280697,65892,119772,3491276,2363086,481479,319029,798376,583858,130865
2021-07-04T23:59:59+02:00,196817,191207,305497,284588,337295,334908,410314,424125,473087,479879,333094,372790,237391,303754,70266,128393,73694,73694,145394,148050,173616,191324,261906,290496,348291,367100,285519,321388,219087,280047,65839,119656,3479439,2349527,480206,316757,797835,572604,126437
2021-07-03T23:59:59+02:00,189266,184233,301297,281177,334998,332770,408523,422343,471900,478831,332698,372350,237219,303508,70243,128350,71917,72122,143011,146204,171216,189280,258878,287810,346031,365262,283776,319418,218821,279690,65808,119608,3453426,2334023,478815,316584,797657,568149,120320
2021-07-02T23:59:59+02:00,184519,179740,298938,279021,333289,331103,407288,421174,471138,478155,332444,372041,237104,303328,70215,128303,69246,69445,139181,142977,166860,185314,252903,282454,340902,360621,280565,315755,218190,278929,65761,119525,3435614,2301406,477374,313854,797485,555753,117839
2021-07-01T23:59:59+02:00,179842,175449,294986,275795,330855,328885,405544,419631,470075,477224,332038,371596,236906,303064,70173,128226,64354,64702,133010,137734,159697,178929,242815,273746,330241,350984,275835,310531,216355,276707,65586,119216,3413507,2245826,475325,301768,797154,538257,114815
2021-06-30T23:59:59+02:00,176157,172062,289586,271315,327263,325618,403808,418133,469081,476274,331626,371124,236719,302771,70141,128143,61197,61839,127464,133135,153153,173018,232908,264718,317122,337950,270683,305053,214481,274401,65420,118898,3389116,2191409,473238,289349,796862,519789,111117
2021-06-29T23:59:59+02:00,171901,167868,285142,267124,323775,322365,401742,416089,467572,474881,331045,370498,236472,302422,70087,128037,58391,58831,122628,128800,147247,167547,221160,254115,308643,329659,264322,297958,212528,271962,65219,118555,3362088,2132791,471278,284748,796542,502627,107623
2021-06-28T23:59:59+02:00,168220,164091,280238,262899,320516,319549,399631,414186,466104,473592,330533,369897,236241,302115,70044,127943,56093,56473,118774,125351,142940,163503,212011,245763,302913,324303,259409,292699,210772,269743,65074,118295,3338617,2097423,467339,276258,795894,486198,104460
2021-06-27T23:59:59+02:00,166600,162474,278173,261120,318733,318033,397962,412838,465236,472901,330246,369611,236139,301959,70026,127895,54895,55367,116686,123674,140419,161411,207964,242435,299603,321473,255632,288740,208324,266846,64964,118109,3328797,2082240,465299,272833,794860,470190,101501
2021-06-26T23:59:59+02:00,162244,158095,276097,259253,316348,315824,396787,411702,464544,472205,329982,369325,236035,301802,70001,127865,54352,54783,115387,122556,139025,160200,205764,240467,297128,319114,254115,287098,207992,266438,64938,118040,3309898,2065786,462501,272756,794851,467707,101369
2021-06-25T23:59:59+02:00,156775,152741,272745,256341,314311,313875,395496,410465,463554,471389,329698,368994,235911,301650,69974,127817,53058,53154,112935,119888,134994,155690,197081,232086,291482,313300,252402,284996,207404,265635,64867,117924,3285196,2023689,461095,271096,794805,461179,101150
2021-06-24T23:59:59+02:00,151584,147900,268012,252473,310089,310145,393357,408626,462205,470284,329283,368536,235747,301419,69941,127732,50426,50574,107884,115237,127769,149126,185180,221726,280138,303147,247078,279213,205585,263311,64664,117525,3254523,1962235,459133,259461,794638,447555,99549
2021-06-23T23:59:59+02:00,148259,144661,264381,249384,304908,305402,390885,406318,460822,468980,328760,367923,235520,301111,69895,127630,48490,48485,104122,111375,122155,143523,175372,213136,268259,291270,242514,274463,204261,261624,64504,117165,3227433,1906540,455654,249683,794484,436931,97778
2021-06-22T23:59:59+02:00,144974,141354,260732,246047,298838,300025,388282,403798,459295,467519,328222,367327,235303,300763,69848,127525,46788,46741,100574,108107,117421,138992,162856,202062,257442,281052,238479,270012,202354,259230,64255,116698,3195745,1848620,453768,242026,794302,426085,96544
2021-06-21T23:59:59+02:00,141472,138197,256084,242202,293644,295207,385282,400961,457838,466175,327706,366775,235079,300458,69807,127416,45571,45529,98213,105914,114704,136313,156684,196334,250603,274456,233185,264232,198458,254742,64071,116328,3164361,1817906,451752,236541,794086,406491,94610
2021-06-20T23:59:59+02:00,139856,136619,252022,238874,291132,293034,383916,399669,457065,465452,327490,366507,234971,300328,69787,127357,44485,44637,96034,104178,112501,134386,153723,193865,246366,270449,230294,260828,197512,253537,63990,116209,3147556,1798088,450015,233058,793911,398957,93102
2021-06-19T23:59:59+02:00,137318,134206,249312,236592,289382,291424,382098,398123,456229,464722,327271,366260,234868,300193,69767,127325,43950,44002,94778,102939,111045,132944,152243,192447,243173,267462,229589,259991,197344,253278,63968,116156,3131446,1782326,447227,231491,793905,398687,93015
2021-06-18T23:59:59+02:00,133125,130183,245834,233578,285420,288070,379742,396026,454892,463565,326899,365865,234715,299959,69741,127276,43177,43106,93228,101181,108777,130305,148735,188453,236390,260285,227883,258003,196863,252646,63893,116023,3105897,1753383,442871,230980,793876,392047,92748
2021-06-17T23:59:59+02:00,129238,126732,239991,229244,280353,283751,375044,392085,452629,461762,326325,365161,234481,299606,69676,127165,40982,41307,89266,97773,104002,125620,140987,180858,225124,249007,222722,252124,195222,250502,63635,115604,3071663,1698246,439921,226904,793626,381258,88535
2021-06-16T23:59:59+02:00,125795,123149,235144,224946,275703,279528,369935,387636,450072,459651,325605,364374,234196,299198,69611,127052,39180,39741,85767,94787,99707,121847,132819,173594,213120,237201,216555,245093,193319,248199,63383,115115,3038580,1639018,434442,221354,793116,373304,85957
2021-06-15T23:59:59+02:00,120536,118003,229221,219865,270406,274592,364908,383043,447259,457258,324750,363413,233851,298686,69530,126870,37574,38154,82479,91793,95777,117851,125838,167270,200866,225277,210577,238355,191380,245788,63073,114552,2994293,1582218,432539,215593,792566,365707,83290
2021-06-14T23:59:59+02:00,116262,113613,224042,214997,265088,269659,359666,378323,444154,454690,323968,362565,233540,298299,69468,126751,36631,37275,80248,89740,93109,115373,121780,163581,194337,218834,207499,234881,190259,244334,62860,114167,2952481,1552942,430214,213380,792303,358206,80582
2021-06-13T23:59:59+02:00,114705,112165,221621,212912,262573,267422,357429,376386,442988,453659,323694,362260,233405,298131,69437,126678,35779,36555,78416,88095,91127,113585,118976,161001,190545,215174,204449,231482,189230,242974,62630,113757,2937617,1539149,427793,206195,791992,350074,78557
2021-06-12T23:59:59+02:00,111921,109299,219740,211197,261203,266152,356007,374991,442101,452892,323408,361955,233313,298029,69419,126651,35412,36156,77438,87018,89893,112316,117432,159461,187035,211903,203432,230376,187847,241334,62620,113728,2921544,1526175,426821,206188,791968,342798,78438
2021-06-11T23:59:59+02:00,109261,106684,216871,208602,257579,263001,352901,372281,440395,451419,322972,361507,233181,297823,69391,126596,34747,35052,75465,83687,87690,108811,113375,154363,180409,204524,201353,228021,187248,240571,62559,113630,2897361,1498965,424050,205516,791781,329457,77763
2021-06-10T23:59:59+02:00,104393,102163,210871,203901,250591,257234,346882,367026,435950,447677,322118,360542,232863,297375,69307,126446,33172,33578,71513,79561,82816,103363,106767,146237,168192,190997,195336,221182,185535,238449,62308,113229,2854138,1452305,417062,203805,790934,302628,73691
2021-06-09T23:59:59+02:00,100394,98380,205080,199219,243894,251591,340289,361123,432304,444685,321455,359806,232598,297000,69243,126316,31655,32342,68316,76935,79156,100234,102106,142010,157173,180347,184792,209282,183681,236213,62037,112739,2815516,1398758,408833,199896,790424,291473,69085
2021-06-08T23:59:59+02:00,95728,93718,198525,193710,236972,245627,332097,353896,427244,440053,320627,358814,232229,296519,69162,126180,30590,31498,65745,74664,75910,97533,97561,138138,149654,172931,176150,199643,181888,233986,61805,112373,2763990,1359869,403112,195007,789850,280761,64624
2021-06-07T23:59:59+02:00,92389,90502,192525,189037,230457,240428,324304,347757,424218,437632,320093,358187,232016,296193,69108,126085,29734,30661,63300,72732,72975,95393,93829,135227,141643,165202,172143,195063,180486,232196,61589,111996,2725264,1332969,397025,191754,789280,269803,59831
2021-06-06T23:59:59+02:00,90796,89160,189263,186520,227138,237689,320064,344377,422804,436561,319824,357900,231905,296033,69084,126039,29141,30113,61549,71071,70918,93416,90685,132195,136013,159474,169635,192461,179388,230806,61361,111617,2710004,1321230,389698,182180,788784,259481,57136
2021-06-05T23:59:59+02:00,88782,87053,184420,182312,224677,235542,318253,342739,421804,435630,319534,357575,231755,295866,69070,126007,28696,29386,60381,69169,69542,91320,89028,129984,131302,154195,166655,188825,178908,230153,61327,111552,2686692,1297778,389582,181713,788429,254333,56781
2021-06-04T23:59:59+02:00,86366,84482,180803,178746,220714,231622,314699,339146,419453,433455,319078,357046,231564,295637,69032,125944,28240,28723,59286,67540,68288,89272,87285,127405,127982,150573,162439,184088,177926,228894,61279,111466,2657710,1279186,385806,180949,788307,244304,56428
2021-06-03T23:59:59+02:00,83020,81363,175113,174144,213513,225588,307072,332505,411749,426626,318058,355883,231196,295194,68977,125813,27358,27723,57418,65393,65936,86569,83699,123352,121298,143950,156142,176545,176369,226883,61166,111229,2609190,1250261,375617,175704,787880,231654,53586
2021-06-02T23:59:59+02:00,80924,79163,171115,170503,209936,222508,303548,329220,409733,424809,317653,355438,231044,294991,68949,125764,26909,27253,56315,64312,64398,85333,81683,121451,116372,139103,148302,167628,175656,225933,61081,111059,2580852,1218333,374243,173747,787848,228069,52811
2021-06-01T23:59:59+02:00,76603,75305,162923,164001,200672,214849,294517,321407,401583,417036,316153,353839,230508,294263,68838,125540,25371,25846,52045,61395,59625,82091,76321,117007,109009,131954,137262,154304,173567,223215,60874,110634,2522632,1168591,362697,169677,787088,216349,46069
2021-05-31T23:59:59+02:00,73859,72825,157304,159723,193414,208932,287173,315081,395868,412082,315164,352738,230126,293747,68748,125369,24470,24808,49471,59222,56516,79618,72777,113786,104576,127571,133147,149449,172207,221509,60705,110305,2482382,1146371,353362,167439,786466,206101,40391
2021-05-30T23:59:59+02:00,72808,71764,154860,157722,190833,206607,284443,312588,393995,410356,314808,352333,229967,293512,68711,125289,23882,24045,47916,57529,54816,77805,70607,111281,101956,124744,131008,146946,171422,220585,60613,110097,2466646,1136714,350869,166135,785860,194898,37668
2021-05-29T23:59:59+02:00,72206,71178,153360,156330,188554,204590,282614,311011,393158,409580,314587,352090,229888,293434,68700,125271,23561,23526,47009,56043,53486,75935,68700,108456,99660,121967,128224,143544,170773,219681,60586,110045,2452837,1123227,350727,166074,785784,184409,37648
2021-05-28T23:59:59+02:00,71126,70066,150993,154088,184935,201087,279372,307893,391319,407823,314177,351592,229742,293222,68681,125214,23040,22529,45415,53930,51677,73396,66679,104539,95372,116112,123889,138531,169804,218377,60540,109932,2429247,1100827,349689,165861,785559,169956,37277
2021-05-27T23:59:59+02:00,67822,67065,144544,149180,176798,194866,273023,302763,385040,402172,312921,350158,229285,292692,68613,125032,21731,20856,42194,50899,47824,69619,62164,98578,89063,108657,120006,133955,167022,214699,60368,109620,2384947,1072611,342126,163146,783774,150090,31563
2021-05-26T23:59:59+02:00,65688,64905,139618,145124,170738,189834,266304,297122,378320,395501,311411,348562,228800,292002,68512,124822,20999,19953,40388,48776,45489,66902,59158,94806,84516,103589,115067,128267,163250,209386,60161,109196,2347877,1040913,328992,161591,781978,138705,28847
2021-05-25T23:59:59+02:00,63667,62931,135446,141662,165708,185564,259264,290866,372916,390137,310141,347168,228396,291359,68431,124645,20433,19297,38996,47275,43677,64895,56707,91841,80483,99251,110187,122623,157759,202201,59995,108896,2310525,1009706,321519,158191,779466,129553,27219
2021-05-24T23:59:59+02:00,62434,61731,132715,139586,162452,183164,252359,284904,368003,385472,309321,346254,228110,290979,68360,124518,20094,18900,37987,46217,42347,63429,55057,89853,78275,96770,108791,120989,157162,201426,59887,108700,2286883,1000513,310518,156911,777699,122927,25686
2021-05-23T23:59:59+02:00,61935,61218,131625,138707,161261,182136,251123,283888,366419,384046,308710,345597,227939,290756,68340,124482,19869,18719,37448,45673,41609,62749,53913,88874,76811,95428,107633,119607,156189,200215,59821,108563,2275441,992489,309950,153868,777651,121354,25563
2021-05-22T23:59:59+02:00,61241,60598,130155,137646,158909,180526,248172,281609,363952,381844,308187,345004,227762,290490,68315,124432,19553,18300,36842,45077,40974,62229,53270,88157,76053,94295,106091,117817,155425,199248,59794,108509,2257613,985854,309932,153866,777609,117958,24108
2021-05-21T23:59:59+02:00,59923,59167,127274,135072,155663,177224,242983,276874,357892,376178,307256,343918,227466,290093,68255,124325,19194,17938,36235,44315,40331,61191,52328,86776,74355,92031,102880,113899,154296,197811,59703,108335,2221797,972984,308305,153545,776050,111414,23827
2021-05-20T23:59:59+02:00,56877,56384,121568,130229,148768,170939,232719,268161,348900,367928,304728,341184,226702,289091,68123,124107,17906,17007,34081,42082,37899,58313,49527,83032,70454,87569,98801,109323,151859,194822,59527,107981,2164059,953890,301689,151621,770120,93872,20949
2021-05-19T23:59:59+02:00,54680,54198,116577,125572,141633,164361,222224,258836,338406,357079,302099,338326,225959,288055,67974,123831,17330,16229,32867,40507,36501,56264,47530,80275,67235,84013,94947,104885,148248,190122,59267,107489,2098439,930646,295461,149664,767185,84419,19125
2021-05-18T23:59:59+02:00,52602,52244,111814,121336,135309,158815,210697,248498,328577,347326,299437,335366,225087,286861,67823,123577,16815,15634,31675,39062,35165,54486,45743,77897,64368,80805,90969,100380,145076,186082,59057,107054,2038795,910574,286182,146826,763631,75857,17154
2021-05-17T23:59:59+02:00,51575,51259,109499,119300,132538,156181,204214,242528,321041,340275,297663,333406,224503,286043,67716,123369,16384,15198,30648,38028,34017,53214,44279,76118,62137,78426,86162,94552,143621,184204,58907,106739,2012147,899020,274000,139393,760255,69262,15100
2021-05-16T23:59:59+02:00,50796,50603,108074,117987,130803,154527,201263,239858,313626,333347,296647,332279,224196,285561,67664,123272,16105,14830,29904,37257,33152,52300,43227,74818,60820,76968,82765,90513,142838,183134,58821,106600,1996888,893018,263609,132670,757043,65150,13353
2021-05-15T23:59:59+02:00,50263,49972,107078,117006,129795,153422,199343,237939,310082,330157,296029,331592,224000,285291,67644,123208,15967,14670,29651,36954,32865,51872,42745,74174,59984,75992,82172,89700,142325,182470,58785,106553,1980783,887806,263593,132525,756179,64034,12653
2021-05-14T23:59:59+02:00,49022,48562,104845,114929,126224,149992,191188,230918,303809,324309,295059,330460,223713,284845,67597,123114,15469,14248,28873,36144,32105,50693,41675,72404,58433,74054,80283,87227,141720,181487,58745,106466,1943768,878263,261923,131650,751657,58630,11620
2021-05-13T23:59:59+02:00,47115,46624,101039,111727,121543,145902,181213,222375,293238,314541,292097,327045,222902,283707,67497,122908,14612,13807,28025,35452,31346,49804,40743,71330,56942,72503,76535,82909,138978,177902,58635,106252,1892382,865830,253378,124657,745475,54809,10613
2021-05-12T23:59:59+02:00,46208,45923,99133,110307,119499,144255,178678,220274,288508,309230,290934,325776,222660,283385,67459,122823,14449,13656,27712,35236,30951,49520,40306,70959,56415,71940,75213,81305,138207,176783,58549,106092,1869393,860181,251223,122888,744992,54541,9816
2021-05-11T23:59:59+02:00,43978,44454,95141,107248,113728,139544,165371,209045,276915,298516,287552,321883,221707,281987,67309,122526,14027,13094,26713,33820,29837,47743,39024,68702,54724,69691,72157,77747,136866,174968,58392,105736,1810781,848048,241575,120224,736555,46741,8361
2021-05-10T23:59:59+02:00,42737,43492,92567,105261,110497,136930,157015,202056,269084,291436,285386,319444,221133,281130,67184,122287,13688,12652,25961,32839,29053,46497,38044,66855,53515,67965,70088,75215,135728,173466,58273,105450,1775381,839249,235561,119186,729657,39584,7403
2021-05-09T23:59:59+02:00,41624,42725,89911,103531,107855,135176,152027,198660,263607,286541,284154,318064,220757,280602,67119,122141,13379,12438,25274,32176,28328,45696,37261,65899,52580,67017,68867,73818,135136,172639,58219,105319,1756207,834709,228502,118199,723725,34848,6420
2021-05-08T23:59:59+02:00,41333,42430,89070,102806,106783,134341,150605,197461,261084,284504,283655,317523,220637,280423,67103,122109,13278,12377,25146,32087,28183,45569,37074,65708,52247,66705,67920,72907,134079,171284,58172,105226,1744313,830149,227997,117460,723506,34073,6410
2021-05-07T23:59:59+02:00,40409,41716,87157,101477,103980,132146,146013,193679,254870,279017,282328,315929,220291,279964,67051,121986,12535,11894,24329,31364,27427,44518,36214,64455,51075,65203,65686,70237,131877,168489,58083,105048,1718694,820579,224809,115226,719405,27298,5461
2021-05-06T23:59:59+02:00,37777,40000,82447,98036,98032,127422,135893,185206,238508,264661,277224,310163,219004,278283,66877,121669,11852,11379,23400,30263,26440,43175,34862,62460,49349,63246,63215,67138,129795,165758,57970,104830,1653352,809606,214955,112148,708687,18955,4552
2021-05-05T23:59:59+02:00,35899,38812,78820,95462,93463,123790,128106,178702,223816,250671,271054,303040,217436,276297,66631,121146,11623,11106,22871,29542,25846,42256,33943,61069,48206,61844,60629,64051,126889,162096,57872,104582,1587359,797468,209912,108611,702733,14995,3480
2021-05-04T23:59:59+02:00,34808,37710,76109,93165,89977,120759,122562,173987,213236,240433,265580,296603,215999,274457,66423,120677,11463,10906,22473,29007,25393,41499,33242,60000,47116,60586,57931,60900,124542,159181,57722,104349,1538458,785738,204816,105997,696715,11872,2831
2021-05-03T23:59:59+02:00,33944,36662,73838,91363,87114,118421,118138,170362,206613,234448,262316,292751,215201,273378,66302,120383,11222,10639,22085,28436,24921,40804,32567,59037,46099,59452,55168,57575,120796,154310,57466,103914,1506833,770009,201714,104301,691832,9122,1185
2021-05-02T23:59:59+02:00,33601,36345,72675,90469,85662,117332,115727,168506,203533,231951,261360,291664,214913,272969,66237,120275,11156,10571,21899,28229,24698,40520,32232,58634,45648,58982,53984,56132,117756,150655,57383,103784,1496281,765054,198930,98785,688011,8228,322
2021-05-01T23:59:59+02:00,33287,35974,71918,89680,84596,116296,114270,167151,200465,228925,260673,290845,214705,272688,66226,120237,11143,10556,21846,28199,24639,40484,32172,58577,45566,58907,53743,55841,117598,150460,57374,103767,1481266,763751,198928,98746,687748,8183,318
2021-04-30T23:59:59+02:00,32743,35372,70715,88471,83142,114579,110519,163608,193108,221835,258685,288483,214256,272082,66166,120131,10825,10363,21487,27925,24366,40063,31849,58016,45108,58280,52850,54681,116651,149278,57320,103650,1448531,760096,198602,96769,686960,5850,123
2021-04-29T23:59:59+02:00,31249,34433,67833,86471,79533,111993,105434,159525,180357,210337,250785,279402,213062,270458,66032,119785,10524,10154,21015,27480,23943,39567,31276,57278,44314,57353,51033,52501,114813,147059,57220,103457,1393922,751349,191328,94109,681653,3552,103
2021-04-28T23:59:59+02:00,30019,33824,65977,85170,77060,110186,102027,156688,170708,201190,239961,266837,211785,268775,65835,119459,10342,10000,20719,27132,23587,39102,30862,56627,43590,56536,48928,49902,112249,143844,57098,103246,1341424,741899,187993,89588,676324,2327,75
2021-04-27T23:59:59+02:00,29269,33146,64415,83715,75088,108393,99291,154310,166021,196491,231494,257060,210644,267165,65716,119237,10221,9891,20440,26844,23354,38779,30511,56134,42912,55853,46932,47370,109616,140431,56981,103047,1307570,732152,185703,85603,668419,1612,74
2021-04-26T23:59:59+02:00,28842,32769,63330,82843,73607,107243,97032,152616,157445,188511,227313,252231,209939,266178,65626,119040,10130,9804,20230,26663,23121,38563,30219,55801,42306,55282,45138,45238,107735,137962,56886,102894,1278777,724263,184269,82530,661755,1232,71
2021-04-25T23:59:59+02:00,28595,32532,62558,82326,72554,106515,95320,151403,152148,183679,223018,247395,209355,265405,65561,118919,10075,9771,20153,26591,23037,38483,30110,55677,42147,55123,44726,44743,107059,137056,56858,102824,1266129,722616,178138,80769,653251,1103,69
2021-04-24T23:59:59+02:00,28253,32106,61626,81114,71375,105077,93782,149755,147270,178553,220242,244076,208886,264736,65527,118869,10061,9754,20112,26552,22989,38419,30031,55593,41998,54988,44487,44436,106811,136763,56837,102796,1241377,721545,178113,80076,651991,1061,68
2021-04-23T23:59:59+02:00,27510,31490,60073,79614,69598,103068,91207,147137,142529,174189,215705,238553,208233,263746,65465,118754,10011,9695,20003,26467,22858,38271,29799,55389,41637,54660,43871,43681,105756,135489,56681,102522,1216641,718223,176941,77614,643519,1009,67
2021-04-22T23:59:59+02:00,26898,30890,58554,78186,67142,100870,87106,143666,134523,166735,206703,227591,206194,261117,65268,118359,9885,9599,19757,26177,22509,37840,29286,54876,40879,54024,42709,42360,103774,133054,56453,102125,1175276,710813,169520,73667,635232,883,67
2021-04-21T23:59:59+02:00,26414,30372,57237,77090,65274,99258,84089,141036,127369,159949,193671,212303,204049,258232,65043,117936,9757,9514,19526,25934,22225,37522,28937,54432,40334,53496,41871,41348,101602,130292,56203,101717,1123983,704341,166650,69612,628912,813,67
2021-04-20T23:59:59+02:00,25991,29907,56089,75953,63617,97690,81560,138474,122310,154911,182229,198897,201629,255111,64811,117515,9658,9425,19310,25749,21934,37254,28536,54027,39799,52966,41064,40423,99399,127323,55869,101181,1081559,696869,163176,66369,622181,736,66
2021-04-19T23:59:59+02:00,25631,29554,55132,75137,62346,96524,79451,136559,118807,151553,176512,192083,199925,252891,64631,117186,9552,9335,19084,25535,21695,36988,28228,53643,39301,52445,40273,39520,96319,123369,55465,100474,1057144,686598,161358,63985,615642,701,65
2021-04-18T23:59:59+02:00,25328,29294,54366,74594,61226,95586,77610,135148,115456,149168,171423,186554,198915,251666,64523,116996,9480,9261,18899,25364,21520,36824,28015,53370,39044,52198,39949,39138,95107,121831,55284,100179,1043248,682770,159692,62062,605131,689,65
2021-04-17T23:59:59+02:00,25218,29202,53995,74400,60713,95235,76959,134552,114612,148431,167188,181685,198381,250942,64488,116931,9435,9203,18761,25179,21334,36594,27792,53096,38781,51933,39655,38819,94352,120907,55220,100097,1032399,678794,159665,61748,601085,674,65
2021-04-16T23:59:59+02:00,24848,28955,53014,73799,59438,94360,75351,133228,110496,144313,159589,172954,196735,248740,64379,116723,9230,9031,18377,24761,20762,36027,26711,52208,36792,50353,36404,35948,91206,117435,54818,99443,1006637,663983,158884,54942,591617,638,65
2021-04-15T23:59:59+02:00,24372,28503,51774,72636,57494,92640,72097,130395,105039,139055,151754,164012,192091,242877,64084,116106,9057,8871,18011,24342,20273,35373,26037,51420,35412,49131,34314,33943,88126,113728,54313,98588,974530,651020,156833,49392,573779,585,64
2021-04-14T23:59:59+02:00,24028,28177,50843,71703,56159,91254,69724,128245,101069,135302,142591,153666,184365,233008,63745,115442,8654,8605,17538,23841,19743,34735,25131,50548,34136,48016,32286,31809,85163,110105,53824,97731,936756,636253,154169,45185,558606,486,63
2021-04-13T23:59:59+02:00,23793,27962,50152,71165,55226,90440,68098,126846,97353,131882,130800,140579,177996,224694,63405,114855,8421,8435,17199,23440,19325,34207,24472,49757,33076,47012,30911,30457,83052,107756,53469,97191,903646,627069,149664,40807,542145,363,63
2021-04-12T23:59:59+02:00,23586,27778,49607,70661,54369,89715,66651,125567,94738,129563,123719,132576,174776,220751,63136,114366,8185,8251,16846,23147,18961,33775,24004,49225,32411,46394,29397,28926,81399,105825,53144,96671,887309,618703,148139,37566,526317,349,63
2021-04-11T23:59:59+02:00,23416,27620,49088,70242,53645,89264,65522,124768,92892,128092,118252,126590,170863,216160,62968,114071,8055,8117,16550,22869,18646,33470,23648,48846,31967,46013,28764,28264,80383,104585,52936,96354,879885,613443,143743,35743,510030,337,62
2021-04-10T23:59:59+02:00,23356,27566,48923,70110,53447,89109,65200,124501,92371,127657,116175,124068,169432,214311,62927,113970,7472,7515,15663,22090,17689,32633,22526,47816,30857,45022,28088,27542,78295,101980,52669,95919,872917,598173,142895,35365,507517,293,60
2021-04-09T23:59:59+02:00,23111,27319,48427,69623,52813,88432,64214,123381,90554,125758,107384,113158,166066,209916,62727,113614,6513,6619,14143,20771,15973,31083,20397,45858,28663,43023,26319,25730,74807,97818,52129,95081,853587,570843,135869,33860,497249,280,55
2021-04-08T23:59:59+02:00,22818,27077,47851,69137,52068,87737,62920,122306,88145,123597,97113,101210,160550,203088,62402,113050,5874,6036,12961,19762,14718,29752,18764,44159,26173,40694,23312,22774,70183,92081,50997,93336,835016,539473,127009,31919,479258,242,49
2021-04-07T23:59:59+02:00,22507,26851,47052,68686,51151,87140,61541,121332,85029,121169,87968,90978,153570,194326,62110,112488,5495,5717,12308,19090,13908,28930,17724,43118,24273,38804,20781,20261,66247,87332,50008,91727,814725,516119,121437,29453,457951,208,45
2021-04-06T23:59:59+02:00,22299,26693,46530,68308,50566,86621,60514,120557,82933,119431,80223,82200,147230,186383,61768,111861,5306,5560,11963,18739,13561,28504,17191,42563,23416,38000,19661,19235,63109,83260,49091,90354,795520,502849,118236,26528,440576,196,42
2021-04-05T23:59:59+02:00,22203,26569,46221,67968,50187,86223,59971,119868,81759,118279,75763,77129,142244,180297,61566,111545,5168,5421,11702,18488,13268,28192,16874,42193,22972,37540,19199,18767,60253,79721,48396,89291,786131,493578,116494,23738,425381,191,39
2021-04-04T23:59:59+02:00,22155,26512,46102,67704,50019,85911,59696,119368,81254,117651,74330,75426,141545,179323,61529,111463,5165,5415,11687,18476,13257,28176,16857,42177,22877,37468,18793,18444,58820,77879,48192,88980,783614,488810,116394,23736,420198,183,35
2021-04-03T23:59:59+02:00,22093,26432,45980,67598,49858,85736,59380,119058,80687,117077,72990,73797,140433,177788,61446,111315,5157,5408,11674,18458,13234,28156,16823,42131,22772,37397,18658,18295,58470,77322,48103,88836,777276,487042,116353,23736,418257,183,34
2021-04-02T23:59:59+02:00,22017,26350,45821,67436,49642,85489,58914,118608,79813,116267,71438,71920,138161,174814,61249,110957,5139,5371,11629,18418,13181,28075,16736,41985,22501,36921,18301,17934,56137,74448,47294,87744,768197,478603,114584,23095,416333,183,33
2021-04-01T23:59:59+02:00,21816,26144,45407,66917,49006,84754,58043,117673,77934,114605,68187,68504,134095,169655,60931,110392,4996,5232,11363,18158,12958,27842,16415,41677,22003,36483,17493,17195,51334,68443,45624,85293,756594,460684,108516,21728,409173,168,28
2021-03-31T23:59:59+02:00,21490,25925,45007,66399,48518,84108,57321,116737,76784,113368,66152,66195,129357,163551,60528,109670,4917,5182,11268,18040,12801,27692,16180,41411,21416,35977,16370,16299,46145,62059,44255,83324,746871,442458,101385,20787,403077,165,25
2021-03-30T23:59:59+02:00,21319,25705,44611,65783,48019,83313,56620,115688,75653,112004,64320,64180,124988,157813,60061,108771,4850,5098,11165,17915,12610,27503,15854,41087,20844,35428,15541,15498,43398,58658,43144,81538,736737,430641,97177,19430,395159,135,21
2021-03-29T23:59:59+02:00,21121,25466,44154,65234,47546,82624,55888,114617,74442,110577,61846,61449,118274,149194,59291,107378,4755,5030,11061,17807,12459,27338,15608,40770,20389,34963,14892,14960,40819,55682,42041,79726,716287,419496,93765,18757,389273,121,21
2021-03-28T23:59:59+02:00,20918,25179,43659,64552,47034,81888,55212,113618,73505,109479,60593,60021,113584,143235,58847,106622,4701,4972,10916,17665,12209,27040,15417,40524,20222,34733,14657,14719,39744,54277,41693,79192,709788,415224,86477,17435,381905,96,21
2021-03-27T23:59:59+01:00,20802,25025,43367,64190,46676,81362,54716,112929,72841,108746,59452,58948,112108,141532,58780,106543,4688,4960,10889,17646,12191,27011,15057,40101,19826,34297,14365,14507,39260,53594,41220,78377,704563,411190,85780,16783,377897,90,21
2021-03-26T23:59:59+01:00,20551,24514,42571,62495,45715,79349,53387,109917,70839,105152,57448,57075,109362,138308,58454,106030,4668,4927,10866,17595,12122,26921,14979,39992,19491,33712,13900,13861,36207,49769,39167,75142,693229,396751,82482,16566,365676,76,21
2021-03-25T23:59:59+01:00,20120,23842,41701,60739,44629,76803,51879,106410,68455,101400,54864,54447,106061,134348,57883,105042,4622,4874,10775,17493,12004,26781,14796,39775,19219,33408,13426,13371,32376,44750,36182,70629,681841,378511,78294,15972,348708,72,19
2021-03-24T23:59:59+01:00,19724,23404,40933,59483,43623,75283,50515,104501,66377,99081,52096,51542,101821,129266,57246,103967,4568,4808,10683,17357,11840,26582,14568,39492,18854,32990,12973,12919,29818,41544,33074,65802,669090,363010,73433,14872,336561,68,15
2021-03-23T23:59:59+01:00,19478,23106,40378,58578,42907,74199,49488,102995,64735,97231,49812,49207,99072,126063,56688,103134,4509,4740,10585,17233,11694,26403,14328,39185,18444,32606,12472,12414,27396,38457,29420,59919,661023,345535,70093,14284,326176,63,14
2021-03-22T23:59:59+01:00,19261,22699,39747,57705,42245,73166,48549,101614,63266,95609,47994,47339,96681,123323,56215,102359,4449,4693,10500,17119,11565,26228,14172,38946,18207,32306,12165,12045,25569,36116,25490,53571,654758,329424,67290,13733,315944,61,14
2021-03-21T23:59:59+01:00,19126,22442,39261,56953,41702,72324,47906,100464,62328,94385,46952,46320,95041,121479,55846,101781,4436,4686,10464,17072,11521,26143,14112,38856,18127,32207,12046,11914,25141,35667,25137,53014,652196,327244,65266,13320,307065,56,13
2021-03-20T23:59:59+01:00,19066,22296,39051,56463,41466,71766,47596,99833,61891,93784,46303,45555,92449,118254,55561,101296,4427,4679,10455,17060,11494,26127,14070,38820,18045,32133,11887,11754,24503,34893,24376,51931,645757,323544,64821,13131,302267,56,13
2021-03-19T23:59:59+01:00,18714,21733,37923,54350,40191,69779,45875,97753,59020,91031,41878,41698,87249,112507,54863,100216,4407,4666,10423,17014,11431,26017,13983,38652,17810,31839,11537,11478,22839,32840,22700,49375,628060,314270,57636,12769,289295,48,13
2021-03-18T23:59:59+01:00,18322,21088,36753,52203,38656,66994,43728,93300,55182,85245,37862,37917,82528,107036,53778,98558,4387,4639,10355,16912,11352,25865,13835,38457,17590,31636,11305,11296,21595,31331,20993,46782,611181,306206,51904,12159,266270,40,13
2021-03-17T23:59:59+01:00,17904,20739,36031,51290,37898,66045,42651,91951,53402,83422,35203,35143,78511,102217,52834,97086,4364,4615,10293,16819,11280,25732,13722,38271,17393,31446,11069,11075,20361,29925,19404,44384,594576,298735,47515,11454,260437,37,13
2021-03-16T23:59:59+01:00,17548,20323,35287,50226,37086,64856,41556,90290,51568,81438,33006,33131,74517,97302,51955,95776,4314,4566,10221,16693,11190,25582,13625,38035,17257,31204,10900,10900,19087,28415,17928,42069,581401,291005,42834,11019,251829,36,11
2021-03-15T23:59:59+01:00,17271,19962,34583,49251,36299,63669,40657,88812,50313,79840,31291,31298,71241,93218,51259,94643,4293,4534,10155,16571,11124,25382,13511,37748,17108,30933,10733,10741,18364,27455,16676,40213,570309,285223,39518,10371,243986,32,0
2021-03-14T23:59:59+01:00,17003,19535,33733,48047,35400,62354,39608,86987,49068,78121,30129,30068,69251,90661,50816,93968,4268,4516,10110,16494,11067,25241,13451,37526,17018,30769,10664,10659,18182,27174,16414,39654,563218,284033,37646,9237,234087,22,0
2021-03-13T23:59:59+01:00,16198,18498,32263,46056,33837,60259,37583,83959,46953,75607,28788,28725,67240,88046,50546,93577,4268,4516,10108,16489,11064,25234,13443,37519,17012,30760,10627,10626,17442,26289,15371,38205,546893,279798,37361,9236,224071,22,0
2021-03-12T23:59:59+01:00,15095,17124,29826,43412,31176,57125,34725,79107,43749,71157,25957,25542,62944,82748,49568,92177,4257,4482,10091,16427,11046,25183,13397,37404,16922,30631,10354,10400,16563,25048,14303,36687,518920,274031,36052,9225,206645,19,0
2021-03-11T23:59:59+01:00,14059,15666,27590,40724,28859,53944,32139,74728,40006,66276,22564,22076,56953,75444,47640,89340,4216,4448,10011,16310,10936,24958,13281,37094,16758,30329,10054,10189,15934,24214,13636,35415,486959,270058,34464,7790,186757,15,0
2021-03-10T23:59:59+01:00,13465,14968,26187,39112,27216,52129,30584,72419,37494,63160,19825,19531,51045,68314,46092,87002,4183,4404,9913,16143,10818,24708,13135,36675,16559,29960,9823,10007,15192,23440,12977,34391,460595,265344,32425,7051,175692,12,0
2021-03-09T23:59:59+01:00,13181,14502,25072,38075,25807,50951,29530,70768,36117,61329,18650,18412,47541,63881,44967,85215,4159,4379,9829,15977,10716,24449,12983,36360,16386,29725,9700,9905,14532,22605,12483,33619,447027,261654,29904,6219,167223,12,0
2021-03-08T23:59:59+01:00,12852,13902,23992,36974,24541,49813,28595,69287,34888,59715,17574,17534,43432,58897,43739,83233,4144,4344,9768,15779,10614,24194,12851,36004,16260,29460,9621,9828,14038,22001,12169,33180,431595,258500,27898,5828,159628,4,0
2021-03-07T23:59:59+01:00,12619,13610,23400,36125,23846,48939,27997,68418,34283,58965,17314,17286,42367,57454,43374,82670,4132,4331,9748,15738,10587,24121,12820,35835,16203,29347,9600,9799,13841,21748,12033,32978,426858,257447,26087,5490,155872,0,0
2021-03-06T23:59:59+01:00,12507,13319,22999,35392,23319,48152,26954,66896,33187,57205,16929,16957,41723,56566,43073,82203,4129,4317,9737,15713,10569,24088,12810,35793,16185,29316,9583,9758,13795,21710,11931,32770,422806,257071,26023,5209,148700,0,0
2021-03-05T23:59:59+01:00,12097,12720,22321,34195,22639,46926,26201,65274,31956,54789,16287,16127,38266,52265,40917,78761,4101,4271,9667,15614,10520,23941,12742,35599,16100,29112,9488,9689,13611,21498,11568,32167,407635,255389,24574,4374,139673,0,0
2021-03-04T23:59:59+01:00,11337,11715,21135,32475,21424,44887,24848,62623,30266,52436,15558,15411,34266,47105,37845,74078,4056,4183,9558,15331,10418,23586,12610,35077,15956,28717,9317,9539,13455,21288,11484,32022,389226,252388,22502,4282,125820,0,0
2021-03-03T23:59:59+01:00,11032,11229,20449,31263,20656,43539,23949,60881,29228,50802,15083,14910,31661,43785,34761,69312,4016,4121,9479,15163,10339,23339,12506,34658,15780,28371,9136,9413,13331,21074,11338,31753,373809,249771,21711,4119,117155,0,0
2021-03-02T23:59:59+01:00,10769,10807,19806,30298,19943,42526,23170,59500,28261,49530,14456,14266,28988,40415,30879,63098,3968,4050,9418,15000,10271,23078,12405,34232,15680,28065,9012,9311,13194,20886,11262,31608,355654,247393,20204,4118,110982,0,0
2021-03-01T23:59:59+01:00,10597,10548,19296,29497,19383,41649,22582,58430,27550,48408,14042,13812,26921,37830,26632,56223,3953,4002,9364,14846,10209,22781,12326,33855,15575,27742,8930,9251,13014,20622,11152,31430,338475,245004,19095,4118,105956,0,0
2021-02-28T23:59:59+01:00,10430,10349,18829,28855,18855,40915,22105,57580,27065,47619,13835,13573,26316,37171,26228,55621,3938,3988,9339,14814,10191,22730,12309,33785,15549,27696,8904,9227,12884,20447,11090,31280,336041,244158,18238,4083,101191,0,0
2021-02-27T23:59:59+01:00,10250,9834,18500,27988,18597,40131,21820,56600,26737,46826,13559,13271,25649,36368,25307,54203,3927,3978,9318,14794,10160,22682,12270,33704,15507,27623,8883,9211,12875,20431,11086,31274,332136,243813,17517,3980,96109,0,0
2021-02-26T23:59:59+01:00,9454,9048,17600,26550,17816,37925,20894,53755,25279,44006,13094,12872,24063,34382,23786,51899,3846,3911,9240,14634,10086,22427,12189,33339,15391,27331,8803,9129,12808,20363,11045,31204,323038,241909,17264,3906,82238,0,0
2021-02-25T23:59:59+01:00,8296,8197,16281,24951,16550,35664,19658,50872,23574,41228,12621,12475,22784,32792,22292,49617,3724,3768,9079,14323,9868,21826,11938,32492,15068,26682,8609,8977,12550,20041,10904,30936,315426,237794,16495,3060,66046,0,0
2021-02-24T23:59:59+01:00,7931,7675,15628,23916,15921,34426,18943,49362,22784,40029,12226,12140,21483,31296,20613,46994,3651,3702,8939,14034,9694,21375,11741,31870,14807,26148,8470,8840,12408,19869,10839,30725,307198,235034,15531,2145,58751,0,0
2021-02-23T23:59:59+01:00,7447,7200,14818,22747,15237,33208,18224,47955,22066,38962,11922,11818,20147,29727,19002,44442,3611,3629,8819,13832,9559,20980,11554,31294,14508,25651,8301,8698,12282,19659,10769,30494,299109,232221,14731,1485,51193,0,0
2021-02-22T23:59:59+01:00,7340,6994,14435,22130,14888,32483,17762,46949,21572,38229,11726,11570,19401,28722,17691,42492,3581,3528,8683,13540,9395,20480,11300,30559,14136,25056,8055,8508,12084,19408,10665,30190,293266,228930,14120,303,47108,0,0
2021-02-21T23:59:59+01:00,7250,6869,14115,21691,14469,31901,17348,46295,21138,37735,11622,11470,19238,28509,17444,42159,3543,3489,8601,13417,9320,20263,11229,30269,14015,24788,7993,8446,12028,19301,10594,30029,292128,227100,13749,289,43483,0,0
2021-02-20T23:59:59+01:00,7133,6820,13990,21611,14353,31767,17229,46145,20980,37554,11523,11388,18461,27593,16390,40690,3541,3483,8591,13409,9310,20242,11215,30244,14002,24778,7988,8438,11965,19239,10541,29962,287885,226724,13552,288,42294,0,0
2021-02-19T23:59:59+01:00,6832,6567,13637,21173,13983,31099,16756,45351,20276,36686,10923,10989,17418,26262,15233,39082,3461,3460,8516,13382,9269,20185,11177,30153,13943,24684,7945,8379,11743,18966,10348,29631,281515,225019,13177,287,37675,0,0
2021-02-18T23:59:59+01:00,6437,6095,13010,20035,13343,29724,15941,43480,19406,35109,10696,10771,16828,25511,14657,38199,3276,3324,8183,12844,8977,19440,10828,29117,13579,23862,7739,8071,11158,18015,9851,28481,277954,216522,12595,287,28791,0,0
2021-02-17T23:59:59+01:00,6273,5751,12566,19155,12855,28532,15243,41757,18759,33785,10473,10520,16072,24697,13880,37009,3026,3164,7844,12332,8675,18654,10458,28076,13188,23012,7507,7835,10602,17168,9413,27665,273286,208396,11864,285,22272,0,0
2021-02-16T23:59:59+01:00,5948,5450,12029,18321,12355,27455,14698,40378,18168,32753,10321,10416,15404,23868,13373,36222,2844,3045,7543,11884,8370,17931,10064,26993,12724,22117,7237,7543,9885,15998,8687,26116,269751,198912,11368,131,16132,0,0
2021-02-15T23:59:59+01:00,5843,5274,11736,17681,12089,26673,14350,39386,17821,31983,10196,10307,14846,23215,13012,35683,2755,2965,7354,11564,8153,17427,9766,26153,12375,21437,6956,7261,9185,14943,8172,24838,266656,191280,10765,86,12766,0,0
2021-02-14T23:59:59+01:00,5576,5160,11488,17409,11868,26237,14117,38941,17630,31706,10151,10256,14612,22876,12847,35289,2705,2927,7240,11400,8026,17222,9591,25822,12198,21136,6861,7138,8965,14559,7985,24304,265655,188054,9830,86,10769,0,0
2021-02-13T23:59:59+01:00,5516,5122,11438,17373,11838,26206,14090,38909,17610,31687,10138,10229,14585,22845,12836,35272,2701,2924,7235,11393,8014,17203,9576,25789,12171,21092,6832,7105,8811,14348,7634,23678,265414,186559,9829,8,10542,0,0
2021-02-12T23:59:59+01:00,5000,4803,10867,17011,11520,25657,13771,38265,17283,31047,10028,10123,14403,22631,12756,35163,2651,2891,7143,11238,7913,16973,9426,25398,11956,20649,6652,6875,8450,13788,7042,22339,263725,181438,9818,7,6874,0,0
2021-02-11T23:59:59+01:00,4539,4503,10282,16332,11108,24853,13292,37005,16793,30188,9716,9866,14122,22184,12476,34480,2483,2619,6545,10052,7226,15245,8572,22792,10910,18575,6006,6163,7407,12173,6227,20021,260512,163069,8179,4,3135,0,0
2021-02-10T23:59:59+01:00,4292,4337,9946,15880,10800,24314,12981,36123,16377,29437,9504,9728,13941,21978,12384,34274,2124,2331,5613,8607,6433,13208,7585,19897,9791,16554,5463,5579,6427,10520,5455,17977,257864,143611,7683,2,835,0,0
2021-02-09T23:59:59+01:00,4229,4239,9823,15612,10691,23915,12811,35503,16164,28965,9326,9593,13748,21769,12243,34052,1729,1980,4838,7349,5664,11419,6669,17399,8708,14566,4886,4952,5386,8974,4727,15887,255431,125177,6906,1,431,0,0
2021-02-08T23:59:59+01:00,4197,4186,9731,15402,10582,23556,12693,35040,16024,28606,9233,9527,13547,21489,12138,33863,1565,1787,4283,6368,5008,9855,5859,14888,7696,12727,4334,4430,4411,7402,3968,13827,253080,108449,6391,1,425,0,0
2021-02-07T23:59:59+01:00,4030,4119,9575,15268,10479,23389,12614,34777,15912,28412,9193,9482,13404,21308,12066,33720,1352,1541,3865,5697,4598,8978,5435,13734,7214,11780,4078,4171,4182,7011,3810,13233,251981,100717,5847,1,0,0,0
2021-02-06T23:59:59+01:00,4021,4110,9565,15253,10466,23353,12592,34728,15895,28355,9173,9468,13386,21273,11961,33524,1200,1345,3634,5390,4412,8553,5215,13147,6934,11223,3941,4034,4058,6862,3532,12776,251639,96291,5564,1,0,0,0
2021-02-05T23:59:59+01:00,3948,4043,9493,15112,10399,23103,12507,34357,15780,28074,9090,9394,13313,21198,11612,32927,1059,1116,3354,4946,4154,7974,4898,12372,6549,10496,3680,3789,3898,6635,3030,11892,249756,89875,4672,0,0,0,0
2021-02-04T23:59:59+01:00,3891,3920,9373,14796,10222,22558,12318,33563,15563,27512,8967,9283,13089,20906,11499,32726,796,782,2533,3700,3218,6238,3949,9832,5229,8286,3001,3081,3276,5657,2638,10402,245816,72642,4448,0,0,0,0
2021-02-03T23:59:59+01:00,3823,3849,9267,14573,10118,22220,12186,33053,15412,27086,8858,9168,12947,20728,11423,32560,661,614,1913,2791,2486,4821,2985,7556,3998,6249,2194,2221,2394,4196,1911,7797,243069,54806,4280,0,0,0,0
2021-02-02T23:59:59+01:00,3757,3757,9167,14381,10022,21839,12042,32489,15211,26632,8735,9054,12825,20518,11339,32292,525,487,1444,2058,1901,3626,2245,5747,2980,4674,1553,1524,1631,2762,1330,5186,239858,39687,4278,0,0,0,0
2021-02-01T23:59:59+01:00,3717,3667,9087,14147,9916,21451,11905,31851,15030,26127,8617,8907,12717,20375,11288,32117,390,352,1004,1420,1253,2413,1461,3768,1849,2962,982,970,968,1685,762,3008,236717,25256,4278,0,0,0,0
2021-01-31T23:59:59+01:00,3699,3632,9034,14038,9847,21251,11841,31557,14930,25930,8562,8849,12666,20263,11244,31988,360,331,884,1232,1064,2041,1260,3216,1616,2596,884,879,864,1503,691,2703,235239,22131,4167,0,0,0,0
2021-01-30T23:59:59+01:00,3699,3629,9024,14026,9833,21229,11828,31537,14918,25916,8558,8844,12608,20201,11195,31925,343,307,825,1149,1007,1918,1196,3028,1541,2459,856,853,846,1463,676,2651,234925,21124,4120,0,0,0,0
2021-01-29T23:59:59+01:00,3639,3615,8964,13997,9804,21178,11796,31462,14873,25849,8534,8821,12422,19977,11015,31682,276,224,706,978,863,1558,1043,2639,1330,2134,767,763,797,1408,658,2598,233709,18746,3994,0,0,0,0
2021-01-28T23:59:59+01:00,3520,3529,8761,13609,9584,20666,11566,30884,14547,25352,8398,8721,11988,19357,10659,31101,130,57,288,358,376,604,456,1142,604,956,407,421,467,809,376,1570,228926,9022,3391,0,0,0,0
2021-01-27T23:59:59+01:00,3289,3394,8467,13194,9283,20046,11184,30051,14161,24615,8182,8509,11440,18556,10234,30339,78,33,200,220,241,409,302,795,425,658,309,307,347,603,283,1149,222230,6359,2785,0,0,0,0
2021-01-26T23:59:59+01:00,3121,3297,8186,12857,9020,19476,10880,29295,13764,23988,7946,8288,10862,17642,9587,29187,73,29,185,210,225,375,286,744,394,597,294,282,320,541,257,1019,215523,5831,1944,0,0,0,0
2021-01-25T23:59:59+01:00,3034,3202,7905,12376,8730,18769,10494,28294,13284,23226,7663,8090,10243,16826,9131,28287,65,21,165,189,193,319,247,624,342,494,257,238,266,465,209,831,209224,4925,399,0,0,0,0
2021-01-24T23:59:59+01:00,2990,3182,7820,12298,8658,18645,10385,28134,13156,23044,7621,8055,10178,16715,9083,28191,64,20,161,185,191,306,244,604,334,480,248,234,264,458,205,816,207925,4814,298,0,0,0,0
2021-01-23T23:59:59+01:00,2989,3181,7819,12296,8654,18636,10384,28122,13150,23039,7615,8053,10053,16551,8756,27604,63,20,161,185,190,305,242,604,332,480,248,234,264,458,205,815,206673,4806,297,0,0,0,0
2021-01-22T23:59:59+01:00,2927,3135,7696,12184,8571,18497,10275,27952,13070,22925,7585,8020,9855,16249,8238,26580,63,20,160,185,190,305,242,604,331,480,248,234,264,458,205,815,203530,4804,297,0,0,0,0
2021-01-21T23:59:59+01:00,2845,2966,7197,11272,8087,17356,9738,26332,12466,21709,7302,7692,9215,15288,7713,25509,57,18,145,171,173,274,217,528,294,441,222,207,233,378,175,684,192455,4217,297,0,0,0,0
2021-01-20T23:59:59+01:00,2486,2621,6318,9871,7344,15402,8786,23504,11357,19641,6702,7040,8124,13527,6900,23300,56,18,144,166,170,272,210,515,283,419,210,200,227,353,162,646,172687,4051,294,0,0,0,0
2021-01-19T23:59:59+01:00,2044,2264,5420,8492,6482,13512,7767,20717,10089,17402,5945,6158,6739,11337,5880,20247,39,11,95,123,114,169,147,351,184,291,133,115,138,235,113,479,150333,2737,213,0,0,0,0
2021-01-18T23:59:59+01:00,1769,1977,4666,7114,5529,11278,6577,17128,8665,14698,5070,5286,5357,9092,4809,16771,21,6,36,45,52,78,64,159,72,146,59,54,65,131,62,220,125745,1270,90,0,0,0,0
2021-01-17T23:59:59+01:00,1492,1689,4155,6321,5023,10147,6042,15554,8026,13436,4730,4936,4985,8418,4481,15766,8,2,8,14,15,27,18,49,26,56,23,23,19,31,13,47,115155,379,88,0,0,0,0
2021-01-16T23:59:59+01:00,1325,1484,3939,6001,4843,9707,5783,14888,7696,12743,4541,4708,4774,8143,4126,15162,0,0,0,0,1,2,1,1,1,2,0,1,1,0,0,1,109898,11,5,0,0,0,0
2021-01-15T23:59:59+01:00,1175,1258,3685,5580,4590,9142,5491,14049,7288,11944,4249,4415,4588,7836,3591,14116,0,0,0,0,0,0,0,0,0,0,0,0,0,0,0,0,103031,0,3,0,0,0,0
2021-01-14T23:59:59+01:00,901,942,2941,4395,3724,7328,4549,11309,5894,9600,3452,3552,3857,6621,3108,12313,0,0,0,0,0,0,0,0,0,0,0,0,0,0,0,0,84515,0,0,0,0,0,0
2021-01-13T23:59:59+01:00,765,788,2470,3667,3139,6109,3780,9376,4802,7730,2580,2640,2911,5041,2376,9412,0,0,0,0,0,0,0,0,0,0,0,0,0,0,0,0,67611,0,0,0,0,0,0
2021-01-12T23:59:59+01:00,634,659,2069,3010,2584,4968,3030,7558,3786,6078,1850,1821,1989,3409,1680,6420,0,0,0,0,0,0,0,0,0,0,0,0,0,0,0,0,51567,0,0,0,0,0,0
2021-01-11T23:59:59+01:00,492,524,1727,2438,2075,3968,2347,5747,2811,4411,1190,1126,1192,2000,920,3643,0,0,0,0,0,0,0,0,0,0,0,0,0,0,0,0,36629,0,0,0,0,0,0
2021-01-10T23:59:59+01:00,436,454,1469,2013,1734,3248,1937,4762,2335,3693,1049,1002,1048,1755,819,3192,0,0,0,0,0,0,0,0,0,0,0,0,0,0,0,0,30958,0,0,0,0,0,0
2021-01-09T23:59:59+01:00,404,410,1346,1837,1589,2958,1784,4315,2150,3362,974,932,989,1701,801,3150,0,0,0,0,0,0,0,0,0,0,0,0,0,0,0,0,28712,0,0,0,0,0,0
2021-01-08T23:59:59+01:00,307,282,1100,1497,1311,2292,1467,3538,1780,2748,842,827,901,1579,756,2999,0,0,0,0,0,0,0,0,0,0,0,0,0,0,0,0,24234,0,0,0,0,0,0
2021-01-07T23:59:59+01:00,144,76,393,505,476,784,589,1360,776,1200,466,478,559,961,463,1906,0,0,0,0,0,0,0,0,0,0,0,0,0,0,0,0,11137,0,0,0,0,0,0
2021-01-06T23:59:59+01:00,109,44,264,283,305,508,394,922,526,821,358,359,423,747,357,1440,0,0,0,0,0,0,0,0,0,0,0,0,0,0,0,0,7861,0,0,0,0,0,0
2021-01-05T23:59:59+01:00,85,31,186,229,238,422,316,813,443,702,342,343,406,714,350,1385,0,0,0,0,0,0,0,0,0,0,0,0,0,0,0,0,7006,0,0,0,0,0,0
2021-01-04T23:59:59+01:00,67,25,169,192,197,329,252,630,349,510,267,251,285,516,233,927,0,0,0,0,0,0,0,0,0,0,0,0,0,0,0,0,5199,0,0,0,0,0,0
2021-01-03T23:59:59+01:00,65,21,163,187,193,315,250,615,341,493,260,249,281,503,231,910,0,0,0,0,0,0,0,0,0,0,0,0,0,0,0,0,5077,0,0,0,0,0,0
2021-01-02T23:59:59+01:00,65,21,163,187,193,315,248,615,338,493,260,249,281,503,231,909,0,0,0,0,0,0,0,0,0,0,0,0,0,0,0,0,5071,0,0,0,0,0,0
2021-01-01T23:59:59+01:00,64,21,162,187,193,314,248,615,336,491,260,249,281,502,231,909,0,0,0,0,0,0,0,0,0,0,0,0,0,0,0,0,5063,0,0,0,0,0,0
2020-12-31T23:59:59+01:00,64,21,162,185,193,313,247,614,335,490,260,249,281,502,231,909,0,0,0,0,0,0,0,0,0,0,0,0,0,0,0,0,5056,0,0,0,0,0,0
2020-12-30T23:59:59+01:00,63,21,162,184,191,310,247,613,335,488,260,249,281,502,231,909,0,0,0,0,0,0,0,0,0,0,0,0,0,0,0,0,5046,0,0,0,0,0,0
2020-12-29T23:59:59+01:00,46,12,114,140,142,211,180,440,236,374,179,164,193,373,170,709,0,0,0,0,0,0,0,0,0,0,0,0,0,0,0,0,3683,0,0,0,0,0,0
2020-12-28T23:59:59+01:00,25,8,62,77,80,121,99,250,117,232,98,93,102,200,103,388,0,0,0,0,0,0,0,0,0,0,0,0,0,0,0,0,2055,0,0,0,0,0,0
2020-12-27T23:59:59+01:00,11,3,17,26,36,46,35,87,36,94,32,29,39,73,32,145,0,0,0,0,0,0,0,0,0,0,0,0,0,0,0,0,741,0,0,0,0,0,0
