Datum,<15_m,<15_w,15-24_1_m,15-24_1_w,25-34_1_m,25-34_1_w,35-44_1_m,35-44_1_w,45-54_1_m,45-54_1_w,55-64_1_m,55-64_1_w,65-74_1_m,65-74_1_w,75-84_1_m,75-84_1_w,>84_1_m,>84_1_w,<24_2_m,<24_2_w,25-34_2_m,25-34_2_w,35-44_2_m,35-44_2_w,45-54_2_m,45-54_2_w,55-64_2_m,55-64_2_w,65-74_2_m,65-74_2_w,75-84_2_m,75-84_2_w,>84_2_m,>84_2_w,bp_1,bp_2,mo_1,mo_2,az_1,az_2,ja,unb_1,unb_2
2021-10-13T23:59:59+02:00,45408,42751,298896,286775,402494,371567,414099,406762,475222,483698,524094,524107,355018,396226,247710,317766,73004,134026,271347,260691,377668,344950,392460,381757,453532,458996,504252,503921,344785,384469,240887,308175,70222,128186,4147143,3909373,527642,506196,808403,764622,317671,572,521
2021-10-12T23:59:59+02:00,45101,42493,298262,286238,401984,371041,413703,406382,474930,483397,523847,523878,354910,396094,247649,317666,72970,133966,270534,259847,376991,344251,391935,381208,453124,458580,503903,503589,344572,384255,240787,308032,70182,128085,4142554,3902970,527469,505977,808398,764600,317326,571,519
2021-10-11T23:59:59+02:00,44863,42273,297699,285775,401518,370601,413307,406035,474637,483109,523608,523678,354799,395976,247575,317559,72931,133889,269817,259136,376341,343592,391460,380677,452752,458151,503578,503295,344383,384064,240687,307885,70141,127999,4138502,3897267,527295,505701,808387,764575,316883,571,519
2021-10-10T23:59:59+02:00,44707,42147,297349,285504,401186,370303,413084,405794,474461,482925,523477,523554,354747,395918,247549,317512,72907,133851,269352,258723,375892,343135,391133,380345,452467,457870,503360,503124,344292,383964,240632,307817,70126,127965,4136123,3893719,527176,505583,808379,764543,316531,571,519
2021-10-09T23:59:59+02:00,44677,42122,297251,285428,401103,370245,413023,405746,474413,482877,523453,523537,354739,395904,247547,317508,72906,133850,269238,258620,375795,343041,391053,380276,452410,457816,503327,503094,344282,383950,240626,307809,70125,127963,4135620,3893027,527141,505511,808376,764537,316426,571,519
2021-10-08T23:59:59+02:00,44445,41916,296756,285030,400660,369872,412726,405450,474131,482659,523246,523369,354677,395844,247511,317456,72888,133836,268678,258069,375376,342613,390684,379908,452140,457500,503153,502937,344220,383867,240594,307763,70114,127951,4132287,3889265,527013,505348,808372,764518,316033,571,519
2021-10-07T23:59:59+02:00,44071,41501,295808,284193,399915,369122,412110,404847,473642,482187,522849,523053,354550,395672,247413,317343,72853,133772,267355,256729,374431,341472,389905,378937,451455,456790,502621,502455,343976,383592,240452,307590,70056,127861,4125596,3879830,526780,504299,808363,764483,315395,571,518
2021-10-06T23:59:59+02:00,43814,41246,295116,283621,399406,368623,411721,404428,473290,481881,522577,522802,354409,395520,247324,317215,72828,133685,266622,255926,373894,340820,389432,378405,451040,456346,502275,502105,343805,383384,240343,307450,70025,127784,4120793,3873800,526647,504195,808358,764453,314905,571,518
2021-10-05T23:59:59+02:00,43499,40953,294418,282953,398794,368010,411211,403951,472914,481493,522294,522500,354266,395365,247241,317062,72796,133579,265813,255095,373214,340086,388895,377795,450541,455883,501926,501750,343618,383170,240231,307280,69978,127710,4115456,3867417,526509,504055,808351,764431,314178,571,518
2021-10-04T23:59:59+02:00,43225,40715,293609,282271,398100,367438,410737,403495,472516,481110,522004,522236,354134,395196,247167,316939,72762,133487,264921,254166,372507,339319,388309,377205,450070,455353,501550,501384,343426,382941,240075,307113,69938,127626,4110359,3860771,526363,503946,808344,764393,313270,570,518
2021-10-03T23:59:59+02:00,43062,40567,293217,281869,397697,367091,410439,403251,472307,480880,521831,522073,354051,395104,247114,316844,72750,133444,264436,253746,372059,338916,387957,376814,449800,455049,501307,501155,343301,382798,240014,307019,69920,127593,4107561,3857228,526265,503838,808319,764340,312641,570,518
2021-10-02T23:59:59+02:00,43029,40530,293096,281748,397580,367004,410360,403172,472246,480822,521799,522043,354037,395081,247113,316841,72748,133442,264298,253616,371959,338828,387881,376737,449744,454997,501277,501116,343289,382776,240012,307012,69918,127593,4106886,3856539,526188,503781,808317,764317,312495,570,518
2021-10-01T23:59:59+02:00,42818,40275,292489,281201,397031,366516,409915,402794,471921,480563,521541,521864,353953,395007,247084,316793,72737,133425,263644,252972,371472,338400,387504,376365,449424,454680,501054,500922,343213,382710,239987,306967,69909,127576,4103053,3852693,526046,503625,808312,764263,311710,570,518
2021-09-30T23:59:59+02:00,42422,39884,291380,280131,396043,365570,409130,402019,471271,479911,521039,521470,353791,394800,246985,316661,72711,133357,262455,251809,370613,337484,386806,375548,448824,454040,500587,500528,343045,382488,239908,306809,69880,127524,4095513,3845707,525707,502622,808291,764182,310254,569,517
2021-09-29T23:59:59+02:00,42094,39585,290652,279406,395329,364878,408593,401445,470780,479435,520681,521163,353611,394597,246904,316529,72681,133290,261719,251055,369985,336839,386350,374975,448409,453595,500236,500186,342875,382307,239818,306646,69857,127471,4089768,3840312,525551,502474,808283,764115,309240,569,517
2021-09-28T23:59:59+02:00,41764,39278,289787,278581,394540,364174,407993,400884,470260,478934,520302,520807,353402,394376,246807,316378,72640,133188,260856,250269,369282,336203,385843,374453,447968,453140,499883,499841,342694,382103,239724,306501,69831,127415,4083541,3834812,525427,502327,808275,764062,308038,569,517
2021-09-27T23:59:59+02:00,41352,38896,288919,277750,393754,363467,407440,400300,469785,478413,519905,520478,353247,394178,246721,316257,72609,133096,259842,249349,368432,335402,385184,373780,447428,452602,499481,499482,342512,381871,239633,306367,69807,127353,4077914,3828661,525278,502177,808268,763955,306286,569,517
2021-09-26T23:59:59+02:00,40981,38590,288355,277225,393266,363036,407101,399953,469495,478127,519696,520292,353139,394081,246677,316184,72587,133051,259345,248892,367998,335010,384847,373416,447141,452307,499276,499298,342421,381780,239575,306294,69791,127316,4074258,3825724,525138,502030,808244,763841,305375,569,517
2021-09-25T23:59:59+02:00,40927,38530,288186,277058,393114,362916,406984,399866,469404,478045,519635,520248,353128,394061,246668,316175,72585,133048,259182,248740,367854,334887,384727,373319,447072,452207,499214,499264,342401,381757,239565,306281,69791,127314,4073505,3825015,525065,501971,808242,763810,304944,569,517
2021-09-24T23:59:59+02:00,40730,38320,287550,276414,392472,362351,406462,399386,468956,477640,519337,520005,353023,393976,246627,316122,72579,133024,258523,248060,367249,334349,384281,372878,446657,451851,498894,499019,342285,381652,239521,306227,69779,127290,4069764,3821321,524918,501870,808232,763740,303234,569,516
2021-09-23T23:59:59+02:00,40102,37656,285854,274754,391000,361002,405278,398181,467912,476673,518586,519321,352725,393698,246493,315904,72535,132908,257230,246978,366100,333372,383354,372051,445853,451122,498299,498512,342052,381411,239409,306074,69751,127210,4059925,3815289,524511,501597,808221,763641,299094,568,516
2021-09-22T23:59:59+02:00,39768,37342,284855,273783,390153,360157,404533,397416,467248,476069,518051,518877,352497,393429,246381,315704,72486,132823,256456,246234,365355,332692,382730,371456,445342,450602,497837,498166,341850,381202,239306,305937,69717,127147,4053092,3810213,524296,501428,808198,763525,297152,568,516
2021-09-21T23:59:59+02:00,39355,36859,283780,272706,389194,359252,403780,396667,466625,475481,517599,518446,352267,393163,246277,315525,72431,132715,255602,245386,364597,331979,382095,370853,444846,450116,497422,497764,341654,380996,239198,305773,69683,127061,4045524,3804612,524141,501231,808188,763445,295432,568,516
2021-09-20T23:59:59+02:00,39005,36583,282645,271637,388150,358320,402954,395864,465926,474870,517105,517991,352022,392937,246166,315342,72387,132619,254482,244404,363611,331143,381307,370088,444122,449541,496962,497321,341430,380779,239090,305585,69647,126985,4038512,3798143,523998,501057,808174,763241,292998,568,515
2021-09-19T23:59:59+02:00,38844,36449,282055,271228,387578,357832,402550,395468,465583,474557,516839,517761,351935,392812,246126,315261,72375,132580,253969,243969,363108,330720,380884,369754,443755,449199,496678,497102,341323,380651,239032,305499,69636,126954,4035184,3795323,523857,500875,808152,762943,291798,568,515
2021-09-18T23:59:59+02:00,38791,36378,281894,271070,387380,357670,402371,395326,465473,474442,516773,517702,351919,392799,246118,315252,72373,132576,253655,243624,362856,330468,380646,369564,443593,449065,496585,497013,341293,380625,239013,305479,69633,126946,4034240,3793450,523743,500794,808149,762930,291331,568,515
2021-09-17T23:59:59+02:00,38461,36016,280994,270239,386586,356912,401644,394669,464864,473915,516393,517339,351769,392654,246055,315183,72349,132545,252912,242946,362170,329873,380053,369068,443130,448656,496249,496725,341173,380489,238963,305400,69620,126925,4028903,3789689,523411,500394,808139,762899,289285,567,515
2021-09-16T23:59:59+02:00,37894,35426,279414,268690,385237,355459,400444,393353,463854,472933,515622,516646,351451,392326,245927,314996,72301,132452,251769,241939,361218,328946,379232,368213,442462,447969,495736,496281,340945,380267,238864,305272,69590,126863,4018058,3783109,522659,499996,808088,762752,286768,567,515
2021-09-15T23:59:59+02:00,37516,35116,278287,267593,384340,354482,399590,392497,463182,472248,515088,516131,351226,392038,245754,314814,72262,132333,250910,241130,360436,328154,378549,367539,441898,447452,495233,495844,340735,380032,238727,305124,69567,126790,4010522,3777477,522375,499765,808075,762679,284669,567,515
2021-09-14T23:59:59+02:00,37204,34810,277317,266637,383399,353624,398857,391734,462578,471597,514559,515679,350986,391799,245624,314643,72217,132263,250130,240337,359706,327486,377941,366941,441355,446941,494812,495461,340539,379818,238616,304976,69544,126736,4003723,3772370,522047,499542,808046,762531,282853,566,514
2021-09-13T23:59:59+02:00,36818,34415,276079,265377,382453,352584,398082,390856,461881,470880,514036,515176,350764,391548,245503,314490,72178,132190,249005,239284,358891,326703,377339,366287,440796,446416,494351,495081,340345,379594,238516,304828,69513,126682,3995533,3765443,521331,499256,808013,762435,281573,565,514
2021-09-12T23:59:59+02:00,36678,34286,275509,264940,381984,352139,397694,390431,461558,470580,513824,514961,350658,391437,245457,314414,72166,132155,248480,238873,358390,326259,376972,365935,440494,446125,494101,494859,340221,379463,238457,304741,69498,126637,3992362,3762427,521167,499064,807977,762311,280503,565,513
2021-09-11T23:59:59+02:00,36601,34237,275316,264733,381758,351952,397534,390276,461426,470458,513754,514900,350628,391407,245448,314398,72164,132152,248200,238691,358166,326101,376823,365794,440346,446009,494035,494804,340197,379436,238449,304728,69498,126633,3991328,3761345,521079,498931,807970,762290,279899,565,513
2021-09-10T23:59:59+02:00,36277,33908,274242,263742,380805,351055,396659,389469,460627,469781,513197,514452,350421,391208,245360,314286,72146,132123,247295,237988,357341,325366,376040,365170,439654,445486,493548,494424,340036,379280,238368,304625,69476,126602,3986029,3757902,520938,498717,807960,762267,275960,565,513
2021-09-09T23:59:59+02:00,35850,33464,272948,262593,379763,349885,395731,388440,459832,468913,512616,513943,350182,390925,245230,314130,72110,132062,246231,237027,356430,324499,375233,364362,438964,444881,492961,493981,339822,379051,238247,304483,69446,126550,3977912,3751826,520635,498318,807920,762118,273281,558,511
2021-09-08T23:59:59+02:00,35450,33063,271995,261608,378971,349041,395039,387661,459210,468317,512179,513482,349976,390681,245125,313956,72081,132004,245307,236171,355621,323767,374549,363637,438365,444319,492513,493525,339625,378806,238128,304319,69412,126460,3971487,3746140,520413,497999,807870,761984,271196,558,509
2021-09-07T23:59:59+02:00,35075,32729,270972,260686,378142,348262,394394,386987,458682,467796,511734,513085,349784,390469,245025,313789,72048,131932,244432,235388,354818,323084,373903,363080,437861,443813,492069,493136,339417,378593,238040,304182,69385,126408,3965398,3741163,520172,497659,807857,761807,269287,558,509
2021-09-06T23:59:59+02:00,34676,32321,269854,259583,377201,347316,393712,386213,458085,467168,511296,512651,349562,390223,244936,313668,72018,131862,243665,234632,354078,322430,373288,362494,437400,443309,491658,492753,339203,378387,237957,304048,69356,126352,3958199,3736350,520035,497418,807808,761680,267424,558,509
2021-09-05T23:59:59+02:00,34520,32173,269450,259171,376897,346975,393418,385899,457851,466930,511120,512471,349488,390128,244893,313606,72002,131834,243235,234241,353683,322046,372936,362184,437142,443061,491460,492546,339101,378268,237915,303984,69339,126320,3955611,3733725,519934,497143,807781,761545,266621,558,509
2021-09-04T23:59:59+02:00,34461,32135,269284,259042,376778,346849,393290,385795,457776,466845,511068,512425,349476,390110,244887,313594,72002,131833,243068,234098,353524,321883,372789,362067,437051,442959,491395,492498,339079,378248,237907,303972,69339,126319,3954909,3732941,519878,497008,807776,761522,266207,558,509
2021-09-03T23:59:59+02:00,34142,31821,268393,258236,376039,346188,392704,385209,457201,466364,510608,512087,349305,389931,244821,313489,71979,131800,242053,233241,352731,321168,372116,361416,436399,442370,490906,492081,338881,378050,237820,303863,69319,126292,3950556,3728652,519176,495469,807748,761449,263955,558,509
2021-09-02T23:59:59+02:00,33784,31486,267345,257358,375177,345356,391974,384465,456516,465736,510079,511661,349041,389681,244699,313311,71954,131722,241032,232444,351843,320390,371383,360710,435685,441744,490342,491621,338633,377786,237712,303710,69292,126215,3944633,3723469,518892,494987,807713,761128,261219,558,508
2021-09-01T23:59:59+02:00,33459,31121,266501,256521,374421,344685,391444,383919,456050,465255,509699,511318,348863,389488,244611,313194,71930,131662,239947,231387,350984,319538,370701,360018,435071,441139,489820,491137,338401,377519,237579,303553,69264,126160,3939206,3716683,518709,494446,807680,760911,259656,558,504
2021-08-31T23:59:59+02:00,33062,30778,265634,255616,373687,343973,390875,383337,455540,464771,509251,510951,348672,389296,244516,313046,71899,131619,238993,230502,350180,318793,370041,359383,434513,440630,489297,490738,338197,377306,237490,303403,69230,126104,3933693,3711376,518519,494059,807653,760496,257766,557,504
2021-08-30T23:59:59+02:00,32515,30290,264329,254433,372692,343065,390059,382522,454785,464061,508686,510451,348443,389078,244423,312891,71862,131550,237837,229519,349182,317897,369254,358643,433814,440049,488736,490223,337941,377065,237365,303221,69189,126027,3926203,3705341,518403,493616,807608,760242,255024,557,504
2021-08-29T23:59:59+02:00,32326,30099,263762,253925,372217,342651,389680,382186,454490,463772,508456,510230,348346,388969,244374,312826,71852,131526,237121,228884,348575,317354,368758,358174,433388,439672,488425,489961,337797,376911,237305,303147,69171,126002,3923121,3701463,518285,493217,807580,759983,253801,557,504
2021-08-28T23:59:59+02:00,32237,30002,263536,253746,372042,342496,389523,382064,454364,463652,508382,510178,348322,388946,244363,312814,71851,131523,236802,228625,348326,317158,368535,358009,433206,439507,488296,489868,337755,376869,237285,303121,69169,125998,3922083,3699883,518245,493100,807574,759957,253239,557,504
2021-08-27T23:59:59+02:00,32007,29752,262889,253181,371527,341978,389052,381612,453910,463254,508011,509894,348193,388812,244304,312728,71832,131503,236198,228127,347715,316656,368061,357581,432756,439154,487992,489621,337623,376751,237230,303057,69158,125991,3918282,3696676,518177,492886,807515,759896,251563,557,504
2021-08-26T23:59:59+02:00,31625,29366,261882,252204,370679,341159,388298,380869,453225,462575,507461,509413,347960,388552,244183,312611,71804,131443,234725,226767,346488,315469,366945,356587,431885,438350,487321,489045,337339,376430,237067,302888,69128,125945,3912096,3688340,517933,492240,807474,759538,248895,557,502
2021-08-25T23:59:59+02:00,31263,29032,260955,251344,369930,340384,387639,380176,452589,461984,506905,508952,347723,388295,244057,312448,71769,131376,232679,224903,345008,314065,365759,355393,430886,437386,486517,488318,336956,376037,236912,302652,69083,125856,3906375,3676361,517803,491833,807447,759387,246284,555,498
2021-08-24T23:59:59+02:00,30947,28765,260220,250565,369321,339751,387099,379601,452107,461471,506492,508578,347513,388069,243939,312283,71743,131303,231467,223838,344044,313144,364975,354643,430212,436734,485957,487767,336676,375724,236777,302491,69058,125791,3901429,3669171,517516,491386,807426,759083,244482,555,494
2021-08-23T23:59:59+02:00,30424,28237,258831,249245,368294,338837,386265,378809,451326,460787,505842,508010,347231,387788,243800,312095,71716,131244,229985,222522,342733,312078,364024,353791,429348,435975,485253,487198,336371,375390,236641,302301,69032,125731,3893989,3661767,517370,490906,807391,758800,241113,555,493
2021-08-22T23:59:59+02:00,30281,28123,258425,248875,367940,338507,385992,378543,451088,460542,505654,507860,347134,387693,243759,312036,71699,131218,229265,221844,342047,311421,363487,353286,428907,435571,484934,486932,336206,375205,236573,302194,69008,125683,3891768,3657361,517221,490443,807351,758500,240109,555,489
2021-08-21T23:59:59+02:00,30030,27918,257927,248414,367621,338186,385734,378286,450883,460364,505506,507721,347079,387637,243737,311998,71696,131209,228523,221192,341561,311023,363085,352876,428542,435265,484705,486736,336122,375137,236546,302151,69002,125671,3889219,3654391,517077,489237,807343,758444,239386,555,489
2021-08-20T23:59:59+02:00,29837,27720,257267,247754,366881,337562,385058,377757,450289,459868,505032,507400,346934,387478,243682,311901,71680,131174,226716,219576,340149,309829,361967,351921,427585,434466,483985,486187,335878,374887,236444,302031,68977,125641,3885746,3646136,516754,488077,807330,758078,236521,555,489
2021-08-19T23:59:59+02:00,29505,27407,256280,246902,365877,336772,384266,377064,449572,459229,504470,506916,346693,387215,243574,311754,71646,131101,223954,217142,337840,307993,360263,350448,426182,433196,482826,485228,335458,374461,236252,301785,68943,125572,3880212,3631779,516388,486311,807288,757606,233426,555,488
2021-08-18T23:59:59+02:00,29218,27146,255485,246195,365172,336154,383689,376496,448973,458731,503995,506501,346420,386975,243456,311605,71614,131035,221480,214619,335783,306229,358618,348794,424658,431866,481678,484186,334934,373902,236018,301485,68891,125477,3875096,3618493,516208,482360,807259,757227,231366,554,488
2021-08-17T23:59:59+02:00,28899,26870,254697,245478,364552,335471,383126,375942,448482,458246,503563,506080,346217,386764,243338,311475,71587,130983,218730,211866,333707,304399,356928,347332,423222,430588,480554,483194,334441,373361,235782,301192,68837,125401,3870046,3603421,515906,479581,807233,756798,229653,553,487
2021-08-16T23:59:59+02:00,28610,26606,253999,244828,363979,334913,382663,375480,448041,457806,503141,505715,346030,386555,243239,311311,71556,130943,215559,208792,331415,302283,355406,345883,422012,429453,479605,482351,334049,372913,235595,300918,68797,125313,3865622,3586023,515750,478855,807207,756448,227903,553,485
2021-08-15T23:59:59+02:00,28414,26443,253506,244383,363550,334522,382302,375142,447745,457547,502898,505520,345915,386437,243190,311231,71545,130922,211550,204732,329517,300664,354142,344662,420986,428514,478822,481691,333716,372577,235471,300741,68773,125263,3862770,3568396,515607,477943,807168,756122,226734,553,483
2021-08-14T23:59:59+02:00,28346,26384,253259,244186,363317,334346,382128,374992,447587,457418,502780,505413,345866,386405,243173,311208,71542,130917,210479,203626,328694,299900,353422,343983,420490,428054,478433,481369,333576,372448,235434,300684,68764,125246,3861596,3561695,515536,477573,807164,756045,226038,553,483
2021-08-13T23:59:59+02:00,28091,26142,252554,243597,362816,333918,381689,374560,447151,457056,502442,505156,345737,386254,243108,311133,71530,130888,208590,201837,327267,298584,352154,342792,419438,427115,477683,480728,333331,372158,235321,300542,68746,125192,3857776,3549744,515465,476971,807154,755853,224495,549,483
2021-08-12T23:59:59+02:00,27892,25915,251831,242960,362195,333329,381159,374072,446616,456610,502021,504800,345553,386055,243006,311028,71516,130840,205993,199565,324383,296046,350138,340991,417927,425862,476448,479658,332876,371619,235070,300265,68706,125108,3853814,3532313,515278,475763,807117,754826,222254,547,481
2021-08-11T23:59:59+02:00,27658,25668,251096,242270,361568,332749,380632,373592,446153,456183,501612,504370,345328,385814,242890,310893,71488,130785,202950,196579,321198,293104,347963,338922,416424,424453,475163,478367,332333,370976,234821,299857,68655,124979,3848966,3510440,515058,474689,807077,753888,220716,544,480
2021-08-10T23:59:59+02:00,27412,25410,250262,241534,360852,332199,380092,373043,445651,455708,501154,503968,345131,385617,242804,310754,71465,130741,198745,192446,316525,288885,344972,336140,414305,422507,473562,476905,331645,370304,234522,299447,68598,124860,3843864,3480275,514773,473577,807042,752736,219186,542,480
2021-08-09T23:59:59+02:00,27215,25209,249635,240963,360272,331713,379646,372661,445239,455362,500807,503684,344971,385468,242738,310642,71445,130705,194197,187844,310810,284133,342211,333643,412388,420734,471941,475437,330997,369612,234243,299076,68539,124724,3840145,3449869,514595,470795,807012,751640,217690,542,476
2021-08-08T23:59:59+02:00,27044,25051,249153,240552,359877,331358,379296,372369,444935,455104,500565,503492,344863,385360,242675,310562,71428,130672,192847,186473,309182,282792,340896,332479,411512,419977,471370,474918,330734,369342,234112,298906,68513,124674,3837563,3440731,514438,469430,806960,751152,216457,542,476
2021-08-07T23:59:59+02:00,26895,24875,248623,240103,359479,331018,378961,372085,444642,454868,500339,503318,344791,385266,242641,310513,71420,130661,189167,182882,307135,280938,339176,330954,410176,418709,470443,474122,330378,368968,233981,298717,68479,124637,3834705,3421085,514331,468094,806950,750938,215574,542,473
2021-08-06T23:59:59+02:00,26669,24640,247751,239438,358691,330408,378285,371507,443985,454340,499801,502927,344558,385060,242542,310396,71409,130639,185425,179324,303665,278126,337055,329117,408573,417368,469142,473158,329997,368582,233821,298561,68455,124589,3832117,3401761,512964,466363,806938,749838,212089,542,472
2021-08-05T23:59:59+02:00,26347,24316,246573,238500,357792,329530,377459,370773,443242,453655,499133,502384,344273,384757,242426,310221,71368,130576,180942,175374,298271,273706,332933,325548,405765,414875,466885,471370,329329,367876,233555,298189,68394,124478,3825731,3373791,512700,461650,806874,746124,209075,542,471
2021-08-04T23:59:59+02:00,25973,23973,245426,237508,356792,328617,376679,370059,442610,453053,498559,501854,343998,384489,242304,310048,71340,130505,177457,172066,294499,270572,328519,321635,403508,412781,465174,469816,328633,367173,233280,297836,68335,124376,3819208,3346592,512357,459880,806839,744372,206432,538,470
2021-08-03T23:59:59+02:00,25509,23551,244061,236319,355878,327775,375967,369364,441951,452390,497961,501318,343704,384188,242174,309870,71296,130437,173971,168616,290392,266927,323403,317023,400759,410221,462833,467711,327786,366302,232929,297364,68266,124237,3811234,3314455,512195,458000,806795,742298,204537,538,470
2021-08-02T23:59:59+02:00,25191,23245,243007,235355,355028,327016,375266,368764,441378,451841,497435,500869,343442,383913,242056,309714,71270,130378,170329,165019,285688,262952,317524,312065,398004,407661,460597,465716,327012,365465,232633,296964,68203,124119,3804866,3280947,511946,456019,806737,739764,202666,537,468
2021-08-01T23:59:59+02:00,25035,23054,242376,234747,354429,326502,374821,368371,440944,451520,497089,500590,343301,383746,241980,309598,71256,130352,168778,163565,283197,260951,312884,308347,396144,406082,459116,464466,326578,364979,232462,296746,68174,124060,3801178,3263013,511641,453872,806641,737317,201296,534,464
2021-07-31T23:59:59+02:00,24925,22949,242034,234424,354146,326274,374580,368201,440755,451367,496981,500491,343268,383706,241960,309585,71255,130346,165000,159717,280368,258400,310791,306347,394746,404799,457969,463476,326258,364603,232328,296572,68148,124014,3799558,3240061,511451,452933,806635,736523,200647,534,464
2021-07-30T23:59:59+02:00,24635,22689,241233,233706,353568,325743,374088,367735,440292,450964,496619,500201,343130,383565,241915,309506,71242,130330,161249,155945,276966,255282,307760,303523,392513,402681,456120,461888,325746,364069,232118,296280,68115,123956,3795469,3214946,511081,451727,806618,733321,199035,533,463
2021-07-29T23:59:59+02:00,24288,22348,239696,232429,352398,324662,373116,366822,439433,450168,495802,499576,342796,383253,241778,309323,71205,130263,156387,151453,271572,251097,301840,298734,388149,399178,453062,459474,324912,363221,231805,295870,68055,123856,3787869,3180962,510398,446856,806534,728210,195591,532,463
2021-07-28T23:59:59+02:00,23988,22060,238542,231390,351510,323818,372361,366128,438794,449499,495235,499082,342543,382953,241643,309137,71170,130190,152623,147799,267067,247426,297396,294775,384879,396318,450968,457619,324251,362460,231535,295485,67991,123730,3781104,3150185,509857,444929,806456,725562,193663,531,460
2021-07-27T23:59:59+02:00,23715,21833,237532,230413,350666,323076,371655,365534,438205,448882,494707,498623,342298,382648,241509,308941,71134,130091,147589,142666,261132,242282,292088,290003,380858,392613,447782,454801,323259,361355,231168,294978,67899,123571,3774790,3108534,509299,442599,806399,721813,192012,530,458
2021-07-26T23:59:59+02:00,23482,21593,236557,229429,349870,322370,371046,364980,437648,448391,494256,498251,342066,382406,241381,308782,71110,130033,143236,138265,255571,237486,286908,285520,376384,388647,444259,451775,322304,360390,230838,294498,67824,123434,3769088,3069056,508667,440339,806318,717455,190612,528,458
2021-07-25T23:59:59+02:00,23123,21292,235216,228272,348922,321600,370363,364315,437067,447848,493795,497845,341866,382192,241291,308653,71089,129969,141387,136505,252884,235264,284399,283416,374246,386864,442170,449980,321789,359874,230634,294268,67799,123357,3761998,3054018,508289,438150,806250,713093,189210,527,458
2021-07-24T23:59:59+02:00,22874,21094,234284,227410,348197,320946,369787,363791,436538,447409,493433,497567,341750,382093,241247,308591,71086,129958,138489,133700,250147,232938,281830,281196,371984,385005,440930,448992,321438,359536,230489,294089,67780,123323,3757969,3035650,507520,435130,806235,712751,187357,527,458
2021-07-23T23:59:59+02:00,22456,20707,232778,226063,346869,320002,368737,362922,435657,446620,492734,497034,341515,381821,241158,308478,71065,129922,133002,128850,244768,228627,277347,277406,368292,381797,438272,446789,320737,358814,230235,293776,67726,123242,3750481,3000066,507048,433355,806179,710612,183847,527,458
2021-07-22T23:59:59+02:00,21951,20231,230672,224083,345113,318458,367225,361630,434338,445471,491750,496131,341079,381369,240980,308229,71021,129840,128652,124786,238762,224109,270957,272331,361387,376287,432809,442273,319552,357551,229795,293247,67632,123088,3738013,2957937,505458,427363,806049,704288,181058,526,456
2021-07-21T23:59:59+02:00,21443,19712,228783,222258,343410,316922,365602,360053,432760,444081,490522,494958,340526,380846,240732,307943,70967,129745,124885,121213,233296,219862,265419,267800,353242,369343,428196,438528,318431,356401,229332,292680,67551,122908,3726982,2922377,501695,416464,805823,699500,177764,526,454
2021-07-20T23:59:59+02:00,21141,19433,227312,220774,342170,315748,364633,359176,431894,443283,489798,494306,340183,380474,240584,307720,70938,129656,120546,116971,226942,214685,259586,262618,346119,363232,423491,434213,317337,355145,228918,292094,67454,122725,3717621,2878561,501286,409238,805692,695109,175621,526,453
2021-07-19T23:59:59+02:00,20827,19136,225573,219078,340852,314491,363595,358199,431078,442503,489126,493687,339887,380110,240432,307487,70893,129559,117787,114367,222549,211089,254962,258663,342399,360056,420868,432030,316610,354417,228618,291702,67379,122601,3707015,2853479,500861,403852,805599,690781,174031,526,453
2021-07-18T23:59:59+02:00,20673,19003,224277,217804,339231,313050,362522,357270,430257,441779,488586,493144,339653,379824,240303,307307,70871,129497,116285,112975,219884,208905,252604,256558,340145,358201,418830,430335,316119,353928,228457,291484,67358,122534,3697545,2841167,500322,399570,805522,687076,172651,526,450
2021-07-17T23:59:59+02:00,20275,18581,223121,216743,338651,312509,361930,356756,429736,441328,488171,492854,339547,379707,240261,307251,70868,129486,114212,110873,217422,206599,250135,254360,337716,356059,417381,429071,315784,353536,228322,291316,67335,122494,3691964,2823636,500118,396845,805500,686290,171182,523,450
2021-07-16T23:59:59+02:00,19732,18067,220572,214590,336908,311208,360422,355462,428267,440118,487071,491989,339141,379336,240089,307092,70843,129450,111093,108069,212651,202667,245596,250721,333411,352357,414033,426344,314863,352605,227971,290898,67281,122413,3681739,2795926,499358,394482,805338,682475,164905,522,449
2021-07-15T23:59:59+02:00,19090,17440,217788,212161,334998,309502,358832,354019,426924,438929,486124,491135,338740,378908,239886,306835,70801,129345,107182,104840,204266,196411,238095,245109,326797,347110,406952,419884,313120,350788,227421,290227,67209,122214,3666660,2749261,498759,386030,805220,675047,161770,521,449
2021-07-14T23:59:59+02:00,18244,16714,215338,209833,333285,307961,357421,352670,425699,437725,485090,490173,338281,378446,239645,306523,70747,129256,103565,101500,197778,191235,232370,240431,322499,343628,402773,416251,311807,349474,227011,289667,67126,122060,3651688,2715584,498170,380483,805089,668236,159052,520,446
2021-07-13T23:59:59+02:00,17590,16055,213147,207804,331676,306586,356082,351436,424520,436630,484127,489311,337840,377972,239442,306275,70712,129163,99799,97953,191286,185818,225220,234359,315809,337562,394370,408381,310007,347545,226405,288875,67014,121859,3637816,2672709,497611,367796,804927,658751,156958,518,442
2021-07-12T23:59:59+02:00,16570,15120,209859,204616,329613,304849,354501,349964,423273,435423,483141,488405,337422,377498,239262,306045,70673,129085,96698,95228,185994,181508,218235,228675,308964,331520,389266,404101,308274,345675,225811,288142,66915,121688,3619302,2634355,497053,360649,804746,650325,155156,517,441
2021-07-11T23:59:59+02:00,16061,14645,208499,203340,328862,304126,353839,349335,422707,434915,482691,488059,337231,377295,239202,305939,70651,129045,95275,93938,183206,179197,215232,226378,306269,329360,386430,401708,305800,343047,225430,287671,66860,121590,3613033,2619328,496413,358655,804616,639817,153321,512,437
2021-07-10T23:59:59+02:00,15586,14185,206648,201555,327391,302858,352698,348358,421976,434317,482213,487660,337061,377130,239136,305853,70641,129025,93967,92662,180667,177076,212196,223893,303743,327197,385263,400671,305154,342378,225250,287482,66844,121563,3604430,2602504,495769,358424,804379,638067,150647,511,437
2021-07-09T23:59:59+02:00,15262,13905,204740,199710,325782,301396,351626,347393,421070,433603,481641,487182,336853,376906,239039,305732,70626,128991,91175,89934,177135,173845,207844,219734,298719,322589,381817,397686,304056,341146,224944,287115,66806,121499,3595257,2573475,494902,356358,804184,630465,148042,510,437
2021-07-08T23:59:59+02:00,14794,13477,201241,196719,322463,298720,349246,345400,419359,432144,480204,486110,336414,376463,238860,305483,70581,128913,86868,86163,169882,168177,199699,213328,291341,316468,374859,391467,301330,338216,224163,286175,66689,121239,3579876,2527219,490850,347688,803661,620093,143107,508,435
2021-07-07T23:59:59+02:00,14293,13023,197496,192849,319287,295860,346925,343350,417799,430669,479002,485007,335935,375898,238670,305211,70543,128807,83183,82709,162574,162451,190639,206144,283347,309901,367809,384641,298015,334596,223252,285072,66548,120992,3558564,2479189,489481,334239,803274,610085,140161,505,432
2021-07-06T23:59:59+02:00,13834,12650,194058,189468,316025,293120,344448,341062,416082,429104,477731,483871,335433,375340,238472,304919,70490,128722,79609,79125,155893,156931,183221,199931,274398,301943,361316,378546,294816,331347,222366,283980,66439,120763,3538689,2426627,486406,327254,802855,600561,137729,502,432
2021-07-05T23:59:59+02:00,13436,12313,189661,185215,311964,289780,341932,338723,414405,427554,476586,482798,334960,374822,238292,304673,70457,128636,76540,76291,150768,152836,178450,195803,267477,295669,355204,373004,291540,327900,221477,282860,66330,120593,3515807,2387523,485244,322753,802358,590197,133638,499,429
2021-07-04T23:59:59+02:00,13258,12155,185816,181339,309322,287750,340616,337649,413519,426775,476006,482305,334735,374567,238203,304546,70431,128582,74351,74420,147662,150262,176115,193757,265026,293606,352088,370793,288232,324504,220895,282191,66274,120473,3503548,2373722,483951,320452,801790,578656,129121,499,428
2021-07-03T23:59:59+02:00,12062,11100,179380,175337,305053,284287,338279,335477,411700,424967,474790,481248,334335,374121,238029,304298,70407,128539,72569,72840,145234,148379,173675,191672,261959,290877,349805,368936,286476,322518,220627,281829,66242,120424,3477153,2357972,482544,320252,801607,574162,122926,499,428
2021-07-02T23:59:59+02:00,10963,10007,175667,171874,302635,282086,336531,333772,410448,423775,474015,480557,334074,373805,237915,304116,70379,128491,69871,70155,141306,145088,169233,187623,255900,285429,344578,364227,283223,318786,219986,281056,66193,120340,3459045,2324735,481064,317461,801423,561576,120394,497,411
2021-07-01T23:59:59+02:00,9867,9078,171997,168428,298595,278791,334035,331498,408652,422192,472917,479597,333654,373341,237714,303845,70333,128412,64985,65431,134980,139746,161941,181109,245638,276564,333771,354430,278434,313509,218133,278799,66014,120028,3436478,2268339,478966,305098,801076,543845,117237,497,407
2021-06-30T23:59:59+02:00,9378,8684,168723,165343,292968,274165,330362,328161,406882,420646,471893,478626,333231,372857,237522,303545,70299,128323,61852,62581,129336,135067,155296,175111,235584,267414,320359,341146,273219,307959,216242,276476,65846,119706,3411357,2213287,476797,292280,800783,525002,113473,496,405
2021-06-29T23:59:59+02:00,8842,8161,164922,161562,288422,269897,326790,324866,404779,418567,470347,477214,332642,372218,237269,303190,70244,128214,59061,59581,124387,130651,149273,169579,223731,256712,311796,332775,266753,300766,214269,274015,65643,119360,3383826,2153998,474797,287615,800457,507590,109858,494,402
2021-06-28T23:59:59+02:00,8437,7781,161591,158103,283385,265576,323481,322021,402634,416641,468859,475903,332121,371606,237036,302880,70200,128121,56785,57232,120478,127135,144922,165495,214502,248293,306003,327366,261807,295470,212505,271780,65496,119094,3359884,2118252,470826,278993,799798,491063,106646,494,399
2021-06-27T23:59:59+02:00,8289,7658,160083,156577,281280,263766,321676,320485,400935,415282,467961,475185,331828,371313,236933,302717,70181,128072,55586,56124,118353,125422,142351,163363,210389,244905,302634,324504,257994,291460,210045,268868,65385,118899,3349865,2102772,468747,275499,798747,474914,103639,493,397
2021-06-26T23:59:59+02:00,7135,6558,156814,153239,279174,261884,319261,318242,399744,414125,467262,474485,331559,371033,236826,302559,70157,128042,55039,55533,117013,124267,140924,162124,208143,242900,300102,322090,256455,289798,209711,268458,65358,118829,3330721,2085951,465920,275411,798741,472414,103505,471,376
2021-06-25T23:59:59+02:00,5913,5442,152501,148953,275779,258924,317203,316280,398435,412878,466261,473660,331270,370698,236698,302403,70129,127992,53749,53907,114532,121567,136835,157554,199376,234449,294410,316215,254732,287678,209121,267656,65287,118712,3305748,2043430,464491,273716,798685,465832,103278,471,375
2021-06-24T23:59:59+02:00,5051,4654,148053,144820,270945,254975,312923,312498,396240,411002,464884,472522,330846,370234,236529,302165,70095,127905,51099,51310,109401,116844,129493,150904,187326,223994,282991,305981,249352,281834,207286,265310,65084,118312,3274529,1981339,462479,261927,798519,452075,101590,470,374
2021-06-23T23:59:59+02:00,4830,4448,144885,141703,267247,251818,307679,307693,393745,408655,463477,471203,330317,369613,236298,301853,70047,127798,49156,49226,105604,112932,123820,145224,177424,215324,271005,293984,244739,277017,205953,263611,64923,117953,3246959,1924979,458952,252060,798357,441380,99813,468,373
2021-06-22T23:59:59+02:00,4579,4218,141810,138571,263528,248435,301548,302257,391113,406095,461935,469720,329767,369004,236077,301499,70000,127691,47465,47482,101991,109627,119022,140643,164822,204174,260089,283676,240673,272543,204031,261202,64671,117480,3214886,1866570,457018,244343,798163,430422,98537,466,364
2021-06-21T23:59:59+02:00,4320,3973,138546,135628,258819,244527,296299,297389,388068,403219,460461,468368,329249,368443,235854,301184,69959,127579,46232,46254,99604,107406,116282,137936,158601,198398,253202,277037,235319,266703,200092,256676,64484,117103,3183132,1835559,454974,238825,797952,410631,96571,463,363
2021-06-20T23:59:59+02:00,4176,3856,137037,134116,254568,241034,293714,295148,386678,401905,459670,467622,329023,368157,235742,301052,69939,127517,45109,45329,97343,105610,114002,135946,155565,195858,248888,272960,232316,263172,199105,255423,64403,116977,3165652,1815180,453208,235272,797794,402764,95037,461,356
2021-06-19T23:59:59+02:00,3759,3506,134887,132014,251810,238709,291928,293499,384835,400336,458828,466892,328801,367905,235638,300913,69919,127485,44568,44680,96069,104344,112525,134481,154061,194420,245663,269931,231594,262322,198934,255160,64381,116924,3149291,1799191,450384,233690,797785,402482,94932,461,355
2021-06-18T23:59:59+02:00,2807,2594,131604,128871,248288,235658,287915,290086,382435,398211,457488,465731,328424,367504,235483,300677,69892,127436,43781,43764,94491,102563,110230,131810,150508,190385,238803,262638,229868,260317,198448,254520,64306,116790,3123471,1769863,445946,233160,797759,395774,94652,461,354
2021-06-17T23:59:59+02:00,2574,2371,127887,125586,242261,231217,282686,285697,377646,394218,455157,463890,327828,366781,235239,300322,69827,127322,41538,41937,90439,99086,105326,127056,142639,182711,227402,251240,224666,254379,196796,252363,64047,116370,3088651,1714154,442959,229013,797494,384868,90182,402,346
2021-06-16T23:59:59+02:00,2303,2137,124653,122181,237359,226865,277996,281438,372474,389720,452559,461745,327081,365982,234949,299909,69761,127208,39705,40338,86899,96056,100975,123226,134398,175364,215296,239327,218435,247266,194870,250035,63795,115882,3055098,1654331,437421,223404,796995,376770,87574,400,345
2021-06-15T23:59:59+02:00,1915,1805,119732,117308,231373,221716,272643,276450,367408,385091,449710,459326,326211,365006,234596,299396,69679,127024,38089,38723,83574,93008,97006,119172,127340,168986,202939,227293,212403,240473,192908,247602,63485,115312,3010361,1597020,435493,217554,796431,369090,84854,400,342
2021-06-14T23:59:59+02:00,1652,1530,115680,113152,226146,216806,267284,271478,362115,380339,446590,456731,325425,364147,234286,299008,69617,126903,37109,37833,81295,90911,94295,116650,123221,165236,196334,220791,209294,236965,191773,246129,63266,114920,2968214,1567406,433141,215279,796173,361431,82102,398,339
2021-06-13T23:59:59+02:00,1579,1445,114186,111776,223698,214704,264744,269218,359859,378380,445418,455706,325149,363842,234150,298837,69585,126829,36242,37096,79436,89234,92284,114827,120394,162625,192457,217081,206202,233524,190739,244760,63034,114508,2953228,1553389,430701,207998,795869,353203,80041,398,337
2021-06-12T23:59:59+02:00,1430,1307,111533,109027,221801,212974,263358,267941,358420,376978,444521,454937,324861,363533,234058,298734,69567,126801,35873,36691,78446,88139,91031,113528,118814,161063,188891,213779,205167,232395,189340,243103,63024,114476,2937039,1540222,429722,207989,795845,345822,79907,397,336
2021-06-11T23:59:59+02:00,1283,1171,108985,106510,218903,210355,259689,264748,355282,374243,442804,453466,324425,363081,233921,298526,69540,126746,35194,35577,76437,84761,88797,109991,114704,155921,182184,206319,203069,230022,188736,242332,62962,114377,2912609,1512681,426921,207292,795664,332375,79209,396,335
2021-06-10T23:59:59+02:00,1121,1014,104231,102098,212825,205588,252627,258920,349186,368945,438305,449690,323563,362108,233599,298079,69456,126593,33614,34090,72432,80581,83872,104481,108029,147697,169823,192663,196980,223125,187006,240188,62708,113973,2868947,1465465,419814,205548,794826,305351,75062,392,329
2021-06-09T23:59:59+02:00,973,885,100309,98385,206860,200852,245812,253209,342522,362993,434624,446662,322882,361361,233326,297696,69391,126461,32077,32831,69193,77931,80173,101313,103302,143410,158667,181888,186344,211111,185141,237942,62436,113478,2829906,1411355,411286,201566,794309,294068,70405,372,324
2021-06-08T23:59:59+02:00,791,704,95781,93843,200221,195288,238849,247194,334264,355713,429514,441986,322043,360355,232950,297207,69311,126326,31003,31972,66602,75631,76889,98585,98719,139492,151053,174385,177621,201384,183333,235689,62204,113111,2777898,1372094,405518,196648,793719,283197,65887,372,316
2021-06-07T23:59:59+02:00,632,563,92561,90742,194152,190581,232292,241951,326434,349541,426464,439534,321494,359719,232732,296880,69257,126230,30132,31123,64134,73671,73933,96423,94952,136554,142961,166581,173566,196754,181902,233875,61981,112727,2738869,1344934,399350,193344,793149,272072,61060,372,316
2021-06-06T23:59:59+02:00,594,527,90984,89425,190864,188023,228936,239174,322149,346135,425027,438450,321222,359421,232624,296721,69233,126183,29529,30567,62361,71985,71851,94407,91755,133485,137264,160777,171026,194116,180790,232473,61752,112347,2723429,1333059,391953,183636,792662,261622,58308,369,310
2021-06-05T23:59:59+02:00,512,447,89038,87405,185986,183803,226466,237041,320331,344513,424030,437536,320936,359102,232475,296553,69219,126151,29069,29808,61158,70028,70450,92256,90077,131205,132495,155437,168019,190441,180305,231814,61718,112281,2699917,1309405,391822,183168,792541,256199,57918,368,309
2021-06-04T23:59:59+02:00,412,362,86683,84873,182318,180186,222457,233092,316736,340873,421668,435339,320479,358563,232278,296324,69180,126089,28601,29133,60034,68373,69163,90168,88287,128582,129119,151774,163781,185666,179313,230547,61670,112193,2670646,1290527,387994,182393,792423,246121,57489,367,307
2021-06-03T23:59:59+02:00,319,287,83394,81798,176584,175517,215191,226986,309017,334171,413905,428479,319440,357374,231907,295870,69124,125955,27708,28119,58137,66174,66763,87414,84643,124462,122342,145092,157430,178045,177738,228516,61556,111957,2621668,1261268,377739,177053,792000,233367,54530,365,299
2021-06-02T23:59:59+02:00,269,228,81309,79627,172488,171785,211541,223824,305431,330816,411857,426644,319030,356918,231753,295662,69096,125904,27238,27638,57005,65050,65156,86135,82581,122515,117358,140203,149538,169067,177015,227560,61471,111787,2592856,1228999,376352,175079,791973,229748,53610,362,291
2021-06-01T23:59:59+02:00,170,161,77043,75794,164205,165208,202171,216087,296328,322927,403647,418803,317521,355303,231212,294921,68984,125677,25685,26221,52689,62090,60312,82840,77150,118002,109918,132983,138417,155635,174906,224821,61263,111362,2534121,1178766,364703,170966,791214,217962,46710,358,281
2021-05-31T23:59:59+02:00,148,144,74297,73306,158540,160879,194855,210108,288935,316536,397905,413831,316522,354188,230824,294397,68895,125506,24772,25158,50059,59866,57132,80304,73537,114716,105412,128533,134255,150708,173534,223099,61094,111030,2493658,1156301,355306,168598,790570,207562,40849,357,279
2021-05-30T23:59:59+02:00,137,136,73245,72240,156057,158844,192230,207754,286146,314020,396016,412086,316158,353775,230663,294158,68857,125425,24166,24370,48467,58132,55391,78446,71301,112150,102756,125664,132098,148178,172740,222164,61001,110819,2477828,1146504,352783,167287,789936,196190,37961,356,274
2021-05-29T23:59:59+02:00,134,134,72637,71647,154543,157443,189928,205724,284308,312434,395179,411316,315935,353531,230582,294079,68846,125406,23842,23842,47546,56633,54045,76567,69374,109305,100435,122863,129287,144748,172086,221257,60974,110767,2463939,1132861,352622,167220,789870,185651,37936,354,273
2021-05-28T23:59:59+02:00,130,131,71549,70532,152141,155183,186262,202179,281033,309300,393318,409548,315524,353025,230435,293865,68827,125349,23310,22838,45939,54507,52217,74003,67331,105355,96104,116971,124900,139687,171107,219945,60927,110653,2440096,1110188,351568,167006,789661,171136,37559,352,268
2021-05-27T23:59:59+02:00,119,122,68234,67516,145648,150242,178072,195921,274631,304137,387002,403859,314254,351569,229972,293332,68755,125166,21986,21154,42681,51456,48332,70190,62771,99341,89748,109454,120965,135061,168299,216238,60754,110338,2395472,1081713,343942,164269,787847,151047,31827,350,262
2021-05-26T23:59:59+02:00,115,119,66079,65334,140697,146159,171967,190854,267877,298466,380257,397163,312730,349956,229477,292631,68651,124953,21242,20234,40858,49318,45975,67457,59731,95545,85158,104333,115976,129335,164489,210894,60544,109910,2358148,1049726,330735,162688,786024,139572,29099,349,258
2021-05-25T23:59:59+02:00,114,112,64048,63340,136492,142671,166914,186557,260811,292181,374827,391770,311440,348539,229063,291981,68568,124775,20665,19569,39459,47800,44140,65440,57255,92538,81072,99949,111022,123628,158931,203618,60374,109603,2320540,1018080,323226,159264,783483,130340,27467,345,252
2021-05-24T23:59:59+02:00,112,110,62806,62128,133731,140562,163636,184139,253859,286185,369883,387085,310610,347621,228776,291593,68496,124644,20324,19159,38438,46726,42795,63954,55573,90528,78839,97434,109595,121973,158321,202826,60262,109400,2296782,1008706,312103,157960,781673,123652,25921,344,247
2021-05-23T23:59:59+02:00,107,109,62308,61612,132629,139664,162439,183104,252616,285163,368294,385657,309988,346962,228603,291365,68476,124608,20091,18972,37886,46169,42039,63253,54406,89531,77345,96068,108417,120573,157340,201604,60191,109258,2285269,1000512,311515,154881,781629,122051,25791,344,244
2021-05-22T23:59:59+02:00,104,107,61612,60989,131130,138582,160063,181477,249643,282871,365812,383426,309456,346365,228426,291098,68450,124557,19771,18549,37267,45563,41400,62721,53752,88802,76573,94917,106865,118767,156566,200633,60164,109204,2267270,993804,311499,154877,781590,118617,24303,344,244
2021-05-21T23:59:59+02:00,100,103,60280,59546,128220,135986,156771,178152,244402,278102,359712,377736,308520,345270,228130,290700,68389,124449,19410,18182,36653,44796,40746,61667,52798,87409,74848,92617,103622,114813,155426,199182,60072,109028,2231161,980771,309858,154549,780014,112021,24018,340,240
2021-05-20T23:59:59+02:00,91,101,57231,56756,122478,131107,149830,171830,234089,269346,350678,369449,305981,342522,227362,289687,68257,124229,18114,17246,34478,42552,38292,58769,49971,83634,70921,88117,99493,110160,152956,196157,59890,108673,2173121,961426,303188,152597,774057,94358,21121,335,240
2021-05-19T23:59:59+02:00,90,99,55020,54565,117471,126427,142662,165207,223546,259990,340124,358540,303334,339649,226609,288634,68106,123953,17531,16459,33251,40968,36884,56710,47961,80853,67681,84540,95608,105686,149321,191412,59628,108181,2107167,938001,296929,150616,771073,84846,19298,333,225
2021-05-18T23:59:59+02:00,86,94,52921,52602,112686,122167,136281,159631,211976,249628,330241,348735,300661,336680,225726,287432,67955,123699,17013,15852,32036,39503,35528,54912,46149,78440,64792,81314,91597,101145,146122,187338,59415,107747,2047279,917724,287557,147753,767478,76191,17317,329,224
2021-05-17T23:59:59+02:00,83,90,51887,51608,110348,120106,133465,156980,205452,243610,322669,341646,298867,334706,225135,286607,67848,123486,16554,15403,30987,38460,34355,53619,44668,76640,62531,78917,86753,95276,144659,185451,59267,107433,2020460,906011,275245,140280,764052,69501,15259,327,221
2021-05-16T23:59:59+02:00,82,87,51099,50953,108903,118783,131724,155316,202477,240927,315232,334688,297846,333572,224824,286122,67795,123388,16271,15031,30236,37677,33481,52702,43605,75326,61201,77447,83337,91198,143867,184370,59179,107292,2005107,899919,264813,133508,760809,65364,13505,323,217
2021-05-15T23:59:59+02:00,81,87,50561,50320,107902,117792,130708,154202,200539,238990,311663,331477,297225,332886,224628,285851,67775,123324,16132,14868,29983,37370,33196,52270,43120,74679,60352,76462,82740,90382,143350,183702,59143,107245,1988894,894676,264792,133361,759941,64236,12797,321,216
2021-05-14T23:59:59+02:00,80,86,49300,48894,105649,115699,127118,150750,192328,231921,305352,325588,296243,331748,224343,285402,67728,123229,15634,14438,29196,36547,32428,51079,42044,72895,58785,74510,80829,87891,142738,182711,59103,107159,1951616,885014,263092,132485,755397,58810,11752,318,214
2021-05-13T23:59:59+02:00,76,85,47385,46942,101806,112467,122401,146637,182305,223338,294746,315770,293277,328327,223532,284265,67628,123022,14775,13992,28339,35850,31668,50176,41100,71802,57280,72945,77049,83541,139969,179099,58993,106942,1900019,872465,254466,125430,749171,54960,10738,314,209
2021-05-12T23:59:59+02:00,74,83,46475,46230,99890,111037,120334,144974,179753,221228,290012,310443,292115,327059,223292,283945,67590,122937,14609,13841,28018,35631,31265,49888,40653,71427,56738,72378,75701,81909,139189,177965,58907,106782,1876932,866712,252303,123634,748680,54690,9938,310,207
2021-05-11T23:59:59+02:00,70,77,44231,44756,95859,107959,114526,140244,166387,209956,278365,299677,288714,323147,222336,282547,67440,122638,14179,13275,27007,34202,30132,48081,39348,69152,55029,70114,72613,78322,137830,176129,58748,106423,1818075,854421,242587,120946,740175,46826,8458,305,205
2021-05-10T23:59:59+02:00,69,73,42978,43777,93258,105950,111268,137611,158001,202927,270488,292570,286539,320694,221764,281687,67316,122397,13834,12831,26250,33218,29337,46821,38351,67299,53799,68387,70524,75767,136685,174617,58630,106136,1782503,845553,236536,119892,733201,39627,7486,301,197
2021-05-09T23:59:59+02:00,68,73,41855,43005,90574,104194,108603,135843,152990,199506,264964,287622,285296,319306,221388,281160,67250,122251,13518,12611,25557,32549,28609,46019,37559,66339,52869,67445,69294,74366,136088,173780,58575,106005,1763162,840981,229436,118914,727202,34853,6504,296,195
2021-05-08T23:59:59+02:00,67,73,41564,42702,89727,103461,107505,134986,151540,198288,262401,285555,284795,318765,221269,280982,67234,122219,13416,12549,25428,32457,28464,45890,37369,66144,52528,67125,68330,73445,135017,172414,58528,105912,1751099,836362,228926,118168,726976,34076,6490,288,182
2021-05-07T23:59:59+02:00,65,72,40639,41985,87789,102122,104676,132770,146919,194482,256145,280042,283455,317166,220922,280527,67181,122097,12670,12068,24601,31722,27700,44830,36505,64882,51344,65613,66079,70756,132788,169590,58438,105735,1725302,826675,225715,115897,722853,27290,5539,282,178
2021-05-06T23:59:59+02:00,61,71,37996,40261,83039,98662,98682,128012,136730,185966,239701,265628,278331,311369,219635,278838,67007,121783,11984,11550,23661,30618,26703,43480,35149,62883,49610,63636,63591,67626,130676,166825,58324,105517,1659730,815574,215807,112788,711952,18925,4626,268,176
2021-05-05T23:59:59+02:00,59,68,36108,39062,79382,96080,94081,124366,128910,179430,224950,251587,272149,304231,218062,276846,66761,121260,11751,11274,23115,29893,26100,42558,34225,61481,48456,62221,60975,64513,127731,163122,58226,105265,1593537,803264,210725,109218,705912,14952,3554,267,172
2021-05-04T23:59:59+02:00,59,66,35003,37954,76658,93756,90572,121324,123338,174699,214321,241319,266664,297784,216621,275002,66552,120792,11588,11070,22707,29351,25639,41786,33503,60390,47347,60949,58257,61330,125366,160185,58076,105029,1544479,791365,205602,106581,699833,11806,2904,263,170
2021-05-03T23:59:59+02:00,58,64,34132,36903,74366,91934,87696,118974,118902,171056,207662,235320,263388,293921,215821,273913,66431,120496,11340,10799,22313,28774,25156,41086,32816,59426,46322,59809,55463,57986,121589,155288,57819,104591,1512725,775494,202490,104866,694899,9050,1251,259,167
2021-05-02T23:59:59+02:00,58,64,33777,36588,73190,91028,86221,117882,116474,169189,204569,232805,262427,292832,215534,273504,66364,120388,11268,10726,22124,28560,24925,40802,32474,59018,45869,59335,54273,56525,118517,151607,57735,104460,1502111,770464,199693,99301,691027,8150,388,255,162
2021-05-01T23:59:59+02:00,57,64,33458,36209,72428,90234,85148,116839,115003,167823,201483,229776,261735,292007,215324,273224,66353,120349,11254,10710,22071,28530,24864,40764,32412,58961,45787,59258,54031,56233,118359,151411,57726,104443,1487007,769155,199685,99261,690760,8102,381,254,162
2021-04-30T23:59:59+02:00,54,62,32914,35608,71220,89010,83685,115107,111219,164254,194083,222657,259744,289637,214876,272614,66293,120241,10933,10514,21711,28252,24588,40339,32084,58399,45325,58627,53135,55069,117407,150225,57671,104324,1454091,765477,199358,97270,689962,5763,180,252,160
2021-04-29T23:59:59+02:00,52,61,31413,34656,68296,86981,80051,112500,106103,160140,181264,211106,251806,280535,213680,270982,66158,119898,10625,10299,21237,27804,24159,39842,31500,57659,44522,57696,51302,52873,115559,147987,57571,104129,1399170,756642,192073,94602,684590,3448,158,242,158
2021-04-28T23:59:59+02:00,51,59,30178,34046,66426,85669,77572,110678,102677,157283,171577,201930,240948,267937,212399,269296,65962,119572,10439,10138,20936,27449,23794,39372,31076,56998,43796,56869,49177,50251,112978,144748,57446,103917,1346509,747074,188708,90046,679222,2227,128,236,150
2021-04-27T23:59:59+02:00,48,58,29420,33361,64851,84204,75559,108868,99914,154886,166854,197205,232441,258128,211252,267681,65842,119349,10314,10027,20655,27159,23557,39042,30716,56499,43108,56180,47168,47707,110338,141313,57327,103717,1312462,737254,186402,86037,671233,1508,127,231,141
2021-04-26T23:59:59+02:00,47,58,28990,32976,63750,83317,74057,107702,97626,153172,158234,189200,228248,253282,210543,266684,65749,119150,10220,9937,20437,26971,23321,38828,30419,56157,42491,55608,45361,45558,108441,138833,57231,103563,1283502,729290,184957,82936,664506,1129,122,225,138
2021-04-25T23:59:59+02:00,47,57,28738,32736,62973,82790,72993,106965,95894,151943,152850,184330,223915,248400,209953,265903,65683,119027,10164,9903,20359,26893,23233,38745,30311,56030,42331,55449,44949,45061,107760,137928,57203,103492,1270724,727624,178820,81172,655834,998,119,222,137
2021-04-24T23:59:59+02:00,47,56,28394,32309,62031,81566,71808,105517,94345,150283,147941,179181,221126,245066,209483,265229,65649,118977,10150,9884,20318,26851,23180,38678,30230,55944,42181,55313,44705,44753,107508,137631,57182,103464,1245842,726530,178790,80472,654550,955,118,221,135
2021-04-23T23:59:59+02:00,45,56,27648,31687,60465,80056,70016,103497,91757,147640,143156,174783,216573,239516,208828,264241,65586,118862,10097,9820,20208,26764,23049,38528,29997,55735,41818,54982,44090,43993,106446,136342,57026,103189,1220949,723175,177606,77994,646023,903,117,218,132
2021-04-22T23:59:59+02:00,43,55,27033,31086,58930,78620,67549,101282,87630,144148,135118,167292,207545,228521,206786,261612,65387,118466,9972,9724,19958,26467,22695,38095,29485,55223,41071,54348,42933,42679,104454,133890,56797,102792,1179425,715695,170154,74097,637687,782,117,213,128
2021-04-21T23:59:59+02:00,43,51,26537,30564,57597,77516,65667,99653,84587,141508,127934,160475,194466,213185,204638,258725,65161,118040,9840,9638,19726,26216,22407,37770,29129,54772,40519,53814,42084,41661,102259,131100,56542,102378,1127920,709136,167267,70006,631320,710,117,209,121
2021-04-20T23:59:59+02:00,42,50,26111,30093,56432,76370,63990,98069,82037,138936,122846,155408,182990,199725,202211,255589,64924,117609,9736,9548,19506,26028,22115,37499,28716,54354,39980,53282,41267,40729,100039,128113,56205,101841,1085268,701578,163780,66758,624542,630,115,206,112
2021-04-19T23:59:59+02:00,42,49,25745,29734,55458,75549,62703,96889,79907,137011,119321,152024,177234,192884,200501,253354,64739,117277,9628,9455,19275,25808,21871,37225,28401,53963,39467,52750,40470,39821,96929,124128,55800,101127,1060697,691193,161949,64340,617940,593,114,196,112
2021-04-18T23:59:59+02:00,41,44,25437,29472,54691,75004,61580,95942,78047,135584,115955,149630,172127,187327,199488,252124,64627,117084,9554,9380,19086,25632,21694,37060,28185,53687,39208,52500,40142,39438,95716,122580,55617,100826,1046703,687324,160281,62411,607379,578,114,193,111
2021-04-17T23:59:59+02:00,40,43,25328,29379,54320,74806,61064,95589,77394,134984,115106,148890,167871,182441,198954,251398,64593,117019,9509,9321,18948,25445,21507,36830,27957,53413,38944,52233,39843,39114,94950,121656,55552,100742,1035811,683309,160253,62097,603314,566,114,192,111
2021-04-16T23:59:59+02:00,40,43,24953,29129,53331,74197,59776,94711,75767,133654,110955,144749,160222,173667,197295,249196,64485,116810,9303,9146,18554,25011,20921,36256,26848,52508,36920,50634,36528,36167,91761,118130,55150,100087,1009889,668213,159460,55182,593791,537,113,189,110
2021-04-15T23:59:59+02:00,37,39,24477,28680,52080,73030,57813,92987,72491,130815,105497,139475,152363,164695,192641,243325,64188,116194,9129,8983,18185,24588,20429,35594,26170,51710,35529,49404,34418,34116,88642,114390,54642,99229,977704,655091,157407,49591,575872,487,112,187,106
2021-04-14T23:59:59+02:00,35,36,24138,28353,51145,72092,56470,91598,70103,128653,101497,135708,143167,154318,184900,233446,63846,115527,8721,8711,17709,24082,19894,34947,25260,50832,34239,48285,32373,31963,85663,110740,54150,98367,939824,640187,154738,45369,560626,392,111,182,105
2021-04-13T23:59:59+02:00,35,36,23899,28135,50448,71557,55524,90768,68468,127239,97774,132271,131345,141195,178508,225119,63508,114937,8486,8538,17363,23672,19469,34410,24594,50039,33170,47266,30990,30602,83506,108346,53791,97822,906575,630828,150222,40978,544125,270,111,179,104
2021-04-12T23:59:59+02:00,35,35,23690,27946,49893,71046,54658,90037,66997,125949,95143,129949,124233,133162,175284,221169,63237,114446,8249,8350,16998,23374,19097,33973,24123,49506,32503,46638,29463,29063,81841,106408,53464,97301,890161,622384,148677,37723,528229,256,109,175,102
2021-04-11T23:59:59+02:00,34,35,23515,27784,49365,70625,53927,89582,65854,125143,93285,128470,118745,127143,171366,216565,63067,114150,8114,8216,16701,23095,18779,33661,23765,49125,32057,46253,28828,28398,80824,105160,53255,96983,882686,617091,144267,35899,511868,242,104,169,99
2021-04-10T23:59:59+02:00,34,35,23454,27727,49198,70488,53727,89422,65524,124873,92762,128035,116661,124611,169925,214715,63025,114050,7526,7609,15811,22308,17821,32819,22645,48092,30944,45257,28167,27687,78734,102552,52988,96547,875686,601766,143411,35520,509338,238,98,169,99
2021-04-09T23:59:59+02:00,33,35,23205,27477,48696,69998,53088,88733,64526,123746,90937,126129,107830,113665,166543,210305,62826,113692,6566,6708,14281,20985,16101,31263,20502,46125,28734,43247,26390,25863,75229,98368,52443,95707,856247,574300,136354,34005,499038,226,87,164,96
2021-04-08T23:59:59+02:00,33,35,22908,27232,48119,69509,52333,88035,63217,122661,88518,123965,97518,101660,160996,203452,62496,113123,5922,6119,13092,19964,14842,29924,18864,44412,26246,40916,23372,22895,70570,92582,51291,93942,837548,542704,127460,32074,480986,198,78,162,94
2021-04-07T23:59:59+02:00,31,34,22596,27005,47311,69047,51403,87420,61829,121676,85376,121520,88328,91368,153992,194663,62202,112565,5542,5797,12432,19288,14027,29099,17825,43362,24342,39026,20840,20370,66607,87810,50294,92324,817134,519239,121858,29603,459564,171,71,155,89
2021-04-06T23:59:59+02:00,30,34,22387,26844,46780,68663,50812,86896,60797,120901,83265,119778,80571,82559,147625,186700,61857,111937,5347,5638,12079,18930,13674,28667,17290,42800,23485,38218,19713,19340,63449,83710,49373,90938,797851,505874,118647,26654,442133,160,65,149,86
2021-04-05T23:59:59+02:00,30,33,22288,26719,46468,68316,50423,86496,60250,120208,82086,118626,76091,77460,142624,180595,61656,111621,5207,5500,11818,18678,13380,28354,16967,42424,23039,37757,19252,18871,60565,80153,48672,89872,788407,496532,116894,23860,426886,156,61,145,86
2021-04-04T23:59:59+02:00,30,33,22239,26659,46347,68044,50252,86182,59969,119707,81576,117994,74648,75753,141920,179622,61619,111540,5202,5492,11800,18664,13368,28337,16948,42407,22943,37685,18846,18550,59127,78310,48465,89561,785867,491745,116786,23857,421686,149,56,142,83
2021-04-03T23:59:59+02:00,30,33,22177,26578,46224,67935,50088,86007,59653,119395,81008,117415,73302,74118,140804,178086,61536,111391,5193,5483,11787,18645,13345,28317,16915,42360,22837,37610,18711,18400,58776,77744,48376,89414,779503,489956,116744,23857,419738,147,55,141,83
2021-04-02T23:59:59+02:00,30,33,22099,26493,46063,67768,49870,85759,59183,118943,80129,116603,71747,72232,138523,175100,61340,111031,5173,5446,11739,18602,13290,28235,16826,42211,22565,37136,18355,18037,56439,74864,47564,88313,770376,481484,114968,23215,417810,147,51,139,81
2021-04-01T23:59:59+02:00,27,31,21904,26289,45647,67248,49223,85019,58308,118004,78248,114934,68483,68803,134433,169921,61022,110461,5026,5302,11465,18337,13066,27999,16505,41902,22060,36696,17530,17290,51581,68814,45877,85842,758726,463369,108867,21843,410623,135,46,136,80
2021-03-31T23:59:59+02:00,27,31,21575,26070,45246,66722,48725,84367,57578,117066,77089,113692,66435,66484,129671,163798,60618,109738,4948,5250,11366,18216,12905,27848,16266,41633,21471,36184,16403,16389,46357,62391,44493,83849,748956,444983,101695,20918,404496,132,41,134,75
2021-03-30T23:59:59+02:00,27,30,21398,25848,44846,66104,48219,83570,56867,116014,75951,112313,64593,64464,125289,158047,60150,108839,4881,5165,11261,18090,12712,27658,15938,41311,20897,35637,15570,15587,43596,58980,43381,82054,738767,433131,97470,19552,396559,105,34,127,73
2021-03-29T23:59:59+02:00,26,30,21200,25610,44384,65555,47743,82881,56132,114935,74717,110879,62101,61716,118548,149420,59380,107445,4783,5092,11156,17974,12559,27493,15693,40991,20438,35171,14922,15046,41002,55994,42274,80227,718229,421926,94048,18871,390654,90,32,125,72
2021-03-28T23:59:59+02:00,26,30,20994,25319,43885,64866,47227,82137,55453,113928,73773,109771,60843,60284,113842,143452,58936,106686,4728,5033,11011,17824,12301,27193,15501,40746,20271,34938,14682,14801,39930,54584,41924,79687,711693,417615,86740,17548,383248,69,32,122,66
2021-03-27T23:59:59+01:00,26,30,20874,25161,43592,64503,46863,81609,54952,113242,73097,109033,59688,59200,112355,141742,58869,106604,4715,5021,10984,17805,12283,27163,15139,40316,19870,34501,14391,14591,39445,53896,41451,78870,706416,413561,86036,16895,379215,65,32,121,64
2021-03-26T23:59:59+01:00,26,29,20623,24649,42786,62801,45893,79583,53616,110220,71081,105418,57675,57311,109601,138500,58541,106087,4696,4988,10961,17753,12213,27072,15061,40206,19529,33904,13920,13938,36370,50047,39393,75616,695002,399018,82718,16676,366944,53,29,121,64
2021-03-25T23:59:59+01:00,26,26,20191,23977,41911,61040,44798,77032,52103,106693,68693,101656,55077,54675,106288,134535,57971,105094,4650,4933,10870,17650,12093,26927,14880,39987,19254,33597,13449,13448,32525,44991,36392,71068,683575,380653,78523,16092,349914,48,26,118,64
2021-03-24T23:59:59+01:00,26,26,19787,23529,41128,59767,43778,75494,50722,104767,66591,99327,52293,51760,102037,129437,57330,104018,4595,4867,10777,17508,11926,26723,14650,39701,18887,33179,12994,13001,29957,41785,33282,66236,670768,365111,73647,15001,337632,41,21,114,63
2021-03-23T23:59:59+01:00,26,26,19540,23227,40567,58851,43053,74399,49684,103251,64927,97468,50000,49418,99286,126226,56773,103179,4536,4796,10678,17383,11780,26539,14406,39389,18476,32791,12498,12497,27522,38675,29586,60317,662627,347489,70304,14424,327201,40,20,112,63
2021-03-22T23:59:59+01:00,26,26,19318,22810,39924,57967,42386,73359,48739,101865,63453,95834,48174,47532,96891,123487,56301,102408,4479,4750,10590,17267,11649,26361,14248,39148,18235,32490,12185,12124,25682,36317,25599,53858,656318,331156,67501,13869,316911,35,20,109,62
2021-03-21T23:59:59+01:00,26,26,19179,22551,39431,57212,41835,72515,48086,100709,62509,94600,47129,46509,95248,121637,55931,101831,4463,4741,10554,17219,11602,26275,14188,39061,18154,32389,12065,11990,25252,35867,25245,53298,653737,328956,65473,13456,307982,34,18,107,58
2021-03-20T23:59:59+01:00,25,26,19121,22407,39219,56718,41595,71954,47775,100074,62067,93999,46475,45743,92650,118407,55642,101345,4454,4732,10545,17207,11574,26258,14146,39026,18075,32314,11911,11830,24611,35095,24481,52214,647268,325254,65025,13268,303174,34,18,107,58
2021-03-19T23:59:59+01:00,24,25,18765,21841,38087,54592,40313,69961,46038,97987,59186,91243,42037,41871,87431,112642,54940,100267,4432,4718,10512,17156,11509,26146,14054,38854,17840,32015,11561,11548,22939,33036,22795,49651,629514,315914,57813,12906,290148,29,17,103,58
2021-03-18T23:59:59+01:00,24,24,18371,21192,36911,52437,38775,67170,43883,93514,55343,85448,38009,38072,82701,107168,53852,98614,4412,4689,10446,17053,11431,25991,13909,38667,17627,31814,11327,11365,21694,31519,21079,47052,612595,307838,52071,12293,267062,27,16,102,56
2021-03-17T23:59:59+01:00,24,23,17945,20840,36185,51519,38008,66213,42803,92156,53554,83622,35333,35284,78684,102346,52911,97142,4389,4661,10384,16959,11357,25858,13797,38479,17431,31622,11089,11140,20444,30101,19487,44645,595928,300316,47666,11583,261212,24,16,99,56
2021-03-16T23:59:59+01:00,24,23,17586,20421,35437,50450,37195,65018,41705,90483,51717,81637,33132,33270,74653,97388,52031,95828,4339,4610,10311,16829,11265,25705,13697,38242,17298,31378,10915,10959,19165,28574,18004,42317,582666,292518,42981,11148,252562,24,12,98,55
2021-03-15T23:59:59+01:00,24,23,17306,20057,34727,49471,36403,63829,40799,89004,50455,80035,31408,31434,71367,93295,51336,94696,4317,4575,10245,16706,11199,25505,13580,37954,17150,31108,10750,10801,18434,27609,16744,40455,571538,286696,39653,10502,244694,24,2,95,55
2021-03-14T23:59:59+01:00,24,22,17037,19631,33872,48261,35503,62511,39740,87178,49199,78307,30243,30196,69374,90734,50892,94020,4293,4556,10200,16629,11143,25363,13520,37732,17060,30946,10678,10715,18254,27329,16482,39893,564422,285499,37774,9371,234765,15,0,91,55
2021-03-13T23:59:59+01:00,24,22,16221,18570,32372,46223,33928,60372,37700,84097,47062,75748,28894,28843,67358,88106,50623,93629,4293,4556,10198,16623,11140,25356,13511,37725,17053,30937,10643,10684,17506,26444,15437,38442,548064,281253,37490,9370,224436,15,0,91,55
2021-03-12T23:59:59+01:00,23,21,15123,17195,29931,43571,31262,57232,34835,79242,43848,71284,26056,25650,63053,82805,49639,92227,4280,4523,10179,16561,11122,25306,13467,37607,16963,30807,10368,10456,16616,25197,14366,36918,520025,275452,36179,9359,206980,12,0,89,54
2021-03-11T23:59:59+01:00,22,21,14080,15735,27676,40877,28939,54047,32243,74852,40094,66392,22654,22173,57041,75496,47713,89399,4239,4482,10099,16442,11009,25081,13350,37297,16797,30502,10067,10245,15985,24355,13699,35643,487980,271454,34588,7920,187055,9,0,86,50
2021-03-10T23:59:59+01:00,22,21,13485,15035,26267,39264,27285,52228,30680,72532,37577,63268,19904,19619,51129,68366,46162,87070,4205,4438,10000,16275,10890,24830,13202,36879,16598,30129,9825,10062,15242,23582,13039,34618,461567,266721,32543,7176,175971,7,0,84,48
2021-03-09T23:59:59+01:00,21,20,13203,14569,25141,38224,25868,51042,29616,70881,36197,61433,18720,18494,47626,63931,45042,85280,4180,4412,9915,16108,10786,24571,13049,36562,16422,29892,9701,9959,14578,22745,12539,33844,447975,263005,30010,6342,167477,7,0,84,46
2021-03-08T23:59:59+01:00,20,20,12871,13960,24061,37112,24600,49905,28681,69400,34961,59818,17647,17614,43506,58946,43815,83296,4165,4376,9853,15910,10683,24307,12916,36204,16292,29628,9617,9875,14082,22140,12224,33401,432518,259811,28011,5950,159854,2,0,83,45
2021-03-07T23:59:59+01:00,20,20,12637,13667,23469,36259,23902,49028,28079,68531,34350,59056,17383,17363,42436,57493,43449,82734,4153,4363,9831,15868,10656,24233,12886,36034,16235,29514,9595,9846,13884,21886,12089,33198,427747,258753,26196,5607,156083,0,0,79,45
2021-03-06T23:59:59+01:00,20,20,12524,13375,23067,35526,23368,48238,27030,66998,33249,57291,16995,17033,41791,56603,43150,82267,4150,4349,9820,15841,10638,24199,12876,35993,16217,29483,9577,9806,13838,21848,11986,32987,423680,258376,26132,5323,148882,0,0,77,43
2021-03-05T23:59:59+01:00,20,20,12111,12771,22383,34324,22684,47009,26274,65370,32014,54872,16347,16199,38330,52297,40995,78823,4123,4302,9750,15741,10588,24051,12808,35798,16130,29278,9483,9736,13653,21635,11614,32377,408482,256685,24680,4474,139823,0,0,77,41
2021-03-04T23:59:59+01:00,18,20,11352,11760,21196,32597,21471,44958,24917,62719,30319,52519,15618,15478,34328,47136,37919,74143,4074,4211,9636,15449,10485,23692,12675,35266,15988,28877,9305,9583,13495,21425,11529,32231,390053,253632,22605,4381,125949,0,0,77,38
2021-03-03T23:59:59+01:00,16,20,11042,11265,20509,31377,20697,43597,24009,60969,29274,50877,15138,14976,31716,43816,34832,69373,4033,4148,9555,15279,10406,23440,12569,34844,15808,28530,9120,9457,13369,21207,11384,31960,374607,250987,21809,4215,117226,0,0,73,35
2021-03-02T23:59:59+01:00,16,20,10781,10837,19864,30406,19984,42579,23223,59582,28301,49600,14512,14329,29042,40450,30947,63159,3985,4076,9493,15113,10337,23174,12464,34411,15707,28221,8995,9354,13229,21018,11308,31815,356427,248577,20300,4214,111038,0,0,72,35
2021-03-01T23:59:59+01:00,14,19,10609,10578,19351,29602,19421,41695,22635,58510,27587,48477,14095,13876,26970,37868,26682,56269,3969,4026,9438,14958,10273,22876,12383,34036,15602,27899,8911,9292,13048,20748,11192,31632,339199,246158,19185,4214,106003,0,0,71,35
2021-02-28T23:59:59+01:00,13,19,10440,10376,18883,28953,18884,40956,22153,57657,27097,47683,13887,13633,26363,37207,26277,55666,3953,4012,9412,14925,10254,22825,12366,33966,15575,27853,8884,9268,12917,20569,11129,31483,336730,245304,18326,4177,101217,0,0,71,34
2021-02-27T23:59:59+01:00,13,18,10261,9861,18555,28088,18626,40171,21870,56673,26772,46894,13616,13332,25697,36412,25357,54250,3940,4000,9390,14904,10222,22777,12327,33884,15529,27779,8863,9253,12897,20546,11107,31463,332842,244943,17604,4028,96142,0,0,71,34
2021-02-26T23:59:59+01:00,12,17,9465,9079,17657,26649,17844,37969,20941,53829,25314,44078,13151,12931,24111,34426,23830,51946,3859,3932,9312,14743,10148,22524,12247,33518,15415,27487,8784,9173,12831,20479,11068,31393,323725,243049,17350,3955,82290,0,0,71,32
2021-02-25T23:59:59+01:00,12,17,8308,8226,16342,25041,16579,35715,19707,50942,23607,41295,12675,12531,22834,32838,22331,49664,3735,3787,9146,14427,9928,21919,11993,32665,15090,26833,8588,9022,12568,20154,10928,31124,316111,238901,16575,3097,66089,0,0,68,31
2021-02-24T23:59:59+01:00,11,16,7943,7701,15689,24009,15953,34480,18993,49431,22820,40097,12282,12196,21534,31344,20652,47036,3663,3719,9005,14137,9751,21464,11789,32039,14828,26300,8447,8884,12426,19981,10863,30913,307890,236132,15608,2166,58797,0,0,68,30
2021-02-23T23:59:59+01:00,11,16,7460,7222,14874,22833,15267,33261,18273,48024,22102,39027,11971,11873,20198,29775,19041,44490,3622,3643,8885,13935,9612,21066,11600,31459,14530,25798,8279,8740,12298,19770,10791,30675,299791,233292,14809,1501,51222,0,0,67,28
2021-02-22T23:59:59+01:00,10,14,7353,7016,14492,22216,14916,32536,17808,47016,21606,38293,11769,11622,19450,28764,17725,42536,3593,3541,8748,13644,9450,20564,11345,30714,14161,25200,8032,8546,12099,19517,10685,30368,293914,229980,14199,315,47130,0,0,65,28
2021-02-21T23:59:59+01:00,10,14,7263,6890,14170,21770,14497,31954,17392,46366,21168,37800,11663,11520,19288,28550,17478,42202,3554,3501,8664,13520,9372,20348,11273,30422,14040,24932,7973,8484,12043,19408,10614,30204,292769,228139,13829,299,43496,0,0,63,28
2021-02-20T23:59:59+01:00,10,14,7146,6840,14045,21690,14381,31819,17273,46215,21009,37617,11564,11436,18506,27632,16420,40731,3551,3495,8654,13512,9362,20327,11259,30397,14026,24921,7968,8475,11979,19344,10560,30136,288507,227756,13632,298,42305,0,0,63,26
2021-02-19T23:59:59+01:00,8,13,6844,6589,13691,21252,14010,31151,16800,45419,20304,36748,10962,11034,17461,26305,15264,39126,3471,3472,8578,13484,9319,20269,11221,30304,13968,24827,7926,8415,11759,19072,10367,29807,282134,226052,13256,297,37685,0,0,60,24
2021-02-18T23:59:59+01:00,8,13,6447,6116,13064,20108,13370,29780,15984,43552,19430,35171,10733,10817,16868,25552,14687,38238,3286,3335,8244,12945,9025,19519,10871,29262,13599,23998,7722,8107,11173,18120,9870,28653,278549,217522,12675,297,28805,0,0,59,23
2021-02-17T23:59:59+01:00,8,12,6281,5773,12619,19228,12880,28590,15282,41831,18783,33845,10502,10564,16112,24738,13910,37051,3036,3175,7904,12429,8725,18729,10504,28215,13212,23146,7489,7872,10618,17268,9434,27838,273881,209386,11943,293,22272,0,0,57,23
2021-02-16T23:59:59+01:00,8,12,5955,5471,12083,18396,12379,27520,14738,40458,18189,32812,10348,10461,15445,23910,13401,36265,2854,3055,7601,11976,8418,18005,10108,27124,12754,22248,7220,7579,9906,16097,8709,26286,270355,199887,11446,137,16137,0,0,55,23
2021-02-15T23:59:59+01:00,8,12,5849,5290,11787,17751,12112,26737,14391,39465,17843,32044,10221,10350,14886,23258,13041,35728,2765,2974,7408,11654,8200,17498,9805,26278,12404,21566,6952,7295,9213,15039,8198,25006,267260,192249,10844,91,12759,0,0,52,22
2021-02-14T23:59:59+01:00,8,12,5581,5175,11538,17481,11888,26304,14159,39018,17652,31767,10176,10300,14652,22918,12876,35335,2715,2936,7294,11487,8072,17292,9629,25946,12225,21264,6857,7171,8991,14656,8011,24470,266257,189011,9910,89,10763,0,0,51,22
2021-02-13T23:59:59+01:00,8,12,5521,5137,11488,17444,11857,26272,14131,38986,17632,31748,10162,10272,14625,22885,12862,35317,2711,2933,7289,11480,8060,17270,9612,25911,12198,21220,6826,7137,8835,14444,7659,23841,266012,187503,9906,8,10532,0,0,50,20
2021-02-12T23:59:59+01:00,8,11,5004,4819,10919,17081,11540,25720,13813,38343,17301,31108,10052,10165,14444,22672,12781,35208,2660,2900,7194,11322,7960,17039,9465,25520,11985,20773,6643,6902,8472,13884,7066,22503,264323,182367,9895,6,6861,0,0,49,20
2021-02-11T23:59:59+01:00,8,11,4542,4518,10333,16400,11127,24912,13336,37083,16813,30250,9737,9904,14162,22224,12500,34522,2491,2626,6595,10130,7272,15304,8603,22901,10931,18688,5990,6192,7425,12271,6253,20189,261092,163939,8253,3,3127,0,0,47,15
2021-02-10T23:59:59+01:00,8,11,4295,4350,9998,15952,10819,24375,13025,36200,16399,29501,9519,9768,13980,22018,12408,34315,2128,2334,5658,8664,6466,13263,7616,19992,9803,16646,5446,5605,6438,10609,5481,18138,258439,144367,7753,2,838,0,0,44,3
2021-02-09T23:59:59+01:00,8,10,4231,4251,9874,15685,10710,23972,12851,35580,16187,29028,9340,9627,13784,21806,12265,34091,1732,1981,4875,7395,5693,11470,6700,17477,8721,14649,4874,4979,5391,9053,4749,16026,255981,125836,6974,1,434,0,0,43,3
2021-02-08T23:59:59+01:00,8,10,4197,4196,9780,15474,10601,23610,12732,35121,16042,28669,9246,9560,13582,21522,12156,33894,1567,1786,4315,6399,5029,9896,5882,14948,7705,12792,4321,4450,4416,7461,3987,13938,253600,108957,6459,1,428,0,0,41,3
2021-02-07T23:59:59+01:00,8,10,4032,4129,9623,15339,10499,23445,12652,34859,15930,28476,9205,9514,13436,21339,12082,33750,1352,1541,3896,5725,4615,9017,5457,13786,7220,11832,4068,4192,4187,7066,3827,13343,252503,101187,5914,1,0,0,0,37,2
2021-02-06T23:59:59+01:00,8,10,4023,4120,9612,15323,10486,23410,12630,34809,15912,28419,9186,9501,13418,21304,11976,33552,1200,1346,3663,5420,4430,8592,5240,13202,6941,11278,3934,4060,4061,6917,3549,12886,252160,96780,5628,1,0,0,0,37,1
2021-02-05T23:59:59+01:00,8,9,3950,4052,9540,15180,10420,23160,12545,34441,15798,28136,9102,9428,13346,21233,11627,32956,1059,1116,3382,4975,4171,8010,4925,12424,6559,10550,3679,3816,3903,6685,3041,11996,250282,90348,4736,0,0,0,0,37,1
2021-02-04T23:59:59+01:00,8,9,3892,3927,9419,14863,10243,22612,12358,33644,15581,27574,8981,9317,13121,20940,11512,32749,797,784,2558,3724,3237,6269,3975,9883,5240,8335,3006,3104,3288,5701,2653,10507,246327,73105,4511,0,0,0,0,35,1
2021-02-03T23:59:59+01:00,8,9,3823,3855,9316,14641,10139,22274,12225,33133,15432,27156,8872,9202,12981,20765,11435,32580,662,616,1930,2809,2502,4841,3005,7590,4014,6284,2193,2232,2395,4215,1922,7859,243596,55102,4339,0,0,0,0,34,1
2021-02-02T23:59:59+01:00,8,9,3755,3759,9217,14447,10041,21896,12084,32568,15230,26704,8746,9086,12859,20553,11352,32313,526,486,1462,2077,1911,3640,2261,5774,2997,4701,1552,1534,1633,2777,1338,5221,240379,39912,4337,0,0,0,0,32,1
2021-02-01T23:59:59+01:00,7,9,3715,3669,9139,14216,9934,21511,11947,31932,15047,26201,8626,8939,12750,20409,11303,32134,391,352,1019,1433,1260,2427,1473,3785,1866,2977,984,979,966,1692,765,3021,237240,25401,4337,0,0,0,0,30,1
2021-01-31T23:59:59+01:00,7,9,3696,3633,9085,14107,9865,21306,11878,31635,14944,26005,8570,8880,12698,20297,11258,32005,361,331,897,1243,1070,2054,1272,3232,1633,2608,886,888,865,1508,694,2714,235745,22265,4221,0,0,0,0,29,1
2021-01-30T23:59:59+01:00,7,9,3695,3630,9075,14094,9852,21283,11865,31615,14932,25991,8566,8875,12629,20228,11192,31927,345,307,837,1159,1013,1930,1208,3042,1558,2470,858,862,846,1468,679,2661,235425,21251,4128,0,0,0,0,29,1
2021-01-29T23:59:59+01:00,7,9,3635,3615,9015,14065,9823,21231,11832,31539,14884,25924,8542,8852,12443,20004,11011,31684,278,224,716,985,869,1570,1054,2653,1347,2146,769,771,798,1414,661,2608,234204,18869,3999,0,0,0,0,28,1
2021-01-28T23:59:59+01:00,7,8,3517,3528,8811,13677,9604,20718,11600,30957,14557,25429,8406,8750,12011,19385,10654,31104,131,57,297,362,377,612,462,1149,614,959,402,423,464,813,376,1571,229415,9073,3398,0,0,0,0,26,0
2021-01-27T23:59:59+01:00,7,8,3285,3393,8519,13259,9304,20095,11216,30123,14170,24691,8189,8538,11460,18581,10231,30341,80,33,204,224,244,415,306,801,435,657,305,307,343,605,281,1149,222707,6392,2787,0,0,0,0,26,0
2021-01-26T23:59:59+01:00,6,8,3121,3295,8237,12921,9041,19526,10912,29367,13774,24056,7951,8316,10884,17667,9585,29191,75,29,189,214,228,381,290,748,404,597,291,281,316,542,254,1019,215995,5861,1946,0,0,0,0,26,0
2021-01-25T23:59:59+01:00,6,8,3032,3201,7954,12440,8751,18823,10526,28368,13296,23292,7671,8115,10268,16849,9128,28290,67,21,168,192,194,322,251,627,353,494,254,236,262,464,205,832,209693,4945,409,0,0,0,0,23,0
2021-01-24T23:59:59+01:00,6,8,2988,3180,7869,12360,8677,18698,10417,28208,13167,23109,7627,8079,10202,16736,9080,28194,66,20,164,188,192,309,248,605,344,480,245,232,260,457,201,817,208383,4831,305,0,0,0,0,23,0
2021-01-23T23:59:59+01:00,6,8,2987,3179,7868,12357,8673,18688,10415,28194,13161,23104,7620,8076,10078,16569,8752,27608,65,20,164,187,192,308,246,605,342,480,245,232,260,457,201,815,207125,4822,303,0,0,0,0,21,0
2021-01-22T23:59:59+01:00,6,8,2924,3133,7744,12243,8590,18546,10305,28021,13080,22990,7589,8041,9879,16267,8234,26585,65,20,163,187,192,308,246,605,341,480,245,232,260,457,201,815,203972,4820,302,0,0,0,0,17,0
2021-01-21T23:59:59+01:00,6,8,2842,2963,7245,11330,8107,17400,9768,26396,12476,21775,7307,7718,9247,15332,7721,25547,59,18,147,173,175,276,220,530,304,440,221,207,233,380,176,693,192971,4255,302,0,0,0,0,15,0
2021-01-20T23:59:59+01:00,6,8,2481,2617,6362,9918,7361,15446,8816,23567,11368,19704,6707,7070,8153,13566,6906,23322,57,18,146,168,172,274,211,516,291,418,209,200,227,355,162,655,173154,4082,298,0,0,0,0,15,0
2021-01-19T23:59:59+01:00,6,8,2042,2262,5461,8530,6500,13555,7799,20787,10101,17467,5957,6192,6775,11390,5886,20287,41,12,97,124,118,168,148,353,192,290,133,114,141,238,114,489,150850,2773,217,0,0,0,0,15,0
2021-01-18T23:59:59+01:00,5,8,1770,1974,4703,7146,5547,11324,6602,17193,8678,14750,5078,5313,5397,9142,4817,16821,22,7,39,46,53,78,65,162,76,146,59,53,66,131,62,221,126232,1287,93,0,0,0,0,15,0
2021-01-17T23:59:59+01:00,4,8,1496,1684,4190,6352,5039,10193,6065,15626,8039,13488,4741,4967,5022,8470,4489,15816,8,2,9,15,16,28,20,50,29,57,24,23,20,31,13,47,115652,392,88,0,0,0,0,14,0
2021-01-16T23:59:59+01:00,4,7,1330,1481,3974,6031,4859,9756,5806,14962,7711,12794,4551,4740,4808,8194,4137,15213,0,0,0,1,1,2,1,1,1,2,0,1,1,0,0,1,110399,12,8,0,0,0,0,13,0
2021-01-15T23:59:59+01:00,4,7,1180,1255,3720,5610,4604,9190,5517,14123,7305,11994,4260,4445,4620,7885,3600,14168,0,0,0,0,0,0,0,0,0,0,0,0,0,0,0,0,103528,0,4,0,0,0,0,13,0
2021-01-14T23:59:59+01:00,3,4,906,944,2975,4424,3739,7373,4574,11379,5912,9649,3463,3577,3882,6662,3120,12377,0,0,0,0,0,0,0,0,0,0,0,0,0,0,0,0,84997,0,0,0,0,0,0,13,0
2021-01-13T23:59:59+01:00,3,3,771,791,2501,3692,3155,6149,3802,9436,4819,7771,2593,2662,2925,5077,2390,9460,0,0,0,0,0,0,0,0,0,0,0,0,0,0,0,0,68028,0,0,0,0,0,0,12,0
2021-01-12T23:59:59+01:00,2,3,639,659,2093,3028,2599,4999,3045,7596,3799,6105,1862,1844,2000,3442,1694,6459,0,0,0,0,0,0,0,0,0,0,0,0,0,0,0,0,51902,0,0,0,0,0,0,0,0
2021-01-11T23:59:59+01:00,1,1,495,524,1744,2451,2084,3997,2359,5774,2826,4431,1199,1139,1200,2028,935,3683,0,0,0,0,0,0,0,0,0,0,0,0,0,0,0,0,36895,0,0,0,0,0,0,0,0
2021-01-10T23:59:59+01:00,1,1,438,455,1483,2025,1745,3274,1952,4789,2349,3713,1058,1013,1056,1780,834,3230,0,0,0,0,0,0,0,0,0,0,0,0,0,0,0,0,31211,0,0,0,0,0,0,0,0
2021-01-09T23:59:59+01:00,1,1,407,410,1359,1848,1599,2984,1799,4341,2164,3382,986,944,1001,1727,816,3187,0,0,0,0,0,0,0,0,0,0,0,0,0,0,0,0,28969,0,0,0,0,0,0,0,0
2021-01-08T23:59:59+01:00,1,1,310,281,1109,1502,1320,2312,1478,3561,1793,2765,852,836,913,1603,768,3031,0,0,0,0,0,0,0,0,0,0,0,0,0,0,0,0,24446,0,0,0,0,0,0,0,0
2021-01-07T23:59:59+01:00,1,0,145,76,401,507,484,795,596,1373,783,1202,467,481,561,964,465,1911,0,0,0,0,0,0,0,0,0,0,0,0,0,0,0,0,11215,0,0,0,0,0,0,0,0
2021-01-06T23:59:59+01:00,1,0,111,44,271,286,311,518,400,930,533,824,360,359,424,748,358,1444,0,0,0,0,0,0,0,0,0,0,0,0,0,0,0,0,7925,0,0,0,0,0,0,0,0
2021-01-05T23:59:59+01:00,1,0,87,31,192,231,245,430,321,821,450,702,344,345,407,716,351,1390,0,0,0,0,0,0,0,0,0,0,0,0,0,0,0,0,7067,0,0,0,0,0,0,0,0
2021-01-04T23:59:59+01:00,1,0,69,25,175,193,203,336,258,639,356,511,269,253,288,518,234,933,0,0,0,0,0,0,0,0,0,0,0,0,0,0,0,0,5263,0,0,0,0,0,0,0,0
2021-01-03T23:59:59+01:00,1,0,67,21,168,188,198,321,256,622,347,494,261,251,284,505,232,916,0,0,0,0,0,0,0,0,0,0,0,0,0,0,0,0,5134,0,0,0,0,0,0,0,0
2021-01-02T23:59:59+01:00,1,0,67,21,168,188,198,321,253,622,344,494,261,251,284,505,232,915,0,0,0,0,0,0,0,0,0,0,0,0,0,0,0,0,5127,0,0,0,0,0,0,0,0
2021-01-01T23:59:59+01:00,1,0,66,21,167,188,198,319,252,622,341,492,261,251,284,504,232,915,0,0,0,0,0,0,0,0,0,0,0,0,0,0,0,0,5116,0,0,0,0,0,0,0,0
2020-12-31T23:59:59+01:00,1,0,66,21,166,186,198,318,251,621,340,491,261,251,284,504,232,915,0,0,0,0,0,0,0,0,0,0,0,0,0,0,0,0,5108,0,0,0,0,0,0,0,0
2020-12-30T23:59:59+01:00,1,0,65,21,166,185,196,315,250,619,339,489,261,251,284,504,231,915,0,0,0,0,0,0,0,0,0,0,0,0,0,0,0,0,5094,0,0,0,0,0,0,0,0
2020-12-29T23:59:59+01:00,1,0,46,13,118,140,147,212,182,445,239,375,179,163,196,375,170,713,0,0,0,0,0,0,0,0,0,0,0,0,0,0,0,0,3715,0,0,0,0,0,0,0,0
2020-12-28T23:59:59+01:00,1,0,25,9,65,77,82,122,101,253,118,232,98,93,104,200,102,388,0,0,0,0,0,0,0,0,0,0,0,0,0,0,0,0,2071,0,0,0,0,0,0,0,0
2020-12-27T23:59:59+01:00,0,0,12,3,18,26,37,47,36,89,37,95,33,29,41,73,31,145,0,0,0,0,0,0,0,0,0,0,0,0,0,0,0,0,752,0,0,0,0,0,0,0,0
