Datum,<15_m,<15_w,15-24_1_m,15-24_1_w,25-34_1_m,25-34_1_w,35-44_1_m,35-44_1_w,45-54_1_m,45-54_1_w,55-64_1_m,55-64_1_w,65-74_1_m,65-74_1_w,75-84_1_m,75-84_1_w,>84_1_m,>84_1_w,<24_2_m,<24_2_w,25-34_2_m,25-34_2_w,35-44_2_m,35-44_2_w,45-54_2_m,45-54_2_w,55-64_2_m,55-64_2_w,65-74_2_m,65-74_2_w,75-84_2_m,75-84_2_w,>84_2_m,>84_2_w,bp_1,bp_2,mo_1,mo_2,az_1,az_2,ja,unb_1,unb_2
2021-09-11T23:59:59+02:00,36437,34078,275083,264338,381316,351625,397418,390466,461504,470746,514213,515375,351229,391877,246086,315170,72459,132656,247707,238101,357391,325390,376239,365528,439986,445823,493872,494568,340236,379216,238496,304642,69536,126530,3992922,3757540,521374,498685,809774,762435,278702,533,439
2021-09-10T23:59:59+02:00,36126,33762,274043,263382,380403,350772,396573,389682,460737,470105,513677,514944,351031,391685,246002,315061,72441,132625,246827,237422,356595,324680,375475,364912,439318,445321,493399,494201,340082,379068,238415,304540,69514,126499,3987892,3754238,521232,498474,809768,762413,274851,533,439
2021-09-09T23:59:59+02:00,35724,33351,272824,262313,379425,349690,395720,388715,459995,469296,513124,514460,350805,391418,245879,314912,72406,132569,245815,236502,355723,323845,374722,364142,438665,444733,492834,493776,339867,378850,238293,304401,69478,126440,3980358,3748418,520932,498080,809735,762271,272298,526,437
2021-09-08T23:59:59+02:00,35329,32959,271876,261341,378654,348855,395038,387939,459385,468702,512690,514005,350601,391178,245775,314741,72377,132520,244904,235663,354934,323124,374055,363439,438078,444187,492390,493326,339671,378606,238172,304235,69443,126346,3974024,3742837,520712,497767,809683,762140,270240,526,437
2021-09-07T23:59:59+02:00,34964,32634,270878,260428,377853,348092,394404,387278,458861,468190,512253,513620,350412,390964,245678,314576,72344,132452,244045,234893,354150,322454,373428,362897,437585,443691,491951,492942,339469,378392,238080,304095,69414,126291,3968050,3737926,520474,497432,809670,761970,268380,526,437
2021-09-06T23:59:59+02:00,34574,32232,269791,259355,376942,347170,393738,386516,458289,467574,511824,513199,350196,390722,245591,314453,72317,132384,243301,234154,353430,321813,372828,362311,437137,443198,491545,492571,339258,378187,237992,303962,69385,126234,3960988,3733153,520337,497183,809626,761850,266608,526,437
2021-09-05T23:59:59+02:00,34423,32087,269397,258951,376648,346834,393458,386210,458056,467341,511649,513020,350124,390628,245547,314392,72301,132359,242875,233762,353044,321435,372489,362006,436879,442955,491345,492366,339153,378066,237946,303898,69367,126199,3958453,3730535,520244,496916,809599,761719,265821,526,437
2021-09-04T23:59:59+02:00,34365,32050,269243,258826,376530,346710,393336,386109,457982,467259,511598,512972,350113,390610,245541,314380,72301,132358,242716,233619,352888,321278,372347,361889,436789,442855,491280,492318,339131,378046,237938,303886,69367,126198,3957773,3729764,520188,496781,809593,761699,265421,526,437
2021-09-03T23:59:59+02:00,34047,31742,268367,258029,375796,346060,392752,385530,457410,466784,511142,512638,349944,390433,245477,314275,72278,132326,241715,232779,352107,320580,371685,361249,436152,442275,490791,491906,338935,377852,237851,303776,69345,126171,3953460,3725517,519520,495316,809563,761626,263178,526,437
2021-09-02T23:59:59+02:00,33693,31415,267335,257166,374958,345243,392038,384798,456736,466164,510618,512219,349681,390187,245356,314102,72252,132249,240701,231987,351239,319825,370962,360551,435447,441656,490228,491446,338687,377590,237738,303619,69317,126091,3947643,3720362,519238,494837,809527,761308,260490,525,437
2021-09-01T23:59:59+02:00,33367,31050,266498,256337,374216,344574,391511,384252,456270,465686,510238,511878,349503,389993,245267,313986,72228,132189,239617,230938,350388,318983,370285,359854,434845,441050,489706,490961,338456,377327,237603,303455,69288,126036,3942234,3713581,519056,494304,809495,761091,258946,525,434
2021-08-31T23:59:59+02:00,32970,30709,265636,255440,373499,343869,390950,383677,455770,465209,509798,511514,349310,389802,245171,313839,72197,132150,238668,230062,349598,318247,369628,359217,434296,440546,489188,490559,338245,377108,237503,303304,69254,125976,3936771,3708265,518867,493919,809469,760680,257090,525,434
2021-08-30T23:59:59+02:00,32427,30230,264350,254282,372522,342969,390142,382874,455025,464508,509240,511023,349081,389590,245078,313686,72161,132081,237523,229089,348612,317370,368847,358482,433603,439974,488632,490048,337987,376868,237377,303121,69213,125898,3929403,3702294,518751,493475,809423,760429,254374,525,434
2021-08-29T23:59:59+02:00,32241,30042,263785,253782,372053,342559,389762,382541,454730,464221,509011,510802,348983,389480,245029,313621,72151,132056,236812,228461,348008,316829,368348,358014,433178,439599,488323,489788,337841,376715,237316,303044,69193,125872,3926345,3698434,518634,493075,809396,760171,253155,525,434
2021-08-28T23:59:59+02:00,32152,29950,263561,253605,371879,342406,389606,382420,454605,464103,508938,510752,348959,389457,245018,313609,72150,132053,236495,228205,347760,316639,368129,357852,432996,439434,488196,489696,337799,376673,237296,303018,69191,125868,3925320,3696868,518594,492960,809390,760145,252600,525,434
2021-08-27T23:59:59+02:00,31922,29701,262910,253041,371367,341893,389135,381971,454153,463707,508571,510470,348830,389324,244958,313522,72131,132031,235891,227710,347151,316142,367658,357424,432549,439083,487892,489449,337664,376555,237243,302953,69180,125861,3921533,3693671,518525,492746,809326,760084,250933,525,434
2021-08-26T23:59:59+02:00,31545,29315,261907,252066,370528,341080,388388,381233,453474,463035,508028,509988,348598,389065,244835,313405,72102,131970,234423,226369,345937,314967,366560,356437,431679,438292,487226,488876,337384,376238,237080,302783,69150,125816,3915391,3685414,518281,492109,809279,759727,248285,525,433
2021-08-25T23:59:59+02:00,31187,28985,260993,251218,369791,340316,387741,380543,452845,462449,507479,509539,348361,388810,244708,313244,72067,131902,232386,224509,344462,313572,365379,355244,430683,437328,486426,488153,336997,375847,236923,302542,69105,125726,3909758,3673463,518155,491700,809251,759575,245686,524,430
2021-08-24T23:59:59+02:00,30888,28729,260275,250462,369196,339700,387212,379980,452374,461954,507085,509181,348157,388593,244600,313085,72040,131831,231183,223457,343506,312659,364604,354494,430015,436683,485870,487605,336721,375534,236787,302380,69080,125662,3905002,3666322,517868,491249,809232,759272,243911,524,425
2021-08-23T23:59:59+02:00,30372,28207,258894,249158,368173,338788,386387,379198,451597,461274,506439,508618,347879,388312,244463,312896,72013,131772,229710,222147,342198,311601,363652,353645,429153,435933,485167,487036,336415,375202,236648,302190,69054,125602,3897638,3658953,517726,490772,809194,758988,240550,524,425
2021-08-22T23:59:59+02:00,30232,28094,258491,248794,367825,338463,386113,378935,451364,461029,506254,508471,347784,388217,244423,312837,71997,131746,228996,221476,341517,310947,363115,353144,428712,435529,484846,486771,336251,375021,236580,302082,69030,125554,3895458,3654570,517579,490315,809155,758689,239544,524,424
2021-08-21T23:59:59+02:00,29985,27891,257997,248334,367511,338142,385861,378678,451160,460853,506105,508332,347728,388161,244401,312799,71994,131737,228256,220824,341034,310550,362720,352735,428347,435224,484619,486577,336166,374953,236553,302039,69024,125542,3892925,3651612,517436,489111,809148,758633,238827,524,424
2021-08-20T23:59:59+02:00,29795,27694,257337,247679,366776,337524,385188,378151,450568,460361,505635,508013,347585,388005,244346,312703,71977,131702,226458,219215,339637,309367,361605,351782,427394,434423,483901,486028,335926,374703,236451,301920,68999,125512,3889477,3643401,517119,487959,809135,758267,235974,524,424
2021-08-19T23:59:59+02:00,29470,27384,256359,246838,365793,336747,384409,377466,449856,459734,505078,507530,347346,387746,244239,312556,71943,131629,223699,216785,337339,307549,359900,350306,425992,433154,482749,485059,335507,374278,236259,301674,68964,125442,3884036,3629057,516759,486200,809101,757797,232892,523,423
2021-08-18T23:59:59+02:00,29187,27122,255564,246136,365102,336139,383835,376898,449259,459239,504607,507124,347074,387507,244120,312407,71911,131563,221237,214271,335290,305791,358261,348656,424469,431829,481604,484016,334985,373721,236024,301373,68912,125347,3878958,3615815,516584,482257,809077,757417,230839,523,423
2021-08-17T23:59:59+02:00,28871,26847,254782,245424,364489,335467,383278,376352,448779,458764,504180,506707,346875,387299,244003,312278,71884,131511,218489,211527,333223,303962,356573,347192,423035,430554,480482,483023,334492,373179,235786,301078,68858,125270,3873987,3600761,516284,479484,809050,756983,229132,523,422
2021-08-16T23:59:59+02:00,28585,26586,254088,244776,363920,334910,382814,375892,448341,458324,503760,506341,346690,387091,243906,312113,71853,131471,215331,208465,330932,301852,355056,345748,421831,429425,479528,482183,334100,372734,235598,300803,68818,125181,3869585,3583419,516129,478757,809025,756632,227384,523,421
2021-08-15T23:59:59+02:00,28391,26424,253601,244335,363499,334517,382460,375557,448044,458069,503521,506149,346576,386976,243856,312032,71842,131450,211327,204413,329043,300240,353798,344535,420812,428489,478745,481525,333766,372397,235477,300626,68794,125131,3866773,3565851,515989,477846,808989,756308,226210,523,420
2021-08-14T23:59:59+02:00,28325,26367,253359,244137,363268,334341,382286,375407,447888,457940,503404,506042,346527,386944,243838,312009,71839,131445,210258,203313,328229,299479,353083,343864,420320,428031,478356,481203,333626,372268,235439,300569,68785,125114,3865605,3559178,515918,477479,808985,756232,225520,523,420
2021-08-13T23:59:59+02:00,28070,26124,252654,243549,362770,333915,381849,374977,447454,457579,503067,505785,346398,386794,243773,311933,71827,131417,208374,201529,326806,298169,351822,342673,419274,427093,477606,480564,333382,371978,235326,300425,68767,125061,3861798,3547258,515848,476881,808975,756041,223982,517,420
2021-08-12T23:59:59+02:00,27872,25899,251929,242913,362150,333330,381320,374493,446926,457138,502647,505428,346214,386593,243672,311831,71813,131369,205785,199260,323925,295642,349814,340876,417763,425847,476374,479496,332926,371438,235075,300148,68727,124976,3857851,3529862,515661,475677,808938,755016,221753,517,418
2021-08-11T23:59:59+02:00,27638,25649,251197,242224,361531,332756,380797,374015,446467,456716,502239,505002,345987,386352,243555,311695,71785,131317,202749,196280,320746,292708,347646,338806,416264,424445,475091,478205,332381,370794,234825,299738,68676,124846,3853029,3508023,515446,474608,808898,754081,220217,515,417
2021-08-10T23:59:59+02:00,27396,25391,250365,241494,360825,332212,380260,373470,445970,456242,501784,504606,345794,386155,243469,311557,71762,131273,198553,192161,316083,288506,344667,336034,414150,422501,473493,476743,331693,370122,234526,299327,68619,124726,3847959,3477919,515165,473496,808862,752929,218706,515,417
2021-08-09T23:59:59+02:00,27203,25189,249741,240925,360249,331739,379823,373091,445567,455898,501441,504321,345637,386004,243402,311448,71741,131236,194015,187572,310383,283755,341908,333545,412243,420729,471870,475277,331040,369428,234246,298956,68560,124589,3844293,3447560,514986,470708,808830,751836,217213,515,415
2021-08-08T23:59:59+02:00,27035,25034,249260,240523,359860,331388,379479,372802,445268,455645,501200,504127,345530,385897,243339,311368,71724,131203,192667,186204,308760,282422,340602,332387,411373,419976,471306,474762,330780,369160,234119,298788,68535,124538,3841761,3438479,514831,469348,808777,751360,215978,515,415
2021-08-07T23:59:59+02:00,26885,24860,248732,240069,359463,331051,379143,372519,444975,455409,500975,503954,345458,385803,243304,311319,71716,131192,188997,182615,306718,280573,338886,330866,410043,418711,470380,473969,330423,368788,233988,298598,68501,124501,3838905,3418879,514724,468017,808767,751146,215096,515,412
2021-08-06T23:59:59+02:00,26661,24625,247858,239406,358682,330442,378475,371941,444318,454882,500439,503563,345222,385597,243205,311203,71705,131170,185262,179066,303262,277779,336765,329034,408443,417373,469079,473005,330042,368403,233827,298442,68476,124453,3836329,3399610,513364,466287,808755,750052,211611,515,411
2021-08-05T23:59:59+02:00,26340,24301,246680,238473,357786,329576,377658,371215,443579,454207,499772,503025,344936,385296,243088,311027,71664,131106,180785,175120,297885,273391,332656,325483,405638,414878,466821,471212,329370,367695,233561,298070,68415,124341,3829989,3371698,513104,461583,808692,746347,208607,515,411
2021-08-04T23:59:59+02:00,25967,23957,245531,237484,356789,328666,376883,370503,442949,453602,499201,502499,344662,385026,242967,310855,71636,131036,177309,171819,294123,270262,328250,321578,403383,412785,465113,469658,328671,366996,233284,297716,68356,124239,3823496,3344548,512760,459816,808656,744595,205967,506,410
2021-08-03T23:59:59+02:00,25501,23536,244162,236296,355882,327832,376174,369809,442292,452941,498603,501965,344366,384726,242838,310677,71592,130968,173827,168376,290026,266623,323144,316970,400637,410225,462774,467555,327826,366129,232933,297246,68287,124099,3815516,3312447,512600,457940,808617,742521,204092,506,410
2021-08-02T23:59:59+02:00,25184,23229,243106,235331,355033,327076,375478,369208,441723,452397,498076,501514,344104,384452,242719,310522,71566,130909,170190,164781,285332,262664,317267,312013,397885,407672,460534,465562,327055,365295,232634,296846,68223,123980,3809154,3278985,512350,455952,808560,739993,202226,506,407
2021-08-01T23:59:59+02:00,25030,23040,242476,234725,354438,326568,375040,368818,441289,452077,497732,501236,343966,384288,242643,310404,71552,130882,168636,163331,282844,260669,312637,308294,396025,406096,459056,464314,326628,364810,232463,296629,68194,123921,3805490,3261091,512047,453807,808468,737546,200857,506,405
2021-07-31T23:59:59+02:00,24920,22935,242134,234405,354157,326344,374801,368650,441100,451924,497624,501136,343933,384250,242623,310391,71551,130876,164865,159489,280020,258125,310551,306295,394627,404812,457909,463326,326310,364434,232329,296455,68168,123875,3803879,3238176,511858,452869,808463,736755,200211,506,405
2021-07-30T23:59:59+02:00,24632,22676,241339,233690,353582,325811,374311,368183,440637,451520,497263,500844,343795,384109,242578,310312,71538,130860,161124,155721,276621,255013,307523,303475,392396,402694,456061,461741,325801,363901,232116,296162,68134,123816,3799797,3213087,511491,451664,808446,733560,198603,506,405
2021-07-29T23:59:59+02:00,24285,22335,239800,232420,352419,324730,373344,367273,439783,450726,496448,500216,343461,383797,242440,310129,71501,130793,156266,151241,271241,250831,301613,298692,388041,399200,453003,459328,324967,363055,231803,295750,68072,123717,3792212,3179156,510812,446805,808363,728452,195166,505,405
2021-07-28T23:59:59+02:00,23984,22048,238644,231378,351532,323886,372586,366582,439144,450060,495881,499726,343208,383498,242306,309943,71466,130720,152509,147596,266750,247167,297178,294739,384774,396340,450916,457480,324305,362296,231534,295364,68008,123592,3785452,3148432,510272,444884,808282,725815,193240,504,402
2021-07-27T23:59:59+02:00,23712,21824,237634,230402,350688,323144,371886,365991,438558,449445,495352,499267,342965,383193,242172,309748,71430,130621,147485,142468,260829,242023,291873,289977,380754,392636,447732,454663,323317,361192,231168,294857,67917,123434,3779155,3106826,509717,442558,808224,722073,191591,503,401
2021-07-26T23:59:59+02:00,23480,21585,236662,229425,349897,322441,371282,365437,438002,448954,494900,498897,342734,382953,242044,309591,71406,130563,143136,138076,255280,237237,286701,285500,376290,388677,444217,451635,322361,360228,230836,294377,67842,123297,3773475,3067402,509083,440301,808142,717722,190204,502,401
2021-07-25T23:59:59+02:00,23121,21284,235318,228268,348955,321675,370601,364777,437423,448414,494442,498493,342536,382740,241956,309460,71385,130499,141290,136326,252599,235023,284200,283399,374156,386902,442135,449851,321846,359714,230633,294148,67817,123221,3766407,3052426,508701,438107,808076,713368,188812,502,401
2021-07-24T23:59:59+02:00,22872,21087,234388,227407,348233,321024,370023,364249,436894,447975,494081,498215,342419,382642,241913,309398,71382,130488,138393,133527,249862,232701,281636,281182,371897,385044,440896,448863,321495,359377,230488,293969,67798,123187,3762386,3034077,507933,435095,808060,713027,186958,502,401
2021-07-23T23:59:59+02:00,22455,20700,232880,226067,346907,320085,368977,363386,436015,447185,493383,497680,342184,382370,241823,309285,71361,130452,132913,128681,244492,228399,277159,277394,368206,381847,438247,446665,320795,358655,230234,293658,67743,123106,3754917,2998550,507462,433321,808003,710889,183457,502,400
2021-07-22T23:59:59+02:00,21950,20223,230771,224087,345153,318541,367467,362088,434691,446035,492396,496775,341749,381917,241645,309034,71316,130370,128552,124618,238458,223864,270755,272290,361275,376312,432771,442155,319609,357397,229796,293127,67649,122953,3742426,2956262,505872,427328,807873,704570,180675,501,400
2021-07-21T23:59:59+02:00,21441,19704,228881,222268,343455,317012,365842,360510,433111,444642,491170,495605,341195,381390,241395,308748,71263,130273,124792,121045,232998,219618,265223,267763,353135,369380,428156,438413,318488,356244,229334,292560,67568,122774,3731400,2920742,502109,416436,807647,699783,177382,501,397
2021-07-20T23:59:59+02:00,21137,19425,227406,220793,342214,315836,364875,359633,432246,443845,490449,494955,340854,381018,241247,308525,71235,130184,120457,116807,226644,214442,259393,262579,346017,363276,423462,434098,317393,354989,228920,291975,67470,122590,3722050,2876954,501700,409217,807515,695392,175242,501,396
2021-07-19T23:59:59+02:00,20820,19127,225666,219097,340894,314582,363841,358655,431434,443066,489771,494334,340558,380656,241097,308292,71190,130086,117697,114206,222266,210848,254774,258621,342303,360097,420840,431918,316665,354261,228621,291583,67395,122466,3711442,2851892,501276,403838,807423,691068,173654,501,396
2021-07-18T23:59:59+02:00,20666,18995,224365,217822,339276,313149,362773,357732,430616,442343,489231,493790,340323,380370,240968,308112,71168,130024,116199,112820,219613,208668,252413,256524,340050,358248,418805,430224,316176,353773,228460,291366,67374,122399,3701990,2839609,500733,399561,807349,687370,172278,501,393
2021-07-17T23:59:59+02:00,20272,18573,223210,216765,338698,312608,362184,357218,430098,441893,488818,493499,340217,380253,240926,308057,71165,130014,114127,110719,217156,206365,249950,254330,337628,356115,417357,428961,315841,353383,228325,291198,67350,122359,3696420,2822111,500528,396840,807333,686583,170814,498,393
2021-07-16T23:59:59+02:00,19729,18060,220658,214615,336953,311308,360671,355922,428630,440685,487716,492634,339812,379881,240751,307898,71140,129977,111012,107919,212389,202433,245413,250694,333327,352416,414011,426240,314917,352452,227972,290781,67296,122277,3686188,2794428,499770,394484,807171,682769,164534,497,392
2021-07-15T23:59:59+02:00,19086,17434,217868,212183,335039,309598,359075,354477,427289,439492,486772,491779,339411,379453,240548,307640,71098,129872,107102,104705,204024,196187,237921,245086,326720,347178,406941,419797,313177,350639,227425,290111,67224,122077,3671088,2747874,499166,386017,807052,675345,161426,497,392
2021-07-14T23:59:59+02:00,18239,16708,215417,209850,333327,308051,357664,353129,426061,438285,485739,490820,338955,378992,240305,307328,71043,129784,103493,101368,197553,191029,232211,240417,322423,343700,402766,416168,311868,349327,227016,289553,67143,121923,3656097,2714266,498577,380482,806921,668542,158717,496,389
2021-07-13T23:59:59+02:00,17589,16051,213226,207821,331719,306675,356322,351903,424884,437191,484773,489959,338515,378518,240102,307081,71008,129691,99736,97829,191069,185629,225070,234351,315748,337634,394371,408310,310071,347399,226408,288758,67029,121721,3642240,2671463,498015,367802,806758,659070,156626,494,384
2021-07-12T23:59:59+02:00,16566,15118,209941,204636,329655,304940,354741,350431,423638,435985,483787,489053,338095,378043,239922,306849,70968,129614,96643,95106,185785,181330,218089,228670,308912,331598,389272,404033,308339,345534,225813,288023,66930,121551,3623733,2633163,497455,360657,806575,650651,154828,493,383
2021-07-11T23:59:59+02:00,16058,14643,208582,203363,328913,304226,354079,349804,423074,435480,483340,488711,337902,377839,239862,306742,70946,129574,95222,93820,183017,179022,215095,226378,306223,329445,386443,401642,305870,342905,225432,287553,66876,121453,3617489,2618179,496814,358665,806445,640160,153001,489,382
2021-07-10T23:59:59+02:00,15584,14184,206734,201581,327448,302965,352937,348826,422347,434885,482865,488310,337732,377674,239796,306656,70936,129554,93920,92548,180485,176909,212060,223893,303699,327283,385278,400605,305221,342234,225252,287364,66860,121426,3608894,2601367,496176,358435,806207,638408,150343,488,382
2021-07-09T23:59:59+02:00,15261,13905,204829,199739,325838,301512,351864,347863,421442,434173,482292,487833,337526,377451,239699,306535,70920,129520,91131,89822,176955,173683,207715,219745,298675,322681,381835,397623,304122,341007,224949,286995,66823,121361,3599740,2572373,495312,356374,806008,630813,147741,488,381
2021-07-08T23:59:59+02:00,14793,13476,201328,196746,322515,298839,349479,345872,419728,432720,480854,486762,337085,377008,239519,306286,70875,129443,86824,86057,169713,168026,199576,213344,291300,316570,374888,391415,301406,338092,224172,286058,66706,121101,3584346,2526178,491254,347709,805484,620453,142839,487,381
2021-07-07T23:59:59+02:00,14292,13023,197584,192876,319338,295976,347155,343820,418165,431243,479655,485658,336608,376439,239327,306012,70837,129337,83140,82608,162416,162319,190534,206168,283322,310004,367858,384601,298098,334485,223267,284956,66567,120854,3563013,2478211,489888,334277,805094,610464,139941,484,379
2021-07-06T23:59:59+02:00,13832,12651,194140,189492,316076,293237,344669,341525,416442,429676,478384,484517,336106,375880,239128,305720,70784,129251,79564,79028,155736,156804,183119,199959,274382,302045,361367,378508,294898,331239,222380,283865,66458,120622,3543108,2425687,486821,327295,804670,600941,137498,481,379
2021-07-05T23:59:59+02:00,13434,12313,189754,185249,312034,289897,342154,339188,414769,428131,477240,483441,335629,375362,238952,305474,70751,129165,76505,76207,150616,152718,178355,195830,267469,295775,355257,372967,291623,327792,221493,282746,66349,120453,3520261,2386632,485661,322800,804174,590576,133421,479,377
2021-07-04T23:59:59+02:00,13257,12156,185913,181381,309395,287869,340839,338115,413885,427352,476658,482952,335403,375109,238862,305349,70725,129111,74305,74320,147507,150140,176003,193745,264988,293661,352116,370748,288315,324386,220912,282074,66294,120333,3508014,2372580,484369,320504,803601,579051,128924,478,375
2021-07-03T23:59:59+02:00,12062,11101,179479,175381,305132,284409,338511,335944,412068,425543,475443,481892,335003,374663,238687,305102,70701,129068,72524,72745,145083,148262,173565,191663,261927,290935,349833,368891,286564,322404,220644,281712,66262,120284,3481636,2356855,482965,320304,803416,574561,122736,478,375
2021-07-02T23:59:59+02:00,10964,10008,175765,171920,302719,282211,336763,334236,410813,424351,474667,481203,334742,374348,238572,304921,70673,129020,69829,70061,141162,144975,169132,187623,255872,285492,344612,364185,283310,318678,220004,280941,66214,120200,3463525,2323665,481483,317518,803228,561971,120218,477,356
2021-07-01T23:59:59+02:00,9868,9077,172097,168481,298677,278920,334267,331964,409014,422771,473565,480238,334322,373885,238371,304649,70626,128941,64947,65343,134853,139649,161847,181113,245620,276634,333813,354404,278524,313404,218151,278687,66035,119887,3440956,2267358,479384,305168,802878,544238,117070,477,352
2021-06-30T23:59:59+02:00,9378,8684,168829,165403,293056,274289,330593,328621,407241,421229,472537,479268,333897,373400,238180,304348,70592,128852,61819,62501,129214,134965,155203,175109,235573,267486,320407,341124,273312,307854,216259,276365,65867,119567,3415835,2212352,477216,292351,802581,525377,113316,476,351
2021-06-29T23:59:59+02:00,8842,8160,165034,161629,288517,270028,327032,325319,405137,419145,470991,477852,333306,372758,237927,303992,70537,128743,59031,59510,124268,130562,149184,169585,223720,256797,311855,332768,266850,300662,214288,273909,65664,119221,3388310,2153131,475219,287693,802251,507973,109714,475,348
2021-06-28T23:59:59+02:00,8437,7780,161716,158172,283485,265709,323722,322463,402993,417215,469500,476537,332785,372144,237693,303680,70493,128649,56761,57165,120374,127054,144839,165501,214490,248386,306066,327367,261897,295359,212524,271673,65517,118953,3364371,2117428,471235,279083,801593,491430,106508,475,345
2021-06-27T23:59:59+02:00,8289,7657,160212,156648,281380,263900,321917,320926,401295,415853,468604,475821,332492,371851,237590,303518,70474,128600,55563,56056,118253,125342,142274,163374,210383,245002,302706,324512,258092,291355,210066,268760,65406,118765,3354360,2101989,469156,275600,800540,475288,103505,475,345
2021-06-26T23:59:59+02:00,7134,6560,156947,153304,279272,262015,319505,318691,400104,414701,467903,475120,332222,371567,237483,303360,70450,128570,55013,55471,116920,124192,140852,162138,208137,242998,300175,322099,256558,289696,209733,268350,65379,118695,3335226,2085206,466335,275512,800534,472791,103372,444,318
2021-06-25T23:59:59+02:00,5911,5444,152634,149021,275877,259058,317442,316725,398790,413453,466901,474295,331932,371233,237355,303204,70422,128520,53725,53845,114447,121496,136772,157571,199376,234546,294491,316227,254835,287575,209143,267548,65308,118577,3310248,2042717,464902,273820,800477,466211,103147,444,318
2021-06-24T23:59:59+02:00,5057,4657,148187,144887,271059,255115,313164,312944,396601,411580,465522,473159,331508,370767,237186,302966,70388,128433,51080,51254,109336,116782,129451,150936,187339,224096,283071,305996,249454,281735,207308,265203,65105,118177,3279055,1980689,462898,262058,800306,452451,101473,443,317
2021-06-23T23:59:59+02:00,4836,4450,145022,141772,267360,251958,307918,308139,394101,409232,464112,471839,330981,370144,236956,302654,70340,128326,49139,49172,105540,112871,123784,145262,177448,215432,271108,294014,244845,276925,205975,263502,64944,117817,3251481,1924407,459369,252203,800144,441751,99697,441,316
2021-06-22T23:59:59+02:00,4586,4221,141946,138644,263647,248579,301793,302704,391463,406671,462567,470354,330433,369535,236736,302301,70292,128219,47450,47434,101935,109570,118992,140687,164863,204292,260204,283720,240780,272455,204054,261091,64692,117346,3219410,1866090,457440,244489,799954,430786,98428,439,308
2021-06-21T23:59:59+02:00,4327,3976,138680,135702,258945,244683,296543,297831,388422,403801,461094,468999,329915,368974,236510,301984,70251,128106,46216,46205,99552,107351,116254,137982,158644,198520,253319,277076,235418,266618,200117,256572,64505,116969,3187679,1835102,455399,238971,799737,410990,96462,438,308
2021-06-20T23:59:59+02:00,4183,3858,137173,134196,254710,241201,293964,295591,387028,402486,460301,468254,329690,368691,236398,301851,70231,128044,45095,45287,97295,105565,113985,135998,155615,195986,249015,273009,232418,263091,199130,255318,64424,116843,3170233,1814801,453635,235420,799581,403126,94928,438,300
2021-06-19T23:59:59+02:00,3766,3507,135025,132098,251956,238877,292183,293943,385187,400917,459459,467525,329467,368438,236294,301711,70210,128012,44556,44638,96025,104309,112515,134535,154113,194550,245797,269994,231701,262244,198959,255055,64402,116790,3153882,1798858,450814,233842,799571,402848,94828,438,299
2021-06-18T23:59:59+02:00,2817,2593,131744,128957,248431,235830,288167,290531,382787,398792,458121,466363,329091,368037,236139,301475,70183,127963,43768,43721,94444,102527,110225,131865,150561,190515,238936,262717,229980,260241,198474,254416,64327,116656,3128074,1769556,446373,233307,799542,396141,94551,437,299
2021-06-17T23:59:59+02:00,2583,2370,128012,125649,242376,231371,282923,286099,377957,394766,455773,464518,328491,367313,235894,301116,70118,127849,41527,41896,90392,99052,105333,127117,142696,182838,227546,251334,224776,254309,196823,252259,64067,116237,3093018,1713902,443388,229167,799281,385232,90083,360,291
2021-06-16T23:59:59+02:00,2312,2136,124777,122238,237477,227028,278223,281829,372780,390264,453172,462371,327743,366509,235603,300702,70052,127735,39698,40298,86854,96024,100986,123293,134468,175500,215445,239428,218551,247206,194902,249933,63815,115749,3059458,1654150,437847,223565,798764,377140,87470,358,290
2021-06-15T23:59:59+02:00,1925,1803,119858,117368,231495,221879,272870,276834,367714,385627,450317,459949,326870,365531,235250,300187,69970,127550,38078,38690,83533,92979,97019,119241,127418,169128,203099,227403,212525,240417,192940,247505,63504,115179,3014705,1596884,435918,217728,798194,369461,84754,358,287
2021-06-14T23:59:59+02:00,1663,1528,115793,113202,226259,216963,267501,271855,362421,380874,447198,457350,326085,364672,234937,299798,69908,127430,37098,37801,81251,90889,94309,116723,123309,165380,196498,220904,209408,236902,191804,246032,63285,114789,2972507,1567296,433563,215452,797933,361792,82001,356,286
2021-06-13T23:59:59+02:00,1589,1443,114296,111825,223811,214860,264957,269592,360163,378914,446024,456321,325809,364365,234801,299625,69876,127355,36234,37069,79393,89219,92298,114908,120480,162779,192628,217197,206323,233466,190773,244661,63053,114378,2957504,1553305,431119,208185,797625,353580,79941,356,284
2021-06-12T23:59:59+02:00,1438,1306,111644,109080,221917,213129,263573,268317,358727,377514,445126,455552,325522,364055,234709,299522,69858,127327,35865,36665,78407,88125,91047,113613,118903,161220,189066,213895,205284,232339,189371,243002,63043,114346,2941326,1540155,430140,208176,797602,346195,79810,355,283
2021-06-11T23:59:59+02:00,1290,1170,109103,106564,219023,210505,259905,265124,355591,374780,443408,454075,325084,363604,234572,299314,69831,127272,35189,35554,76400,84748,88812,110082,114799,156071,182369,206444,203183,229969,188767,242232,62981,114247,2916897,1512662,427342,207479,797414,332729,79118,355,282
2021-06-10T23:59:59+02:00,1127,1016,104338,102156,212945,205738,252847,259298,349494,369479,438900,450301,324222,362630,234249,298865,69747,127119,33607,34070,72397,80573,83889,104581,108127,147862,170029,192794,197109,223082,187036,240091,62728,113843,2873237,1465549,420232,205734,796562,305694,74976,353,277
2021-06-09T23:59:59+02:00,979,885,100415,98446,206973,201000,246027,253580,342830,363525,435219,447271,323541,361880,233978,298482,69682,126986,32074,32812,69164,77925,80190,101413,103404,143585,158881,182036,186487,211092,185174,237845,62455,113348,2834191,1411519,411688,201756,796046,294419,70324,330,273
2021-06-08T23:59:59+02:00,796,704,95883,93897,200338,195433,239064,247562,334576,356247,430107,442591,322698,360868,233604,297995,69601,126849,30999,31954,66577,75625,76907,98687,98825,139664,151285,174548,177777,201381,183367,235599,62221,112981,2782171,1372337,405920,196837,795452,283552,65804,330,261
2021-06-07T23:59:59+02:00,638,562,92665,90794,194273,190725,232501,242317,326736,350067,427055,440134,322149,360231,233385,297667,69547,126753,30130,31108,64113,73669,73954,96530,95058,136726,143202,166756,173728,196761,181937,233785,61998,112598,2743143,1345225,399751,193543,794858,272436,60973,328,260
2021-06-06T23:59:59+02:00,600,526,91090,89477,190985,188178,229146,239540,322451,346663,425615,439050,321877,359935,233277,297509,69523,126706,29528,30552,62341,71988,71874,94519,91865,133658,137511,160959,171188,194127,180827,232383,61767,112218,2727716,1333366,392353,183850,794373,261983,58225,326,259
2021-06-05T23:59:59+02:00,520,446,89145,87459,186114,183957,226681,237406,320634,345036,424615,438132,321591,359616,233129,297340,69509,126674,29073,29796,61140,70037,70477,92371,90189,131389,132753,155628,168181,190457,180341,231725,61733,112152,2704226,1309741,392220,183383,794230,256587,57842,325,258
2021-06-04T23:59:59+02:00,420,361,86791,84929,182450,180348,222673,233457,317040,341395,422249,435937,321132,359079,232932,297110,69471,126610,28606,29124,60021,68384,69197,90291,88397,128772,129385,151968,163947,185687,179348,230458,61685,112065,2674957,1290910,388395,182608,794109,246499,57427,325,257
2021-06-03T23:59:59+02:00,327,287,83496,81857,176715,175676,215407,227358,309324,334691,414488,429075,320095,357893,232561,296656,69415,126476,27715,28112,58128,66192,66801,87542,84762,124655,122623,145296,157593,178077,177774,228429,61572,111829,2625970,1261694,378143,177281,793681,233739,54491,323,251
2021-06-02T23:59:59+02:00,276,228,81416,79687,172631,171950,211761,224199,305739,331342,412441,427240,319686,357436,232407,296448,69387,126425,27248,27634,57001,65076,65205,86269,82701,122715,117646,140408,149706,169106,177053,227473,61487,111660,2597173,1229465,376757,175310,793652,230118,53596,320,245
2021-06-01T23:59:59+02:00,177,160,77149,75861,164338,165381,202387,216448,296633,323455,404234,419395,318168,355816,231863,295703,69272,126194,25697,26218,52689,62122,60365,82978,77279,118209,110214,133190,138601,155694,174950,224740,61279,111236,2538396,1179320,365099,171198,792884,218319,46714,318,240
2021-05-31T23:59:59+02:00,155,143,74400,73375,158672,161059,195070,210468,289237,317068,398482,414425,317165,354702,231473,295176,69182,126023,24783,25158,50063,59900,57194,80436,73674,114929,105708,128740,134448,150783,173578,223015,61109,110904,2497926,1156883,355700,168859,792237,207902,40861,317,238
2021-05-30T23:59:59+02:00,143,135,73335,72289,156180,159002,192423,208071,286422,314498,396559,412666,316798,354275,231312,294932,69144,125942,24179,24369,48471,58170,55452,78580,71443,112361,103046,125872,132289,148257,172784,222077,61015,110693,2481807,1147109,353178,167549,791600,196496,37986,316,234
2021-05-29T23:59:59+02:00,140,133,72725,71696,154669,157600,190122,206040,284582,312910,395721,411893,316577,354030,231232,294852,69133,125923,23856,23844,47551,56672,54111,76702,69517,109511,100728,123071,129483,144832,172132,221169,60988,110641,2467906,1133489,353016,167483,791533,185950,37966,316,233
2021-05-28T23:59:59+02:00,136,130,71633,70579,152275,155340,186459,202498,281311,309772,393861,410123,316164,353526,231083,294636,69114,125866,23325,22842,45944,54546,52282,74138,67472,105549,96398,117172,125104,139777,171157,219860,60941,110527,2444069,1110862,351965,167270,791320,171392,37587,315,230
2021-05-27T23:59:59+02:00,125,120,68318,67561,145787,150399,178264,196241,274915,304607,387540,404434,314894,352069,230616,294102,69042,125681,22003,21155,42688,51496,48400,70316,62917,99531,90035,109654,121170,135151,168358,216157,60768,110213,2399446,1082411,344336,164527,789494,151287,31859,315,224
2021-05-26T23:59:59+02:00,121,117,66161,65383,140828,146313,172160,191168,268160,298934,380790,397729,313369,350456,230125,293398,68939,125468,21260,20238,40864,49357,46045,67582,59877,95735,85437,104533,116184,129426,164565,210819,60558,109785,2362104,1050469,331130,162949,787669,139792,29125,314,223
2021-05-25T23:59:59+02:00,120,110,64130,63390,136619,142821,167102,186874,261090,292650,375365,392339,312069,349027,229710,292748,68855,125290,20681,19573,39462,47838,44209,65566,57398,92733,81351,100157,111246,123737,159028,203573,60386,109478,2324489,1018926,323613,159525,785124,130551,27488,310,217
2021-05-24T23:59:59+02:00,117,108,62886,62175,133862,140711,163818,184460,254134,286659,370431,387655,311238,348106,229422,292360,68783,125160,20339,19167,38443,46764,42862,64077,55720,90718,79115,97644,109819,122080,158420,202781,60273,109276,2300733,1009557,312493,158222,783318,123856,25940,309,213
2021-05-23T23:59:59+02:00,112,108,62388,61659,132762,139815,162622,183425,252890,285638,368844,386224,310618,347446,229249,292132,68763,125124,20107,18980,37892,46208,42105,63373,54553,89719,77625,96278,108642,120682,157442,201559,60202,109134,2289225,1001366,311905,155139,783274,122260,25812,309,211
2021-05-22T23:59:59+02:00,109,106,61692,61038,131273,138743,160247,181801,249920,283350,366363,383999,310086,346852,229072,291866,68736,125074,19788,18560,37281,45606,41464,62841,53897,88992,76854,95132,107092,118878,156669,200590,60175,109080,2271248,994660,311890,155135,783232,118828,24348,309,211
2021-05-21T23:59:59+02:00,105,102,60360,59595,128363,136145,156958,178479,244679,278584,360265,378310,309153,345757,228776,291468,68675,124966,19427,18193,36667,44836,40812,61788,52944,87597,75130,92828,103849,114926,155529,199139,60083,108905,2235159,981628,310249,154809,781654,112225,24064,306,209
2021-05-20T23:59:59+02:00,98,100,57308,56799,122620,131265,150021,172163,234357,269825,351229,370019,306612,343008,228009,290455,68543,124746,18129,17257,34486,42589,38357,58886,50126,83821,71195,88329,99723,110276,153068,196125,59901,108549,2177113,962321,303585,152858,775686,94538,21165,298,209
2021-05-19T23:59:59+02:00,97,98,55093,54606,117611,126583,142846,165544,223811,260464,340671,359107,303965,340135,227258,289401,68392,124469,17548,16469,33260,41000,36948,56824,48113,81039,67951,84748,95837,105794,149442,191396,59639,108058,2111148,938902,297328,150877,772694,85025,19334,297,195
2021-05-18T23:59:59+02:00,92,93,52994,52643,112822,122323,136463,159969,212236,250089,330787,349307,301292,337163,226372,288196,68240,124215,17029,15864,32047,39537,35592,55028,46303,78628,65061,81518,91831,101261,146248,187336,59426,107623,2051243,918661,287956,148019,769094,76368,17350,292,195
2021-05-17T23:59:59+02:00,89,90,51960,51650,110486,120265,133644,157312,205708,244068,323207,342220,299495,335189,225781,287372,68133,124002,16573,15415,30995,38491,34420,53738,44821,76826,62798,79122,86992,95393,144784,185449,59275,107308,2024419,906955,275645,140548,765663,69675,15286,290,192
2021-05-16T23:59:59+02:00,88,87,51172,50993,109042,118939,131903,155649,202736,241384,315772,335261,298475,334057,225471,286885,68081,123904,16289,15040,30245,37709,33547,52817,43753,75513,61465,77647,83573,91315,143992,184371,59188,107168,2009082,900869,265210,133767,762414,65528,13531,288,188
2021-05-15T23:59:59+02:00,88,87,50633,50359,108043,117951,130890,154537,200801,239449,312201,332051,297853,333371,225275,286614,68061,123840,16149,14876,29991,37402,33262,52386,43265,74866,60614,76665,82976,90498,143476,183703,59152,107121,1992884,895628,265191,133620,761543,64397,12821,286,187
2021-05-14T23:59:59+02:00,87,87,49372,48934,105786,115851,127299,151083,192592,232377,305883,326165,296873,332232,224990,286165,68014,123745,15651,14446,29205,36582,32492,51194,42186,73082,59049,74710,81072,88011,142862,182716,59112,107035,1955610,885975,263490,132747,756984,58971,11774,284,186
2021-05-13T23:59:59+02:00,83,86,47451,46987,101941,112620,122590,146968,182565,223792,295269,316342,293902,328806,224179,285023,67914,123538,14786,13999,28349,35885,31730,50292,41239,71987,57540,73143,77291,83658,140097,179106,59002,106819,1903986,873419,254877,125691,750746,55115,10757,280,183
2021-05-12T23:59:59+02:00,81,84,46537,46280,100022,111190,120527,145309,180017,221683,290534,311014,292737,327538,223939,284702,67876,123453,14621,13849,28029,35666,31328,50002,40793,71612,56999,72576,75947,82032,139318,177972,58916,106659,1880908,867678,252712,123898,750257,54844,9957,274,182
2021-05-11T23:59:59+02:00,77,78,44288,44804,95993,108112,114721,140580,166645,210409,278885,300254,289335,323627,222982,283297,67726,123153,14193,13281,27019,34238,30194,48194,39487,69333,55280,70309,72858,78444,137962,176138,58757,106300,1822040,855388,243008,121204,741741,46972,8479,270,179
2021-05-10T23:59:59+02:00,76,74,43036,43829,93391,106104,111461,137948,158257,203381,271006,293147,287156,321177,222408,282434,67602,122911,13851,12837,26256,33252,29398,46934,38490,67475,54051,68577,70769,75887,136815,174628,58637,106011,1786473,846516,236963,120151,734758,39760,7503,266,171
2021-05-09T23:59:59+02:00,75,74,41913,43058,90708,104348,108795,136179,153248,199961,265481,288199,285917,319792,222031,281905,67536,122765,13536,12619,25561,32582,28662,46130,37694,66513,53113,67629,69537,74485,136217,173793,58582,105880,1767147,841933,229860,119170,728761,34977,6513,262,169
2021-05-08T23:59:59+02:00,74,74,41622,42756,89863,103619,107701,135323,151800,198746,262921,286134,285416,319250,221912,281726,67520,122733,13434,12558,25433,32489,28517,46001,37505,66318,52773,67311,68570,73560,135148,172429,58535,105787,1755112,837320,229349,118423,728538,34199,6500,243,153
2021-05-07T23:59:59+02:00,72,73,40697,42039,87929,102281,104874,133112,147175,194938,256667,280625,284077,317650,221564,281268,67467,122610,12687,12075,24607,31751,27751,44938,36641,65055,51585,65797,66321,70875,132922,169608,58445,105609,1729327,827649,226139,116152,724411,27395,5545,240,150
2021-05-06T23:59:59+02:00,68,72,38050,40314,83175,98824,98879,128354,136984,186422,240208,266207,278949,311853,220279,279579,67292,122293,11999,11558,23665,30644,26753,43588,35283,63051,49847,63819,63831,67748,130809,166843,58330,105391,1663735,816551,216222,113038,713508,19013,4630,228,149
2021-05-05T23:59:59+02:00,66,69,36162,39116,79513,96237,94274,124706,129156,179888,225443,252158,272761,304706,218703,277585,67046,121770,11764,11283,23125,29918,26150,42665,34357,61651,48694,62407,61217,64638,127864,163143,58232,105140,1597489,804271,211144,109468,707456,15029,3555,228,145
2021-05-04T23:59:59+02:00,66,67,35058,38008,76789,93915,90768,121663,123590,175152,214816,241876,267267,298257,217260,275739,66837,121301,11602,11079,22719,29377,25692,41889,33637,60561,47582,61131,58498,61457,125497,160210,58082,104904,1548411,792384,206024,106830,701374,11878,2901,226,143
2021-05-03T23:59:59+02:00,65,65,34188,36953,74497,92096,87891,119309,119148,171504,208151,235867,263984,294383,216457,274647,66716,121005,11355,10806,22325,28798,25208,41188,32950,59594,46559,59989,55713,58117,121721,155312,57825,104467,1516612,776532,202912,105115,696434,9116,1241,224,140
2021-05-02T23:59:59+02:00,65,65,33836,36634,73321,91193,86420,118215,116720,169637,205049,233353,263023,293292,216168,274232,66647,120896,11283,10734,22135,28585,24978,40901,32608,59188,46105,59513,54521,56654,118655,151626,57741,104336,1505992,771509,200113,99551,692558,8212,371,223,136
2021-05-01T23:59:59+02:00,64,65,33519,36260,72559,90399,85346,117174,115249,168273,201962,230321,262333,292468,215958,273952,66636,120857,11269,10718,22082,28555,24918,40863,32546,59131,46021,59437,54279,56362,118496,151430,57732,104319,1490894,770199,200106,99511,692293,8163,365,222,136
2021-04-30T23:59:59+02:00,61,63,32975,35660,71349,89176,83885,115442,111469,164704,194562,223199,260339,290100,215510,273344,66576,120751,10947,10523,21720,28276,24641,40438,32221,58567,45558,58802,53381,55197,117544,150243,57677,104199,1457986,766518,199780,97519,691493,5815,166,219,132
2021-04-29T23:59:59+02:00,59,61,31475,34712,68424,87147,80247,112839,106353,160591,181740,211650,252403,280994,214312,271711,66441,120405,10641,10309,21243,27828,24210,39938,31634,57824,44749,57868,51545,53003,115696,148006,57577,104004,1403062,757681,192501,94836,686118,3496,145,210,130
2021-04-28T23:59:59+02:00,58,59,30238,34100,66554,85836,77765,111017,102923,157736,172050,202480,241543,268391,213032,270025,66244,120078,10456,10150,20944,27475,23846,39468,31210,57167,44022,57041,49419,50385,113114,144770,57454,103791,1350404,748128,189134,90283,680740,2270,115,203,126
2021-04-27T23:59:59+02:00,55,58,29479,33416,64978,84372,75754,109208,100164,155336,167325,197753,233040,258579,211882,268409,66124,119855,10331,10039,20663,27186,23610,39134,30849,56671,43338,56349,47414,47839,110475,141338,57337,103591,1316367,738320,186826,86271,672742,1548,114,197,121
2021-04-26T23:59:59+02:00,54,58,29050,33031,63876,83489,74253,108042,97879,153623,158702,189735,228851,253735,211172,267412,66031,119655,10236,9950,20448,26999,23374,38916,30553,56332,42718,55770,45607,45688,108580,138853,57241,103437,1287404,730347,185381,83167,666012,1167,110,193,119
2021-04-25T23:59:59+02:00,54,57,28798,32791,63101,82966,73190,107306,96150,152394,153314,184861,224513,248849,210582,266632,65964,119532,10181,9916,20370,26923,23288,38834,30442,56206,42558,55611,45195,45193,107899,137946,57213,103366,1274637,728686,179236,81404,657329,1036,107,192,116
2021-04-24T23:59:59+02:00,54,56,28456,32365,62162,81743,72004,105860,94602,150736,148409,179715,221725,245516,210112,265958,65930,119482,10166,9898,20329,26881,23235,38768,30361,56120,42409,55474,44950,44884,107649,137652,57192,103338,1249775,727599,179207,80703,656047,992,106,192,113
2021-04-23T23:59:59+02:00,52,56,27710,31740,60592,80234,70213,103841,92005,148092,143628,175319,217172,239970,209456,264969,65867,119367,10113,9835,20220,26795,23104,38618,30126,55911,42045,55141,44332,44127,106587,136366,57036,103063,1224898,724248,178026,78224,647498,940,105,189,108
2021-04-22T23:59:59+02:00,50,55,27095,31140,59055,78797,67747,101624,87881,144600,135586,167829,208131,228961,207413,262336,65668,118968,9988,9739,19970,26496,22749,38184,29610,55397,41288,54501,43163,42803,104595,133917,56807,102665,1183347,716769,170575,74281,639153,816,105,184,106
2021-04-21T23:59:59+02:00,50,53,26602,30618,57728,77693,65863,99991,84839,141960,128396,161009,195051,213613,205262,259447,65442,118541,9857,9653,19739,26247,22462,37859,29257,54947,40735,53970,42315,41784,102407,131133,56552,102254,1131838,710223,167690,70199,632771,744,105,177,105
2021-04-20T23:59:59+02:00,49,52,26177,30147,56568,76549,64187,98410,82291,139384,123311,155940,183572,200152,202832,256307,65203,118110,9754,9562,19520,26059,22169,37590,28846,54535,40195,53437,41499,40851,100189,128144,56213,101717,1089181,702674,164205,66947,625996,664,103,175,97
2021-04-19T23:59:59+02:00,49,51,25810,29790,55596,75727,62900,97231,80164,137456,119788,152553,177817,193306,201123,254067,65017,117776,9644,9469,19288,25839,21924,37316,28530,54143,39682,52908,40702,39940,97089,124177,55808,101004,1064604,692322,162373,64522,619388,625,102,169,97
2021-04-18T23:59:59+02:00,48,46,25502,29530,54826,75182,61775,96282,78306,136026,116423,150157,172707,187748,200112,252835,64905,117582,9570,9394,19099,25665,21747,37148,28312,53863,39422,52655,40372,39550,95873,122630,55625,100704,1050601,688438,160703,62587,608826,610,102,167,96
2021-04-17T23:59:59+02:00,47,45,25393,29438,54454,74986,61259,95928,77652,135426,115577,149415,168453,182859,199577,252109,64871,117517,9525,9335,18961,25478,21558,36918,28085,53587,39157,52386,40071,39228,95109,121702,55560,100620,1039712,684416,160675,62272,604756,598,102,167,96
2021-04-16T23:59:59+02:00,47,45,25019,29190,53464,74376,59971,95048,76026,134094,111426,145269,160805,174079,197920,249903,64762,117308,9317,9160,18566,25047,20977,36342,26972,52682,37130,50781,36748,36288,91915,118173,55157,99965,1013779,669317,159883,55346,595225,563,102,166,94
2021-04-15T23:59:59+02:00,43,41,24542,28737,52208,73207,58006,93318,72752,131248,105954,139978,152930,165092,193262,244027,64464,116688,9143,8997,18197,24622,20484,35681,26292,51887,35736,49549,34632,34241,88798,114435,54649,99107,981530,656198,157826,49749,577274,511,101,164,92
2021-04-14T23:59:59+02:00,41,37,24201,28412,51271,72266,56665,91925,70363,129085,101957,136207,143724,154700,185520,234136,64121,116020,8736,8724,17723,24114,19947,35036,25377,51008,34445,48426,32584,32081,85815,110788,54158,98246,943639,641292,155151,45514,561995,412,100,159,91
2021-04-13T23:59:59+02:00,41,37,23964,28195,50571,71728,55721,91096,68728,127672,98225,132768,131881,141567,179122,225799,63783,115431,8501,8552,17377,23708,19526,34495,24710,50213,33377,47409,31199,30716,83658,108405,53801,97702,910348,631954,150630,41117,545485,289,100,157,89
2021-04-12T23:59:59+02:00,40,36,23755,28006,50015,71214,54854,90363,67259,126382,95592,130440,124760,133524,175891,221844,63511,114940,8264,8365,17013,23410,19155,34059,24237,49676,32709,46783,29668,29174,81995,106462,53475,97181,893915,623504,149085,37858,529561,275,98,154,87
2021-04-11T23:59:59+02:00,39,36,23580,27844,49489,70790,54122,89906,66112,125577,93730,128959,119266,127506,171970,217235,63341,114642,8130,8230,16716,23130,18837,33749,23878,49295,32260,46395,29030,28505,80974,105213,53266,96861,886430,618200,144670,36029,513183,257,93,152,84
2021-04-10T23:59:59+02:00,39,36,23519,27786,49322,70653,53922,89747,65782,125307,93204,128522,117181,124977,170529,215384,63299,114542,7541,7624,15825,22341,17873,32904,22754,48257,31149,45397,28366,27791,78879,102606,52999,96425,879429,602849,143813,35647,510651,252,88,152,84
2021-04-09T23:59:59+02:00,38,36,23271,27536,48820,70162,53281,89062,64783,124183,91376,126610,108339,114022,167140,210974,63100,114184,6581,6723,14293,21012,16140,31335,20607,46286,28931,43381,26579,25965,75373,98427,52453,95585,859991,575317,136746,34133,500328,240,80,145,78
2021-04-08T23:59:59+02:00,38,36,22974,27290,48240,69671,52523,88357,63472,123096,88950,124440,98016,102012,161581,204101,62759,113601,5935,6130,13104,19992,14878,29992,18966,44561,26423,41037,23545,22983,70713,92644,51308,93835,841244,543670,127827,32189,482244,210,70,143,78
2021-04-07T23:59:59+02:00,36,35,22661,27065,47436,69214,51596,87743,62081,122111,85804,121992,88821,91699,154568,195305,62465,113039,5555,5805,12441,19318,14059,29163,17920,43509,24508,39137,21005,20455,66752,87873,50312,92219,820814,520172,122226,29705,460795,180,63,139,76
2021-04-06T23:59:59+02:00,35,35,22448,26904,46906,68833,51005,87219,61048,121335,83690,120244,81054,82884,148203,187337,62122,112410,5361,5646,12088,18961,13706,28730,17383,42944,23642,38326,19877,19423,63589,83774,49388,90836,801530,506785,119009,26755,443340,168,58,135,73
2021-04-05T23:59:59+02:00,35,34,22349,26779,46595,68487,50618,86817,60501,120643,82504,119089,76571,77784,143189,181227,61921,112094,5222,5507,11825,18709,13412,28418,17060,42571,23197,37865,19413,18952,60702,80217,48689,89769,792078,497439,117254,23961,428072,163,55,133,73
2021-04-04T23:59:59+02:00,35,34,22301,26720,46474,68219,50448,86502,60219,120140,81994,118457,75125,76076,142483,180253,61884,112012,5218,5500,11807,18696,13400,28402,17041,42554,23099,37793,19006,18629,59264,78369,48482,89458,789535,492643,117146,23959,422869,156,51,130,71
2021-04-03T23:59:59+02:00,35,34,22239,26639,46351,68110,50284,86327,59903,119827,81425,117876,73779,74440,141365,178716,61801,111863,5209,5491,11794,18678,13377,28382,17007,42507,22993,37719,18869,18478,58913,77807,48393,89311,783163,490854,117104,23959,420921,156,50,129,71
2021-04-02T23:59:59+02:00,35,34,22161,26556,46191,67944,50065,86078,59433,119376,80546,117061,72223,72553,139083,175729,61604,111503,5190,5453,11746,18635,13321,28299,16918,42358,22718,37241,18510,18113,56567,74915,47577,88205,774033,482352,115329,23303,418991,156,46,126,69
2021-04-01T23:59:59+02:00,32,32,21966,26352,45773,67422,49417,85334,58556,118433,78655,115384,68949,69116,134984,170532,61278,110920,5043,5309,11474,18370,13098,28063,16595,42049,22213,36797,17690,17368,51713,68874,45897,85746,762319,464273,109218,21932,411779,143,41,123,68
2021-03-31T23:59:59+02:00,32,32,21639,26134,45371,66897,48918,84683,57821,117493,77493,114140,66899,66794,130217,164409,60873,110189,4965,5258,11375,18248,12937,27912,16354,41778,21618,36285,16558,16463,46489,62445,44514,83760,752523,445894,102046,20985,405653,139,36,120,62
2021-03-30T23:59:59+02:00,32,31,21461,25911,44969,66278,48411,83884,57109,116440,76353,112760,65054,64766,125828,158651,60404,109288,4898,5173,11271,18122,12745,27722,16026,41453,21041,35735,15725,15660,43723,59028,43396,81958,742312,434007,97811,19620,397702,110,32,115,61
2021-03-29T23:59:59+02:00,31,31,21263,25673,44508,65728,47934,83191,56372,115360,75121,111325,62563,62011,119072,150000,59632,107892,4801,5100,11166,18008,12591,27556,15779,41130,20584,35266,15073,15119,41135,56042,42288,80136,721738,422801,94379,18941,391786,95,30,114,60
2021-03-28T23:59:59+02:00,31,31,21056,25381,44008,65041,47417,82449,55691,114352,74178,110217,61300,60574,114360,144014,59188,107134,4746,5041,11021,17861,12332,27256,15587,40883,20416,35033,14833,14875,40053,54620,41940,79597,715190,418476,87056,17611,384372,73,30,113,57
2021-03-27T23:59:59+01:00,31,31,20936,25224,43716,64675,47049,81920,55190,113662,73503,109478,60139,59487,112873,142298,59121,107052,4733,5029,10994,17842,12314,27226,15226,40454,20016,34597,14540,14663,39566,53931,41465,78779,709895,414417,86353,16956,380330,68,30,113,57
2021-03-26T23:59:59+01:00,31,30,20683,24710,42910,62966,46077,79893,53848,110629,71483,105850,58116,57595,110115,139050,58792,106533,4714,4996,10970,17790,12244,27134,15148,40344,19675,34001,14069,14011,36492,50089,39407,75532,698459,399890,83031,16737,368013,55,27,112,57
2021-03-25T23:59:59+01:00,31,28,20251,24037,42036,61198,44979,77338,52333,107095,69087,102076,55517,54955,106802,135075,58221,105538,4668,4940,10879,17687,12122,26988,14964,40123,19398,33694,13592,13520,32635,45034,36409,70993,687014,381523,78833,16138,350944,50,24,110,57
2021-03-24T23:59:59+01:00,31,28,19847,23589,41251,59927,43961,75797,50953,105164,66984,99741,52723,52034,102542,129968,57581,104460,4613,4874,10786,17544,11954,26785,14732,39839,19030,33275,13133,13066,30062,41821,33291,66155,674185,365951,73944,15037,338651,43,19,108,56
2021-03-23T23:59:59+01:00,31,28,19599,23287,40692,59012,43234,74701,49916,103648,65313,97878,50421,49678,99781,126753,57019,103617,4553,4803,10687,17418,11807,26601,14486,39526,18611,32887,12630,12560,27623,38723,29618,60257,666036,348370,70587,14448,328187,42,18,104,56
2021-03-22T23:59:59+01:00,31,28,19375,22872,40052,58129,42569,73660,48969,102259,63836,96239,48580,47783,97381,123996,56545,102841,4494,4756,10599,17302,11676,26422,14327,39284,18369,32585,12316,12185,25785,36369,25655,53874,659711,332131,67775,13894,317862,39,18,100,55
2021-03-21T23:59:59+01:00,31,28,19236,22613,39558,57375,42020,72814,48314,101102,62890,95003,47528,46754,95729,122142,56174,102262,4478,4747,10563,17254,11629,26336,14267,39194,18287,32486,12195,12053,25355,35919,25302,53314,657131,329932,65740,13478,308903,38,16,98,53
2021-03-20T23:59:59+01:00,30,28,19176,22468,39347,56880,41779,72253,48003,100465,62450,94399,46872,45988,93126,118911,55886,101775,4469,4739,10554,17242,11601,26319,14224,39157,18205,32411,12036,11892,24713,35144,24540,52226,650657,326214,65291,13289,304087,38,16,98,53
2021-03-19T23:59:59+01:00,29,27,18822,21902,38212,54751,40497,70254,46262,98373,59561,91635,42410,42107,87899,113137,55184,100694,4448,4725,10521,17191,11536,26207,14131,38985,17969,32112,11682,11609,23042,33083,22854,49665,632851,316869,58068,12927,291038,32,16,91,53
2021-03-18T23:59:59+01:00,29,26,18426,21251,37031,52593,38954,67459,44100,93894,55706,85832,38364,38294,83158,107647,54095,99033,4428,4697,10456,17088,11458,26052,13980,38796,17752,31908,11447,11425,21794,31569,21141,47066,615870,308780,52315,12314,267901,29,16,91,52
2021-03-17T23:59:59+01:00,29,25,18003,20897,36306,51671,38185,66502,43017,92536,53911,83995,35679,35497,79123,102804,53149,97552,4405,4671,10393,16992,11384,25918,13867,38607,17552,31714,11209,11199,20551,30154,19551,44666,599130,301266,47899,11605,262040,25,16,90,52
2021-03-16T23:59:59+01:00,28,25,17645,20478,35559,50601,37368,65301,41914,90854,52059,82001,33462,33472,75077,97846,52264,96235,4355,4621,10320,16864,11293,25764,13768,38370,17418,31468,11038,11018,19267,28632,18067,42339,585816,293470,43199,11171,253361,25,12,88,52
2021-03-15T23:59:59+01:00,28,25,17365,20113,34844,49618,36575,64109,41008,89370,50795,80399,31731,31628,71783,93747,51567,95099,4333,4586,10253,16741,11226,25563,13652,38082,17269,31195,10870,10858,18532,27666,16807,40476,574661,287637,39867,10521,245468,25,1,86,52
2021-03-14T23:59:59+01:00,28,24,17095,19685,33987,48403,35671,62785,39946,87540,49531,78666,30560,30390,69782,91182,51122,94422,4309,4567,10208,16664,11169,25420,13592,37860,17178,31031,10798,10770,18352,27385,16545,39914,567533,286434,37982,9387,235496,16,0,82,52
2021-03-13T23:59:59+01:00,28,24,16280,18620,32485,46365,34093,60644,37899,84455,47394,76107,29202,29035,67762,88552,50853,94029,4309,4567,10206,16658,11166,25413,13583,37853,17172,31022,10761,10738,17603,26494,15485,38444,551143,282145,37696,9386,225164,16,0,82,52
2021-03-12T23:59:59+01:00,27,24,15176,17241,30036,43708,31413,57488,35028,79581,44168,71624,26353,25835,63437,83234,49867,92620,4296,4534,10187,16596,11148,25362,13536,37735,17078,30891,10484,10511,16715,25245,14411,36919,522977,276330,36383,9375,207665,13,0,80,51
2021-03-11T23:59:59+01:00,26,24,14131,15772,27780,41009,29088,54288,32433,75180,40401,66710,22934,22343,57403,75890,47927,89772,4255,4494,10107,16477,11037,25137,13418,37424,16912,30587,10176,10297,16079,24400,13740,35644,490775,272318,34788,7931,187695,10,0,78,46
2021-03-10T23:59:59+01:00,26,24,13535,15070,26367,39388,27429,52463,30861,72860,37868,63576,20172,19781,51474,68729,46371,87432,4221,4450,10007,16310,10918,24888,13270,37004,16713,30213,9938,10113,15334,23627,13081,34617,464274,267582,32733,7185,176567,9,0,73,46
2021-03-09T23:59:59+01:00,25,23,13252,14602,25241,38344,26008,51274,29791,71199,36488,61739,18982,18652,47950,64274,45242,85635,4197,4424,9922,16143,10813,24628,13117,36683,16536,29974,9813,10011,14668,22789,12585,33841,450615,263856,30197,6352,168044,9,0,73,44
2021-03-08T23:59:59+01:00,24,23,12921,13993,24159,37230,24732,50134,28850,69713,35249,60114,17897,17767,43812,59274,44011,83642,4182,4388,9861,15944,10711,24367,12984,36324,16407,29709,9729,9927,14173,22184,12269,33402,435093,260672,28184,5959,160400,3,0,72,43
2021-03-07T23:59:59+01:00,24,23,12688,13700,23565,36380,24032,49256,28248,68842,34638,59354,17634,17516,42740,57819,43643,83078,4170,4375,9839,15902,10684,24294,12951,36154,16350,29595,9707,9897,13975,21929,12132,33200,430316,259609,26368,5619,156625,0,0,71,41
2021-03-06T23:59:59+01:00,24,22,12575,13408,23163,35646,23501,48468,27195,67311,33538,57590,17245,17186,42093,56927,43341,82609,4167,4361,9828,15876,10666,24260,12941,36112,16332,29564,9689,9856,13928,21891,12029,32989,426242,259229,26304,5335,149422,0,0,71,40
2021-03-05T23:59:59+01:00,24,22,12162,12805,22480,34440,22815,47235,26439,65678,32299,55165,16593,16349,38624,52612,41179,79162,4140,4314,9758,15776,10614,24110,12872,35916,16245,29357,9593,9786,13742,21675,11657,32377,411028,257524,24835,4484,140339,0,0,71,38
2021-03-04T23:59:59+01:00,22,22,11402,11794,21291,32710,21593,45179,25078,63023,30592,52800,15858,15628,34608,47441,38091,74468,4090,4223,9645,15482,10509,23753,12739,35382,16101,28955,9414,9632,13583,21464,11572,32232,392538,254462,22740,4391,126438,0,0,71,34
2021-03-03T23:59:59+01:00,19,22,11092,11296,20600,31487,20817,43813,24163,61269,29541,51151,15369,15122,31989,44112,35002,69691,4050,4160,9564,15311,10430,23501,12633,34959,15923,28609,9226,9505,13457,21249,11426,31961,377031,251820,21944,4222,117697,0,0,66,32
2021-03-02T23:59:59+01:00,19,22,10830,10868,19953,30516,20098,42789,23376,59878,28562,49867,14736,14474,29301,40735,31108,63464,4002,4088,9502,15145,10361,23236,12529,34526,15822,28302,9100,9401,13319,21060,11349,31816,358786,249413,20425,4221,111496,0,0,65,32
2021-03-01T23:59:59+01:00,15,21,10656,10606,19440,29710,19531,41900,22783,58805,27842,48740,14310,14019,27221,38143,26846,56571,3986,4038,9447,14990,10298,22937,12448,34150,15714,27979,9015,9339,13136,20790,11233,31633,341506,246987,19310,4221,106450,0,0,65,32
2021-02-28T23:59:59+01:00,14,21,10488,10403,18969,29060,18996,41158,22302,57949,27352,47943,14102,13777,26607,37482,26440,55968,3970,4024,9422,14956,10279,22886,12431,34080,15686,27933,8988,9315,13004,20610,11170,31483,339040,246129,18444,4184,101652,0,0,65,31
2021-02-27T23:59:59+01:00,14,20,10309,9888,18640,28190,18737,40365,22016,56963,27020,47145,13824,13475,25936,36675,25517,54548,3958,4012,9400,14935,10247,22838,12392,33998,15641,27859,8966,9300,12985,20588,11148,31463,335117,245771,17720,4035,96548,0,0,65,31
2021-02-26T23:59:59+01:00,13,19,9511,9099,17734,26743,17949,38149,21083,54103,25558,44316,13354,13073,24343,34683,23988,52240,3877,3944,9322,14774,10173,22583,12311,33631,15524,27564,8886,9219,12918,20520,11107,31394,325970,243863,17466,3961,82619,0,0,65,29
2021-02-25T23:59:59+01:00,13,19,8351,8245,16407,25130,16678,35879,19836,51204,23840,41520,12873,12667,23059,33088,22487,49952,3754,3799,9160,14459,9951,21978,12056,32775,15196,26909,8688,9066,12654,20194,10966,31124,318316,239710,16677,3098,66346,0,0,64,27
2021-02-24T23:59:59+01:00,12,18,7985,7721,15748,24090,16047,34640,19121,49685,23039,40314,12472,12330,21746,31582,20805,47324,3682,3732,9019,14167,9773,21523,11853,32148,14933,26370,8546,8929,12511,20021,10901,30913,310036,236932,15698,2165,59033,0,0,64,27
2021-02-23T23:59:59+01:00,12,18,7501,7241,14928,22912,15358,33414,18399,48273,22316,39241,12162,12001,20396,30001,19186,44758,3641,3656,8899,13964,9635,21124,11663,31567,14633,25868,8375,8787,12382,19810,10831,30681,301885,234091,14884,1501,51433,0,0,63,26
2021-02-22T23:59:59+01:00,11,16,7393,7034,14543,22292,15006,32686,17932,47262,21821,38506,11960,11749,19641,28987,17866,42801,3611,3553,8762,13671,9471,20622,11408,30822,14256,25271,8127,8593,12181,19558,10725,30378,295989,230771,14271,313,47331,0,0,61,26
2021-02-21T23:59:59+01:00,11,16,7303,6909,14219,21846,14584,32101,17514,46608,21380,38009,11853,11647,19478,28774,17619,42466,3572,3513,8678,13548,9394,20406,11336,30530,14131,25000,8064,8531,12125,19449,10654,30215,294838,228920,13899,299,43683,0,0,59,26
2021-02-20T23:59:59+01:00,11,16,7186,6859,14093,21766,14468,31965,17395,46457,21222,37828,11754,11562,18693,27851,16547,40977,3569,3507,8668,13540,9383,20385,11321,30505,14118,24989,8059,8522,12060,19385,10599,30146,290539,228532,13701,298,42490,0,0,59,25
2021-02-19T23:59:59+01:00,8,15,6881,6607,13738,21325,14096,31294,16918,45659,20514,36955,11150,11160,17643,26514,15386,39363,3489,3484,8592,13512,9340,20328,11283,30412,14059,24894,8016,8461,11838,19114,10406,29815,284127,226822,13325,296,37852,0,0,56,24
2021-02-18T23:59:59+01:00,8,15,6482,6131,13111,20179,13452,29915,16101,43785,19637,35375,10918,10941,17046,25755,14807,38476,3303,3347,8257,12970,9046,19577,10931,29365,13690,24064,7811,8152,11249,18160,9908,28661,280526,218270,12743,296,28940,0,0,56,23
2021-02-17T23:59:59+01:00,8,14,6316,5787,12664,19298,12957,28724,15399,42060,18989,34045,10688,10688,16287,24940,14029,37285,3054,3187,7917,12454,8744,18785,10561,28320,13295,23213,7576,7916,10690,17305,9468,27842,275842,210104,12011,294,22394,0,0,56,23
2021-02-16T23:59:59+01:00,8,14,5990,5486,12123,18463,12450,27646,14853,40677,18394,33005,10533,10584,15614,24106,13519,36495,2871,3067,7614,11999,8438,18061,10164,27228,12829,22313,7306,7621,9969,16129,8741,26289,272295,200570,11512,138,16222,0,0,54,23
2021-02-15T23:59:59+01:00,8,14,5884,5305,11826,17819,12181,26863,14505,39682,18042,32233,10405,10471,15049,23447,13156,35954,2781,2986,7421,11675,8219,17554,9862,26381,12478,21629,7024,7335,9266,15070,8226,25007,269175,192892,10906,92,12834,0,0,52,22
2021-02-14T23:59:59+01:00,8,14,5614,5190,11575,17548,11956,26427,14270,39234,17849,31956,10360,10419,14813,23107,12989,35560,2731,2948,7307,11509,8090,17348,9686,26049,12299,21327,6928,7211,9044,14686,8038,24471,268167,189651,9968,90,10827,0,0,49,22
2021-02-13T23:59:59+01:00,8,14,5554,5152,11525,17511,11925,26395,14242,39202,17829,31937,10344,10391,14786,23074,12975,35542,2727,2945,7302,11502,8078,17326,9670,26012,12272,21284,6898,7177,8889,14472,7685,23843,267921,188140,9963,11,10596,0,0,48,21
2021-02-12T23:59:59+01:00,8,13,5035,4834,10953,17147,11607,25840,13922,38553,17495,31291,10230,10283,14602,22858,12894,35432,2677,2912,7208,11344,7977,17095,9520,25619,12055,20837,6716,6944,8526,13909,7091,22501,266213,182991,9952,9,6905,0,0,47,21
2021-02-11T23:59:59+01:00,8,12,4571,4533,10363,16466,11193,25033,13441,37288,17001,30428,9911,10018,14319,22407,12611,34742,2506,2637,6608,10148,7288,15356,8653,22998,11002,18751,6059,6226,7476,12286,6272,20166,262967,164494,8303,6,3149,0,0,43,16
2021-02-10T23:59:59+01:00,8,12,4323,4365,10027,16011,10883,24489,13129,36402,16585,29676,9695,9880,14136,22202,12519,34533,2144,2344,5670,8684,6480,13310,7661,20080,9874,16712,5505,5639,6487,10618,5494,18102,260307,144868,7802,5,839,0,0,41,4
2021-02-09T23:59:59+01:00,8,11,4259,4266,9903,15743,10773,24086,12955,35780,16371,29202,9513,9738,13941,21987,12377,34302,1745,1989,4888,7412,5706,11510,6738,17550,8783,14707,4926,5007,5436,9061,4762,16000,257833,126282,7023,1,432,0,0,40,4
2021-02-08T23:59:59+01:00,8,11,4224,4211,9809,15530,10664,23725,12836,35317,16227,28842,9420,9670,13737,21701,12268,34104,1579,1793,4329,6414,5044,9927,5913,15014,7754,12846,4364,4472,4445,7454,3991,13907,255441,109303,6507,1,426,0,0,40,4
2021-02-07T23:59:59+01:00,8,11,4059,4144,9652,15392,10562,23560,12755,35053,16115,28646,9378,9625,13590,21517,12193,33959,1364,1546,3908,5741,4628,9047,5486,13853,7267,11884,4108,4210,4216,7057,3830,13310,254330,101510,5960,1,0,0,0,37,3
2021-02-06T23:59:59+01:00,8,11,4050,4135,9641,15376,10548,23524,12733,35003,16098,28589,9358,9611,13572,21482,12086,33761,1212,1350,3674,5434,4442,8621,5265,13263,6985,11326,3970,4073,4087,6907,3550,12850,253983,97062,5674,1,0,0,0,37,2
2021-02-05T23:59:59+01:00,8,9,3977,4067,9569,15232,10481,23272,12647,34633,15982,28302,9273,9536,13498,21406,11735,33164,1071,1120,3393,4989,4181,8041,4948,12479,6597,10597,3708,3825,3924,6675,3044,11958,252080,90600,4780,0,0,0,0,37,2
2021-02-04T23:59:59+01:00,8,9,3919,3942,9448,14913,10304,22723,12456,33833,15762,27736,9147,9423,13271,21108,11618,32957,806,787,2567,3736,3246,6295,3993,9930,5271,8372,3026,3113,3304,5696,2656,10466,248094,73300,4555,0,0,0,0,33,2
2021-02-03T23:59:59+01:00,8,9,3850,3870,9345,14688,10197,22384,12324,33319,15612,27312,9034,9308,13128,20931,11541,32787,670,619,1938,2820,2512,4861,3018,7631,4036,6311,2208,2242,2415,4221,1927,7845,245340,55304,4379,0,0,0,0,33,2
2021-02-02T23:59:59+01:00,8,9,3782,3774,9245,14494,10097,22003,12181,32751,15407,26858,8903,9192,13004,20717,11457,32519,531,491,1466,2083,1923,3657,2269,5804,3010,4716,1565,1544,1650,2784,1341,5221,242094,40076,4377,0,0,0,0,33,2
2021-02-01T23:59:59+01:00,7,9,3741,3682,9166,14264,9990,21618,12041,32112,15219,26350,8781,9044,12894,20573,11406,32340,395,356,1022,1439,1272,2436,1481,3805,1871,2993,992,988,976,1697,770,3028,238932,25531,4377,0,0,0,0,31,2
2021-01-31T23:59:59+01:00,7,9,3723,3647,9112,14155,9920,21413,11974,31815,15114,26151,8723,8985,12843,20461,11361,32211,365,335,900,1247,1078,2059,1280,3252,1637,2620,891,894,871,1513,699,2721,237433,22370,4262,0,0,0,0,30,2
2021-01-30T23:59:59+01:00,7,9,3722,3644,9102,14142,9906,21390,11961,31795,15102,26137,8719,8980,12774,20392,11293,32133,349,311,840,1163,1021,1935,1216,3062,1562,2483,863,868,852,1473,684,2668,237110,21357,4169,0,0,0,0,30,2
2021-01-29T23:59:59+01:00,7,9,3662,3628,9041,14111,9877,21336,11928,31716,15054,26068,8694,8956,12586,20167,11113,31889,281,227,718,988,877,1572,1058,2668,1349,2156,772,775,802,1418,666,2615,235877,18947,4039,0,0,0,0,27,2
2021-01-28T23:59:59+01:00,7,9,3543,3542,8835,13721,9657,20822,11695,31135,14725,25567,8556,8854,12148,19543,10755,31307,133,58,295,361,383,614,465,1156,613,968,408,430,471,815,382,1582,231069,9137,3428,0,0,0,0,25,1
2021-01-27T23:59:59+01:00,7,9,3312,3407,8541,13303,9355,20198,11309,30300,14327,24828,8335,8641,11594,18736,10326,30538,81,34,204,222,249,415,309,807,434,666,310,313,350,608,287,1160,224321,6451,2815,0,0,0,0,25,1
2021-01-26T23:59:59+01:00,6,9,3146,3309,8259,12960,9091,19628,11001,29540,13921,24190,8093,8416,11003,17812,9674,29381,76,30,189,212,233,381,293,755,403,602,295,287,323,545,260,1030,217542,5916,1967,0,0,0,0,24,1
2021-01-25T23:59:59+01:00,6,9,3057,3215,7976,12477,8800,18922,10614,28532,13435,23423,7801,8213,10373,16993,9214,28477,68,22,169,191,199,325,254,635,351,497,258,242,269,467,211,842,211194,5002,413,0,0,0,0,22,1
2021-01-24T23:59:59+01:00,6,9,3013,3194,7891,12399,8726,18797,10505,28372,13306,23240,7757,8176,10308,16881,9166,28381,67,21,165,187,197,311,251,614,342,483,249,238,267,460,207,827,209886,4888,310,0,0,0,0,22,1
2021-01-23T23:59:59+01:00,6,9,3012,3193,7890,12396,8722,18787,10503,28358,13300,23235,7750,8173,10184,16714,8837,27793,66,21,165,187,196,310,249,614,340,483,249,238,267,460,207,825,208624,4879,308,0,0,0,0,21,1
2021-01-22T23:59:59+01:00,6,9,2950,3147,7766,12283,8639,18645,10392,28185,13218,23120,7719,8138,9985,16410,8316,26767,65,21,164,187,196,310,249,614,339,483,249,238,267,460,207,825,205461,4876,307,0,0,0,0,18,1
2021-01-21T23:59:59+01:00,6,9,2868,2977,7267,11367,8152,17496,9851,26555,12609,21902,7430,7811,9343,15455,7791,25698,59,19,147,173,178,279,221,535,302,443,223,210,235,380,177,691,194351,4274,307,0,0,0,0,16,1
2021-01-20T23:59:59+01:00,6,9,2505,2630,6383,9955,7404,15534,8894,23713,11495,19823,6822,7155,8243,13679,6967,23458,57,19,146,168,175,277,213,521,290,421,211,203,229,355,163,653,174432,4103,304,0,0,0,0,16,1
2021-01-19T23:59:59+01:00,6,9,2064,2274,5481,8565,6541,13632,7870,20919,10210,17580,6058,6271,6852,11478,5938,20394,41,11,97,124,119,172,150,358,191,293,134,115,141,237,114,486,151973,2783,221,0,0,0,0,16,1
2021-01-18T23:59:59+01:00,5,9,1790,1983,4721,7179,5582,11384,6661,17310,8774,14859,5163,5382,5449,9212,4857,16898,22,6,38,46,52,80,66,164,77,146,60,54,66,131,62,220,127169,1290,97,0,0,0,0,16,1
2021-01-17T23:59:59+01:00,4,9,1511,1691,4207,6382,5067,10248,6118,15732,8131,13586,4819,5027,5073,8534,4526,15888,8,2,8,15,15,29,20,51,30,56,23,23,20,31,13,47,116504,390,91,0,0,0,0,15,1
2021-01-16T23:59:59+01:00,4,8,1344,1488,3989,6058,4886,9807,5855,15060,7799,12888,4625,4793,4856,8255,4167,15282,0,0,0,1,1,3,1,1,2,2,0,1,1,0,0,1,111196,13,8,0,0,0,0,14,1
2021-01-15T23:59:59+01:00,4,8,1193,1262,3735,5635,4630,9240,5564,14216,7387,12087,4330,4497,4669,7947,3630,14234,0,0,0,0,0,0,0,0,1,0,0,0,0,0,0,0,104301,0,4,0,0,0,0,14,1
2021-01-14T23:59:59+01:00,3,5,918,949,2985,4445,3763,7411,4612,11451,5977,9724,3515,3615,3917,6703,3141,12403,0,0,0,0,0,0,0,0,1,0,0,0,0,0,0,0,85563,0,0,0,0,0,0,14,1
2021-01-13T23:59:59+01:00,3,4,779,795,2511,3713,3177,6180,3836,9497,4872,7828,2630,2697,2961,5110,2406,9494,0,0,0,0,0,0,0,0,1,0,0,0,0,0,0,0,68514,0,0,0,0,0,0,13,1
2021-01-12T23:59:59+01:00,2,4,647,664,2103,3044,2618,5025,3072,7645,3843,6148,1894,1873,2032,3469,1706,6490,0,0,0,0,0,0,0,0,1,0,0,0,0,0,0,0,52306,0,0,0,0,0,0,1,1
2021-01-11T23:59:59+01:00,1,1,499,527,1751,2465,2104,4014,2376,5807,2855,4463,1220,1163,1217,2036,941,3699,0,0,0,0,0,0,0,0,1,0,0,0,0,0,0,0,37161,0,0,0,0,0,0,1,1
2021-01-10T23:59:59+01:00,1,1,441,457,1489,2038,1760,3287,1965,4818,2372,3733,1074,1033,1071,1787,840,3242,0,0,0,0,0,0,0,0,1,0,0,0,0,0,0,0,31422,0,0,0,0,0,0,1,1
2021-01-09T23:59:59+01:00,1,1,410,412,1364,1860,1614,2995,1811,4368,2185,3401,998,961,1010,1732,822,3199,0,0,0,0,0,0,0,0,1,0,0,0,0,0,0,0,29155,0,0,0,0,0,0,1,1
2021-01-08T23:59:59+01:00,1,1,312,282,1112,1510,1332,2322,1486,3575,1806,2782,863,851,921,1609,774,3043,0,0,0,0,0,0,0,0,1,0,0,0,0,0,0,0,24591,0,0,0,0,0,0,1,1
2021-01-07T23:59:59+01:00,1,0,146,76,400,509,491,801,600,1383,787,1217,480,497,572,971,472,1927,0,0,0,0,0,0,0,0,1,0,0,0,0,0,0,0,11333,0,0,0,0,0,0,0,1
2021-01-06T23:59:59+01:00,1,0,111,44,269,285,318,523,403,938,536,837,371,377,435,756,365,1460,0,0,0,0,0,0,0,0,1,0,0,0,0,0,0,0,8032,0,0,0,0,0,0,0,1
2021-01-05T23:59:59+01:00,1,0,87,31,190,230,251,436,324,828,453,715,354,361,418,723,358,1406,0,0,0,0,0,0,0,0,1,0,0,0,0,0,0,0,7169,0,0,0,0,0,0,0,1
2021-01-04T23:59:59+01:00,1,0,69,25,173,193,207,341,260,644,358,517,278,268,298,525,241,947,0,0,0,0,0,0,0,0,1,0,0,0,0,0,0,0,5347,0,0,0,0,0,0,0,1
2021-01-03T23:59:59+01:00,1,0,67,21,167,188,202,324,258,629,348,500,270,266,294,512,239,930,0,0,0,0,0,0,0,0,1,0,0,0,0,0,0,0,5218,0,0,0,0,0,0,0,1
2021-01-02T23:59:59+01:00,1,0,67,21,167,188,202,324,255,629,345,500,270,266,294,512,239,929,0,0,0,0,0,0,0,0,1,0,0,0,0,0,0,0,5211,0,0,0,0,0,0,0,1
2021-01-01T23:59:59+01:00,1,0,66,21,166,188,202,323,254,629,342,498,270,266,294,511,239,929,0,0,0,0,0,0,0,0,1,0,0,0,0,0,0,0,5201,0,0,0,0,0,0,0,1
2020-12-31T23:59:59+01:00,1,0,66,21,166,186,202,322,253,628,341,497,270,266,294,511,239,929,0,0,0,0,0,0,0,0,1,0,0,0,0,0,0,0,5194,0,0,0,0,0,0,0,1
2020-12-30T23:59:59+01:00,1,0,65,21,166,185,200,319,253,626,341,495,270,266,294,511,238,929,0,0,0,0,0,0,0,0,1,0,0,0,0,0,0,0,5182,0,0,0,0,0,0,0,1
2020-12-29T23:59:59+01:00,1,0,46,12,118,140,151,216,185,449,240,378,181,167,200,379,176,725,0,0,0,0,0,0,0,0,1,0,0,0,0,0,0,0,3765,0,0,0,0,0,0,0,1
2020-12-28T23:59:59+01:00,1,0,25,8,64,77,87,122,103,256,119,232,99,94,103,201,103,388,0,0,0,0,0,0,0,0,1,0,0,0,0,0,0,0,2083,0,0,0,0,0,0,0,1
2020-12-27T23:59:59+01:00,0,0,12,3,17,26,40,47,37,90,38,94,32,29,40,73,32,145,0,0,0,0,0,0,0,0,0,0,0,0,0,0,0,0,755,0,0,0,0,0,0,0,0
