Datum,<15_m,<15_w,15-24_1_m,15-24_1_w,25-34_1_m,25-34_1_w,35-44_1_m,35-44_1_w,45-54_1_m,45-54_1_w,55-64_1_m,55-64_1_w,65-74_1_m,65-74_1_w,75-84_1_m,75-84_1_w,>84_1_m,>84_1_w,<24_2_m,<24_2_w,25-34_2_m,25-34_2_w,35-44_2_m,35-44_2_w,45-54_2_m,45-54_2_w,55-64_2_m,55-64_2_w,65-74_2_m,65-74_2_w,75-84_2_m,75-84_2_w,>84_2_m,>84_2_w,bp_1,bp_2,mo_1,mo_2,az_1,az_2,ja,unb_1,unb_2
2021-08-12T23:59:59+02:00,27637,25696,250487,241411,360055,331434,379415,372588,444986,455234,500589,503601,344692,385142,242632,310693,71467,130806,203241,196684,321475,293460,347772,338934,415739,423760,474180,477520,331384,369986,234097,299105,68434,124565,3839832,3509000,513626,473361,806233,752284,219251,498,358
2021-08-11T23:59:59+02:00,27412,25451,249795,240759,359465,330885,378933,372133,444557,454845,500210,503188,344481,384920,242529,310566,71446,130763,200286,193794,318387,290624,345685,336923,414309,422418,472955,476274,330865,369376,233865,298719,68395,124457,3835201,3487813,513420,472353,806198,751380,217896,498,358
2021-08-10T23:59:59+02:00,27177,25199,248991,240048,358792,330366,378426,371616,444088,454391,499782,502812,344303,384735,242445,310434,71423,130721,196534,190118,313930,286583,342781,334218,412242,420523,471405,474853,330215,368726,233586,298322,68341,124343,3830306,3459234,513146,471293,806167,750249,216508,497,358
2021-08-09T23:59:59+02:00,26999,25015,248415,239530,358294,329947,378035,371279,443726,454089,499476,502554,344167,384604,242383,310331,71404,130688,192571,186140,308597,282112,340129,331841,410412,418820,469848,473433,329611,368059,233328,297964,68286,124215,3827007,3431149,512980,468585,806140,749178,215187,497,358
2021-08-08T23:59:59+02:00,26852,24878,247984,239171,357958,329641,377723,371021,443453,453850,499262,502384,344067,384507,242325,310255,71387,130656,191552,185107,307088,280874,338878,330742,409592,418097,469304,472942,329363,367802,233210,297807,68262,124168,3824803,3423232,512831,467240,806090,748709,214028,497,358
2021-08-07T23:59:59+02:00,26706,24708,247468,238727,357578,329317,377400,370745,443166,453615,499040,502215,343999,384416,242290,310206,71379,130646,187922,181566,305084,279066,337198,329242,408281,416855,468394,472167,329018,367436,233081,297622,68229,124134,3822009,3403942,512722,465915,806080,748494,213188,497,355
2021-08-06T23:59:59+02:00,26485,24475,246619,238080,356824,328724,376746,370180,442529,453102,498522,501837,343766,384213,242192,310095,71367,130625,184225,178045,301686,276301,335093,327430,406708,415539,467118,471212,328641,367054,232920,297471,68205,124090,3819493,3384859,511411,464202,806072,747416,209783,497,355
2021-08-05T23:59:59+02:00,26173,24165,245489,237183,355967,327890,375968,369488,441829,452445,497880,501319,343499,383920,242081,309924,71326,130563,179832,174156,296401,271970,331061,323940,403959,413083,464909,469453,327989,366369,232661,297112,68148,123981,3813433,3357421,511160,459579,806017,743753,206877,497,355
2021-08-04T23:59:59+02:00,25817,23831,244384,236232,355018,327011,375221,368803,441233,451863,497331,500820,343229,383658,241963,309758,71301,130493,176394,170889,292692,268874,326682,320072,401734,411019,463230,467920,327302,365676,232393,296768,68091,123880,3807179,3330500,510827,457833,805987,742014,204359,489,354
2021-08-03T23:59:59+02:00,25359,23418,243035,235065,354142,326197,374530,368130,440593,451211,496751,500296,342947,383363,241839,309585,71258,130428,172942,167479,288636,265265,321633,315514,399026,408495,460923,465845,326485,364825,232047,296306,68025,123745,3799389,3298789,510668,455968,805951,739949,202525,489,354
2021-08-02T23:59:59+02:00,25043,23110,241994,234122,353312,325468,373848,367545,440047,450678,496239,499852,342689,383095,241726,309436,71232,130369,169324,163903,283984,261334,315809,310605,396301,405964,458703,463868,325715,363996,231754,295912,67964,123630,3793165,3265565,510426,454017,805898,737432,200701,489,353
2021-08-01T23:59:59+02:00,24893,22924,241373,233524,352738,324974,373424,367169,439623,450359,495896,499577,342559,382935,241653,309319,71219,130342,167795,162471,281531,259358,311201,306908,394457,404400,457235,462635,325296,363516,231591,295699,67937,123571,3789569,3247813,510117,451895,805810,734992,199388,489,353
2021-07-31T23:59:59+02:00,24784,22820,241034,233209,352467,324755,373188,367000,439438,450209,495790,499478,342526,382898,241633,309306,71218,130337,164049,158648,278731,256830,309128,304924,393066,403118,456092,461654,324979,363141,231456,295527,67911,123525,3787985,3225028,509930,450962,805805,734206,198753,489,353
2021-07-30T23:59:59+02:00,24498,22564,240246,232503,351903,324234,372708,366545,438986,449813,495434,499187,342387,382760,241589,309228,71205,130321,160325,154901,275348,253746,306128,302127,390852,401033,454260,460086,324481,362615,231248,295237,67878,123469,3783963,3200090,509574,449770,805789,731078,197168,489,353
2021-07-29T23:59:59+02:00,24160,22229,238724,231259,350763,323176,371758,365653,438153,449036,494641,498574,342058,382454,241455,309052,71170,130259,155499,150461,270005,249599,300269,297391,386537,397579,451234,457705,323653,361779,230941,294831,67818,123373,3776530,3166437,508914,444971,805710,725994,193801,489,353
2021-07-28T23:59:59+02:00,23867,21947,237587,230237,349891,322353,371036,364985,437533,448377,494087,498098,341808,382161,241325,308867,71136,130189,151758,146835,265542,245975,295868,293464,383289,394749,449161,455869,322999,361026,230682,294449,67754,123252,3769938,3135927,508392,443066,805633,723376,191903,488,353
2021-07-27T23:59:59+02:00,23599,21723,236601,229286,349073,321626,370355,364414,436971,447775,493577,497653,341575,381868,241194,308678,71101,130091,146762,141751,259678,240884,290609,288744,379318,391086,446014,453090,322028,359935,230321,293951,67666,123096,3763763,3094659,507851,440778,805578,719662,190350,488,352
2021-07-26T23:59:59+02:00,23367,21489,235642,228335,348307,320942,369766,363872,436428,447297,493129,497296,341349,381631,241068,308524,71078,130034,142439,137381,254159,236122,285455,284285,374875,387154,442506,450077,321082,358975,229994,293476,67594,122960,3758212,3055415,507229,438534,805502,715333,188991,488,352
2021-07-25T23:59:59+02:00,23013,21189,234317,227197,347381,320196,369102,363226,435860,446769,492677,496898,341157,381419,240981,308394,71057,129970,140599,135651,251507,233931,282983,282208,372746,385389,440440,448305,320578,358464,229796,293248,67569,122884,3751273,3040584,506854,436367,805440,710990,187616,488,352
2021-07-24T23:59:59+02:00,22770,21000,233402,226355,346668,319558,368536,362714,435338,446339,492323,496624,341041,381322,240939,308332,71054,129961,137710,132864,248785,231624,280429,280010,370500,383543,439208,447323,320232,358128,229652,293070,67550,122850,3747350,3022317,506090,433374,805431,710654,185784,488,352
2021-07-23T23:59:59+02:00,22352,20614,231910,225038,345364,318646,367503,361864,434466,445558,491630,496100,340806,381053,240852,308219,71033,129925,132255,128037,243441,227357,275983,276243,366825,380370,436576,445131,319534,357408,229399,292761,67496,122769,3739989,2986972,505628,431614,805375,708525,182319,488,351
2021-07-22T23:59:59+02:00,21853,20139,229819,223086,343638,317134,366015,360595,433164,444434,490661,495215,340389,380613,240682,307977,70988,129845,127936,124005,237471,222874,269625,271205,359955,374899,431134,440647,318367,356159,228974,292244,67402,122618,3727734,2945109,504051,425655,805240,702238,179596,488,351
2021-07-21T23:59:59+02:00,21348,19621,227951,221284,341963,315624,364410,359040,431606,443060,489450,494058,339841,380096,240437,307697,70935,129750,124197,120457,232033,218653,264124,266703,351850,368000,426550,436919,317251,355012,228516,291680,67321,122440,3716869,2909768,500321,414825,805022,697471,176332,488,348
2021-07-20T23:59:59+02:00,21045,19344,226496,219827,340753,314470,363456,358175,430760,442286,488739,493425,339506,379735,240295,307478,70908,129663,119881,116251,225712,213500,258321,261549,344751,361909,421869,432624,316166,353761,228107,291099,67226,122259,3707700,2866177,499920,407636,804904,693099,174209,488,347
2021-07-19T23:59:59+02:00,20731,19051,224779,218151,339456,313236,362433,357211,429958,441517,488072,492814,339210,379378,240148,307248,70864,129565,117145,113671,221360,209928,253733,257603,341051,358751,419262,430455,315451,353040,227818,290711,67154,122137,3697227,2841290,499509,402280,804818,688798,172639,488,347
2021-07-18T23:59:59+02:00,20579,18924,223500,216903,337873,311835,361385,356307,429168,440813,487545,492274,338982,379096,240019,307070,70843,129504,115660,112291,218734,207772,251389,255520,338818,356909,417244,428776,314974,352558,227657,290493,67133,122070,3687942,2829087,498975,398013,804744,685123,171328,488,346
2021-07-17T23:59:59+02:00,20187,18503,222357,215854,337302,311300,360802,355801,428660,440370,487136,491988,338878,378981,239977,307017,70840,129494,113599,110203,216281,205475,248942,253336,336409,354785,415804,427517,314641,352167,227522,290326,67109,122030,3682444,2811670,498776,395301,804734,684339,169868,482,345
2021-07-16T23:59:59+02:00,19648,17992,219816,213723,335575,310012,359305,354512,427198,439169,486042,491126,338476,378616,239804,306858,70815,129457,110496,107411,211539,201558,244416,249713,332128,351106,412469,424808,313722,351244,227174,289913,67055,121948,3672300,2784109,498025,392968,804577,680529,163616,482,343
2021-07-15T23:59:59+02:00,19010,17369,217048,211317,333683,308321,357732,353082,425870,438000,485110,490281,338081,378195,239606,306604,70773,129354,106608,104215,203203,195336,236953,244128,325560,345896,405428,418388,311993,349444,226635,289251,66984,121751,3657389,2737745,497428,384590,804465,673123,160525,482,343
2021-07-14T23:59:59+02:00,18169,16645,214625,209012,332006,306804,356344,351750,424663,436810,484089,489334,337631,377734,239370,306294,70719,129268,103020,100897,196770,190201,231261,239485,321286,342437,401266,414775,310691,348137,226235,288694,66905,121597,3642585,2704316,496870,379074,804341,666342,157840,482,342
2021-07-13T23:59:59+02:00,17522,15991,212457,207000,330417,305450,355021,350539,423509,435740,483145,488488,337198,377269,239167,306053,70684,129179,99275,97374,190312,184827,224159,233445,314631,336395,392896,406947,308904,346214,225635,287908,66797,121400,3628918,2661720,496316,366430,804198,656896,155766,481,336
2021-07-12T23:59:59+02:00,16508,15060,209193,203826,328363,303728,353453,349078,422274,434553,482172,487591,336785,376806,238988,305827,70644,129102,96190,94665,185049,180543,217197,227793,307822,330373,387815,402680,307186,344356,225048,287176,66698,121231,3610540,2623552,495766,359325,804029,648503,153984,480,335
2021-07-11T23:59:59+02:00,15997,14590,207850,202563,327632,303023,352796,348464,421721,434059,481731,487252,336599,376605,238928,305722,70623,129062,94774,93381,182290,178245,214212,225518,305145,328224,384993,400304,304723,341740,224671,286707,66646,121133,3604387,2608646,495131,357342,803908,638040,152165,473,331
2021-07-10T23:59:59+02:00,15523,14130,206010,200795,326175,301767,351670,347498,421001,433466,481260,486855,336433,376439,238862,305636,70613,129042,93484,92119,179777,176149,211192,223040,302637,326075,383836,399272,304078,341074,224491,286521,66630,121108,3595833,2591943,494507,357118,803673,636291,149533,473,331
2021-07-09T23:59:59+02:00,15200,13854,204105,198963,324575,300326,350607,346544,420102,432759,480696,486382,336231,376218,238766,305516,70597,129008,90710,89400,176255,172932,206854,218896,297624,321481,380404,396302,302987,339852,224188,286155,66593,121044,3586745,2563025,493650,355066,803481,628714,146940,473,330
2021-07-08T23:59:59+02:00,14741,13430,200638,195997,321281,297667,348247,344569,418400,431315,479268,485318,335797,375779,238588,305271,70554,128932,86426,85645,169036,167297,198743,212511,290275,315394,373488,390114,300293,336944,223417,285225,66476,120786,3571525,2516977,489599,346440,802963,618405,142069,473,330
2021-07-07T23:59:59+02:00,14241,12974,196918,192155,318138,294822,345949,342541,416849,429853,478077,484225,335321,375223,238399,305001,70517,128829,82751,82216,161762,161612,189734,205358,282314,308846,366487,383321,296997,333349,222517,284129,66338,120540,3550359,2469153,488246,333043,802582,608453,139206,472,328
2021-07-06T23:59:59+02:00,13784,12603,193500,188788,314899,292100,343485,340262,415140,428298,476818,483096,334822,374671,238204,304712,70465,128743,79203,78661,155115,156116,182349,199164,273403,300913,360024,377255,293810,330112,221637,283042,66230,120309,3530610,2416869,485199,326075,802166,598965,136776,471,328
2021-07-05T23:59:59+02:00,13387,12268,189129,184564,310879,288782,340989,337951,413478,426762,475681,482031,334349,374153,238031,304469,70432,128658,76157,75855,150016,152045,177599,195048,266513,294664,353932,371732,290546,326674,220758,281928,66122,120140,3507912,2377940,484050,321609,801678,588635,132715,465,328
2021-07-04T23:59:59+02:00,13210,12111,185304,180707,308265,286772,339685,336884,412604,425985,475101,481550,334129,373901,237941,304345,70406,128605,73978,73987,146935,149502,175279,193017,264085,292610,350831,369530,287247,323288,220181,281266,66067,120021,3495761,2364234,482763,319324,801110,577143,128232,465,326
2021-07-03T23:59:59+02:00,12019,11058,178888,174722,304021,283331,337364,334723,410798,424181,473899,480490,333729,373455,237767,304099,70382,128562,72206,72417,144518,147631,172845,190944,261033,289897,348557,367680,285500,321309,219914,280905,66035,119972,3469494,2348563,481359,319130,800926,572663,122064,465,326
2021-07-02T23:59:59+02:00,10922,9968,175181,171267,301621,281139,335621,333025,409552,422995,473127,479807,333470,373140,237651,303917,70354,128514,69524,69751,140621,144367,168431,186928,254999,284481,343351,362984,282255,317591,219275,280136,65987,119888,3451440,2315540,479886,316358,800733,560098,119563,464,303
2021-07-01T23:59:59+02:00,9828,9046,171521,167849,297601,277873,333151,330772,407762,421420,472037,478853,333057,372683,237452,303645,70308,128436,64656,65039,134349,139061,161181,180446,244774,275654,332581,353239,277489,312331,217425,277888,65808,119576,3429028,2259430,477805,304042,800386,542436,116424,464,302
2021-06-30T23:59:59+02:00,9341,8656,168260,164787,292010,273259,329489,327445,405996,419893,471023,477886,332638,372201,237262,303349,70274,128350,61534,62192,128726,134383,154548,174449,234748,266525,319219,339997,272293,306811,215539,275568,65641,119258,3404036,2204533,475651,291263,800093,523640,112685,464,300
2021-06-29T23:59:59+02:00,8806,8135,164479,161028,287498,269016,325938,324156,403904,417820,469488,476475,332054,371566,237014,302995,70220,128241,58757,59217,123801,129991,148548,168938,222924,255862,310685,331660,265847,299635,213576,273115,65439,118913,3376640,2145477,473668,286614,799769,506279,109098,463,297
2021-06-28T23:59:59+02:00,8401,7756,161168,157582,282482,264715,322651,321314,401770,415899,468003,475168,331534,370955,236781,302684,70177,128147,56496,56882,119914,126503,144216,164868,213717,247468,304917,326276,260908,294348,211817,270887,65293,118649,3352808,2109884,469697,278035,799114,489786,105905,463,294
2021-06-27T23:59:59+02:00,8254,7633,159671,156065,280385,262914,320854,319787,400082,414540,467117,474464,331242,370664,236678,302525,70158,128098,55304,55780,117795,124805,141670,162752,209624,244098,301571,323427,257120,290363,209364,267982,65182,118461,3342855,2094515,467626,274569,798071,473702,102916,463,294
2021-06-26T23:59:59+02:00,7103,6535,156410,152731,278285,261033,318448,317555,398897,413393,466419,473760,330971,370381,236572,302367,70134,128068,54762,55200,116467,123663,140255,161523,207386,242098,299047,321024,255591,288711,209031,267573,65155,118391,3323781,2077828,464815,274482,798064,471208,102783,416,252
2021-06-25T23:59:59+02:00,5883,5419,152113,148459,274907,258089,316393,315596,397596,412151,465421,472938,330684,370047,236446,302213,70106,128020,53481,53580,114002,120976,136192,156969,198643,233664,293377,315167,253871,286599,208442,266774,65084,118272,3298895,2035452,463393,272796,798010,464651,102562,416,252
2021-06-24T23:59:59+02:00,5030,4637,147688,144346,270115,254182,312127,311832,395424,410290,464056,471807,330266,369588,236278,301977,70073,127934,50844,50999,108900,116281,128888,150350,186652,223245,281988,304960,248508,280789,206617,264438,64881,117872,3267876,1973610,461400,261065,797845,450939,100905,415,251
2021-06-23T23:59:59+02:00,4811,4430,144536,141240,266436,251047,306897,307046,392935,407952,462659,470494,329739,368971,236048,301667,70025,127831,48909,48927,105113,112383,123236,144689,176790,214605,270061,293020,243910,275991,205287,262743,64720,117512,3240430,1917505,457886,251242,797692,440260,99132,415,251
2021-06-22T23:59:59+02:00,4562,4201,141469,138121,262742,247686,300787,301620,390312,405402,461122,469014,329198,368370,235829,301318,69977,127725,47223,47191,101519,109102,118461,140132,164224,203486,259191,282754,239859,271531,203371,260338,64469,117044,3208479,1859331,455965,243554,797512,429335,97869,413,243
2021-06-21T23:59:59+02:00,4305,3956,138212,135187,258057,243809,295552,296763,387289,402537,459653,467668,328680,367814,235604,301007,69937,127613,46002,45971,99145,106894,115731,137437,158029,197737,252334,276135,234521,265714,199460,255840,64285,116670,3176850,1828485,453935,238052,797302,409619,95923,412,243
2021-06-20T23:59:59+02:00,4162,3837,136710,133688,253842,240355,292994,294535,385901,401227,458864,466925,328458,367535,235493,300874,69917,127551,44889,45059,96904,105112,113471,135465,155009,195208,248045,272094,231529,262196,198473,254590,64204,116545,3159498,1808263,452178,234521,797154,401776,94399,412,239
2021-06-19T23:59:59+02:00,3748,3488,134566,131605,251101,238046,291221,292899,384065,399665,458022,466196,328239,367284,235390,300736,69896,127519,44353,44415,95640,103860,112009,134008,153513,193777,244839,269089,230816,261352,198304,254329,64182,116492,3143225,1792386,449369,232946,797146,401502,94301,412,238
2021-06-18T23:59:59+02:00,2800,2576,131294,128471,247587,235007,287217,289500,381677,397549,456683,465034,327865,366884,235235,300500,69869,127470,43577,43509,94072,102092,109730,131351,149983,189756,238012,261845,229098,259355,197821,253691,64107,116359,3117479,1763231,444945,232428,797121,394824,94028,411,238
2021-06-17T23:59:59+02:00,2566,2353,127595,125197,241586,230580,282011,285124,376903,393575,454365,463209,327279,366166,234995,300145,69803,127358,41352,41690,90030,98631,104853,126617,142139,182101,226652,250491,223910,253432,196174,251540,63848,115940,3082844,1707733,441975,228297,796867,383951,89577,309,227
2021-06-16T23:59:59+02:00,2295,2120,124372,121803,236704,226257,277322,280872,371740,389092,451786,461080,326546,365369,234708,299735,69737,127245,39533,40102,86507,95616,100518,122805,133933,174787,214588,238615,217700,246355,194261,249222,63596,115452,3049445,1648165,436453,222704,796355,375894,86981,307,226
2021-06-15T23:59:59+02:00,1909,1789,119461,116946,230729,221129,271989,275893,366684,384465,448950,458671,325680,364400,234363,299221,69655,127062,37916,38499,83194,92582,96562,118770,126899,168428,202281,226632,211693,239587,192313,246799,63285,114883,3004834,1591073,434537,216880,795791,368244,84276,307,223
2021-06-14T23:59:59+02:00,1648,1516,115419,112797,225510,216225,266630,270924,361411,379729,445837,456084,324899,363548,234051,298831,69593,126942,36937,37611,80922,90504,93869,116263,122795,164692,195704,220156,208593,236092,191181,245330,63068,114496,2962769,1561599,432190,214611,795532,360604,81541,305,222
2021-06-13T23:59:59+02:00,1574,1431,113928,111422,223069,214129,264092,268669,359160,377778,444666,455051,324624,363244,233916,298664,69561,126868,36081,36885,79077,88842,91867,114457,119978,162100,191855,216468,205519,232663,190150,243964,62836,114085,2947805,1547681,429756,207363,795224,352423,79496,305,220
2021-06-12T23:59:59+02:00,1425,1294,111281,108678,221178,212402,262714,267398,357725,376380,443771,454283,324337,362936,233824,298561,69543,126840,35713,36483,78094,87748,90620,113171,118410,160544,188301,213171,204487,231539,188750,242309,62826,114055,2931649,1534579,428779,207354,795204,345048,79372,304,219
2021-06-11T23:59:59+02:00,1278,1157,108745,106170,218293,209789,259050,264216,354597,373658,442058,452813,323902,362486,233690,298355,69516,126785,35045,35373,76096,84385,88396,109652,114318,155410,181624,205748,202398,229176,188149,241541,62764,113958,2907281,1507184,425995,206668,795025,331623,78687,304,217
2021-06-10T23:59:59+02:00,1118,1004,103999,101769,212239,205047,252007,258405,348516,368368,437571,449045,323047,361519,233369,297909,69432,126634,33466,33893,72110,80226,83495,104166,107669,147230,169326,192137,196346,222313,186426,239409,62512,113557,2863740,1460231,418918,204933,794184,304667,74574,302,213
2021-06-09T23:59:59+02:00,970,875,100090,98074,206295,200328,245206,252703,341870,362423,433896,446029,322375,360780,233101,297531,69368,126502,31939,32643,68885,77582,79809,101012,102965,142962,158224,181416,185763,210366,184566,237168,62240,113063,2824841,1406397,410403,200966,793679,293426,69936,268,210
2021-06-08T23:59:59+02:00,787,694,95567,93540,199678,194773,238254,246704,333628,355154,428798,441375,321545,359781,232732,297048,69287,126365,30870,31795,66301,75291,76537,98296,98397,139057,150652,173949,177070,200676,182764,234927,62008,112697,2772962,1367313,404644,196069,793101,282600,65435,268,197
2021-06-07T23:59:59+02:00,629,553,92359,90444,193631,190078,231704,241472,325801,348987,425760,438937,321004,359152,232519,296724,69233,126269,30005,30948,63841,73344,73589,96144,94640,136130,142602,166176,173034,196072,181342,233119,61785,112315,2734035,1340283,398497,192782,792539,271532,60612,265,196
2021-06-06T23:59:59+02:00,591,517,90786,89130,190350,187539,228361,238716,321536,345589,424331,437864,320735,358861,232411,296566,69209,126222,29404,30394,62073,71668,71516,94148,91462,133066,136934,160410,170510,193460,180233,231722,61556,111935,2718661,1328464,391122,183156,792066,261105,57886,263,195
2021-06-05T23:59:59+02:00,511,437,88844,87120,185487,183323,225903,236582,319721,343959,423333,436950,320446,358539,232263,296397,69195,126190,28953,29643,60876,69726,70125,92008,89793,130821,132193,155096,167518,189803,179748,231066,61522,111869,2695216,1304912,391005,182691,791889,255763,57509,262,195
2021-06-04T23:59:59+02:00,411,352,86494,84597,181830,179725,221897,232634,316139,340330,420975,434760,319988,358005,232067,296169,69157,126127,28490,28976,59766,68081,68855,89938,88010,128219,128841,151451,163289,185045,178759,229800,61474,111783,2665988,1286157,387189,181921,791777,245695,57116,262,195
2021-06-03T23:59:59+02:00,318,278,83212,81537,176113,175078,214655,226547,308444,333643,413230,427905,318960,356831,231698,295723,69102,125996,27601,27967,57882,65900,66474,87204,84391,124124,122106,144795,156965,177461,177194,227777,61361,111546,2617145,1257042,376955,176626,791360,232979,54208,260,191
2021-06-02T23:59:59+02:00,269,219,81144,79380,172046,171369,211019,223404,304875,330301,411189,426076,318554,356380,231545,295517,69074,125945,27138,27488,56760,64792,64893,85934,82344,122190,117146,139916,149099,168514,176480,226824,61276,111377,2588453,1224904,375573,174663,791331,229368,53340,258,187
2021-06-01T23:59:59+02:00,172,151,76885,75560,163784,164820,201670,215679,295785,322433,402990,418255,317046,354772,231006,294783,68962,125718,25586,26074,52461,61853,60068,82654,76949,117706,109743,132727,138021,155135,174384,224095,61067,110951,2529831,1174896,363947,170565,790570,217609,46497,256,183
2021-05-31T23:59:59+02:00,150,134,74147,73087,158140,160513,194368,209730,288405,316068,397261,413294,316053,353665,230621,294264,68872,125546,24676,25021,49845,59647,56914,80131,73363,114444,105260,128296,133885,150248,173021,222379,60897,110620,2489452,1152541,354580,168250,789946,207236,40706,255,181
2021-05-30T23:59:59+02:00,139,126,73099,72023,155668,158488,191748,207382,285632,313559,395376,411556,315693,353255,230461,294029,68835,125466,24076,24241,48269,57932,55184,78284,71146,111898,102614,125441,131733,147727,172231,221445,60804,110409,2473644,1142814,352065,166944,789325,195896,37865,255,177
2021-05-29T23:59:59+02:00,136,125,72491,71434,154161,157090,189450,205353,283795,311978,394538,410782,315471,353011,230381,293951,68824,125448,23753,23717,47354,56438,53848,76413,69227,109058,100305,122652,128939,144311,171580,220539,60777,110357,2459773,1129253,351907,166880,789256,185374,37845,255,176
2021-05-28T23:59:59+02:00,132,122,71406,70317,151774,154836,185800,201822,280530,308845,392676,409017,315062,352510,230234,293736,68805,125391,23223,22716,45747,54314,52027,73860,67189,105117,95991,116765,124581,139272,170605,219233,60731,110243,2435995,1106704,350862,166667,789048,170858,37468,254,173
2021-05-27T23:59:59+02:00,121,114,68098,67308,145301,149907,177622,195580,274153,303697,386369,403345,313806,351066,229775,293205,68734,125209,21908,21034,42499,51269,48155,70055,62648,99116,89647,109267,120666,134656,167812,215535,60559,109930,2391494,1078333,343262,163927,787251,150826,31747,254,169
2021-05-26T23:59:59+02:00,117,111,65946,65134,140353,145830,171532,190522,267410,298036,379638,396661,312291,349464,229289,292510,68632,124998,21170,20125,40681,49140,45806,67325,59623,95327,85059,104165,115697,128943,164027,210208,60351,109504,2354272,1046469,330079,162360,785444,139379,29018,251,168
2021-05-25T23:59:59+02:00,116,105,63919,63149,136159,142345,166484,186239,260350,291764,374223,391283,311015,348064,228884,291866,68548,124821,20594,19461,39283,47627,43977,65313,57154,92333,80995,99798,110782,123273,158502,202982,60181,109203,2316797,1015038,322580,158942,782911,130169,27385,247,165
2021-05-24T23:59:59+02:00,113,103,62677,61940,133410,140250,163209,183832,253408,285782,369293,386616,310190,347145,228599,291481,68476,124693,20252,19062,38268,46561,42634,63832,55483,90326,78765,97294,109365,121624,157899,202196,60069,109001,2293082,1005725,311495,157648,781134,123495,25840,247,163
2021-05-23T23:59:59+02:00,108,103,62181,61424,132309,139358,162015,182801,252169,284764,367710,385188,309577,346490,228428,291255,68455,124657,20023,18876,37721,46008,41884,63135,54324,89332,77281,95931,108198,120235,156923,200980,60001,108863,2281607,997603,310916,154564,781087,121911,25715,247,162
2021-05-22T23:59:59+02:00,105,101,61489,60805,130826,138292,159649,181183,249204,282476,365237,382971,309051,345899,228251,290989,68429,124607,19706,18455,37110,45408,41245,62606,53672,88609,76514,94790,106650,118436,156151,200012,59974,108809,2263689,990915,310901,154560,781048,118492,24254,247,162
2021-05-21T23:59:59+02:00,101,97,60159,59368,127929,135702,156375,177866,243981,277714,359151,377290,308119,344810,227954,290593,68369,124500,19347,18090,36498,44640,40595,61558,52723,87217,74803,92490,103414,114491,155017,198562,59882,108634,2227690,977924,309265,154235,779482,111906,23971,241,160
2021-05-20T23:59:59+02:00,94,95,57110,56577,122201,130838,149457,171559,233684,268985,350135,369018,305590,342075,227189,289590,68237,124282,18051,17156,34327,42394,38147,58662,49911,83456,70879,88005,99303,109876,152561,195553,59702,108280,2169811,958690,302619,152297,773529,94268,21078,233,160
2021-05-19T23:59:59+02:00,93,93,54898,54387,117199,126166,142297,164953,223163,259639,339609,358142,302949,339210,226444,288551,68087,124006,17471,16373,33104,40811,36743,56601,47901,80684,67644,84437,95427,105408,148943,190840,59440,107788,2104016,935334,296374,150327,770551,84783,19250,233,147
2021-05-18T23:59:59+02:00,88,88,52806,52429,112420,121909,135928,159390,211608,249279,329747,348359,300283,336246,225569,287356,67935,123752,16954,15774,31902,39356,35399,54814,46099,78290,64766,81217,91437,100885,145753,186787,59228,107353,2044232,915170,287027,147476,766960,76171,17272,229,147
2021-05-17T23:59:59+02:00,85,85,51773,51436,110092,119857,133127,156740,205090,243268,322187,341283,298499,334282,224985,286533,67828,123539,16499,15327,30855,38312,34235,53528,44620,76497,62513,78826,86614,95035,144292,184904,59078,107038,2017473,903511,274747,140018,763551,69502,15214,228,145
2021-05-16T23:59:59+02:00,84,82,50987,50780,108652,118536,131390,155084,202124,240591,314757,334339,297481,333155,224678,286050,67776,123442,16216,14956,30108,37535,33363,52608,43558,75184,61182,77358,83205,90970,143505,183831,58991,106898,2002174,897454,264332,133259,760313,65363,13464,226,141
2021-05-15T23:59:59+02:00,84,82,50451,50149,107654,117550,130380,153976,200194,238660,311196,331134,296862,332468,224482,285780,67756,123378,16077,14793,29854,37229,33075,52177,43072,74540,60336,76376,82610,90155,142991,183165,58955,106851,1986009,892224,264315,133113,759450,64237,12755,225,140
2021-05-14T23:59:59+02:00,83,82,49197,48731,105409,115460,126794,150531,191995,231605,304896,325264,295884,331333,224197,285333,67709,123283,15579,14367,29074,36412,32308,50989,41995,72764,58779,74428,80712,87673,142381,182179,58915,106765,1948830,882607,262619,132248,754906,58821,11715,222,139
2021-05-13T23:59:59+02:00,79,81,47282,46787,101574,112236,122093,146434,181991,223034,294307,315463,292917,327916,223389,284195,67609,123076,14717,13921,28219,35717,31548,50093,41054,71675,57277,72865,76943,83337,139626,178583,58805,106549,1897326,870096,254025,125226,748685,54976,10699,218,136
2021-05-12T23:59:59+02:00,77,79,46372,46083,99661,110812,120038,144779,179448,220927,289580,310148,291754,326655,223147,283876,67571,122991,14552,13771,27901,35500,31148,49804,40611,71302,56740,72300,75610,81718,138851,177455,58719,106389,1874309,864387,251866,123444,748196,54706,9901,214,135
2021-05-11T23:59:59+02:00,73,73,44129,44612,95643,107743,114239,140055,166094,209670,277946,299397,288356,322747,222190,282474,67422,122692,14124,13205,26890,34076,30022,48008,39311,69029,55032,70036,72529,78142,137502,175627,58561,106031,1815521,852158,242176,120761,739695,46840,8431,210,133
2021-05-10T23:59:59+02:00,72,69,42877,43642,93046,105746,110989,137432,157717,202663,270083,292300,286185,320302,221615,281612,67297,122452,13780,12761,26132,33093,29228,46754,38316,67173,53808,68307,70446,75591,136361,174118,58442,105743,1780035,843308,236138,119711,732733,39644,7459,206,127
2021-05-09T23:59:59+02:00,71,69,41758,42873,90369,104000,108336,135666,152714,199249,264574,287374,284951,318920,221239,281083,67231,122306,13467,12543,25442,32426,28500,45952,37526,66215,52870,67359,69218,74191,135770,173285,58387,105612,1760766,838741,229057,118737,726754,34883,6469,202,125
2021-05-08T23:59:59+02:00,70,69,41467,42576,89526,103272,107249,134818,151271,198037,262016,285315,284450,318378,221121,280904,67215,122274,13365,12482,25314,32335,28355,45823,37337,66023,52531,67041,68256,73270,134705,171921,58340,105519,1748785,834151,228549,117994,726530,34106,6456,170,102
2021-05-07T23:59:59+02:00,68,68,40545,41861,87601,101938,104440,132611,146657,194239,255778,279812,283114,316783,220772,280447,67162,122151,12619,11998,24491,31602,27593,44762,36476,64762,51349,65531,66015,70587,132488,169113,58251,105341,1723072,824516,225349,115736,722410,27314,5503,169,100
2021-05-06T23:59:59+02:00,64,67,37903,40141,82858,98488,98454,127870,136486,185747,239346,265421,277997,310995,219485,278760,66987,121835,11933,11482,23556,30500,26601,43412,35122,62762,49613,63564,63531,67471,130384,166354,58138,105123,1657600,813456,215445,112635,711544,18954,4592,161,99
2021-05-05T23:59:59+02:00,62,64,36018,38947,79212,95906,93864,124228,128670,179224,224607,251393,271816,303863,217914,276772,66741,121312,11699,11207,23019,29777,26000,42488,34199,61365,48465,62153,60927,64368,127448,162662,58040,104872,1591458,801211,210384,109077,705521,14972,3520,161,98
2021-05-04T23:59:59+02:00,62,62,34916,37845,76494,93593,90365,121189,123114,174495,214003,241128,266332,297419,216474,274929,66532,120844,11537,11006,22616,29238,25544,41719,33486,60284,47357,60882,58213,61199,125093,159734,57890,104636,1542464,789370,205274,106451,699455,11837,2869,160,95
2021-05-03T23:59:59+02:00,61,60,34050,36793,74211,91779,87492,118845,118674,170856,207354,235131,263057,293559,215676,273847,66411,120549,11294,10736,22224,28662,25065,41022,32802,59318,46335,59744,55436,57865,121328,154846,57633,104199,1510748,773566,202166,104743,694536,9076,1216,158,94
2021-05-02T23:59:59+02:00,61,60,33699,36476,73041,90878,86029,117752,116251,168991,204262,232619,262099,292471,215391,273440,66346,120441,11223,10665,22036,28452,24838,40736,32463,58914,45884,59269,54247,56407,118271,151174,57550,104069,1500167,768565,199378,99201,690670,8178,349,157,91
2021-05-01T23:59:59+02:00,60,60,33384,36104,72281,90087,84960,116713,114790,167634,201186,229590,261410,291651,215182,273159,66335,120403,11209,10650,21983,28422,24779,40698,32402,58856,45801,59194,54005,56115,118112,150978,57541,104052,1485118,767257,199376,99161,690405,8129,345,156,91
2021-04-30T23:59:59+02:00,57,58,32844,35505,71076,88866,83502,114988,111015,164075,193797,222482,259418,289287,214734,272553,66275,120297,10889,10455,21622,28144,24505,40276,32077,58293,45340,58563,53112,54954,117164,149794,57486,103933,1452275,763588,199051,97180,689608,5788,149,153,88
2021-04-29T23:59:59+02:00,55,56,31345,34558,68165,86849,79878,112391,105917,159979,181000,210950,251496,280197,213538,270922,66139,119948,10588,10244,21148,27695,24077,39778,31493,57552,44537,57630,51282,52765,115319,147561,57386,103738,1397489,754776,191774,94505,684246,3481,129,146,86
2021-04-28T23:59:59+02:00,54,54,30111,33947,66301,85542,77402,110575,102494,157130,171326,201788,240656,267615,212259,269239,65942,119620,10405,10085,20852,27344,23715,39310,31071,56900,43813,56809,49166,50153,112743,144333,57263,103526,1344920,745261,188418,89969,678877,2256,99,139,84
2021-04-27T23:59:59+02:00,51,53,29356,33265,64729,84081,75405,108770,99742,154737,166611,197070,232158,257817,211114,267627,65822,119397,10281,9974,20571,27055,23479,38982,30714,56405,43132,56119,47166,47614,110105,140906,57146,103327,1310941,735474,186119,85965,670902,1539,98,137,81
2021-04-26T23:59:59+02:00,50,53,28927,32882,63632,83198,73909,107607,97463,153029,158003,189064,227975,252979,210409,266637,65730,119199,10186,9885,20357,26869,23244,38765,30421,56067,42521,55546,45363,45470,108215,138430,57051,103174,1282047,727534,184679,82877,664177,1160,94,135,79
2021-04-25T23:59:59+02:00,50,52,28676,32646,62858,82677,72850,106875,95737,151806,152627,184200,223647,248103,209820,265858,65664,119077,10131,9851,20278,26794,23158,38684,30311,55942,42362,55387,44949,44973,107535,137522,57023,103104,1269328,725879,178546,81108,655505,1028,91,135,78
2021-04-24T23:59:59+02:00,50,51,28334,32220,61922,81457,71665,105433,94194,150155,147732,179059,220865,244777,209350,265185,65630,119027,10116,9833,20237,26752,23108,38619,30230,55856,42213,55251,44707,44666,107286,137228,57002,103076,1244515,724797,178519,80410,654226,985,90,135,77
2021-04-23T23:59:59+02:00,48,51,27588,31598,60355,79953,69879,103417,91607,147522,142965,174673,216320,239238,208695,264195,65568,118912,10064,9771,20128,26666,22977,38469,29997,55651,41851,54921,44089,43909,106226,135946,56845,102801,1219692,721454,177342,77939,645701,933,89,133,75
2021-04-22T23:59:59+02:00,46,50,26974,30999,58821,78518,67416,101203,87490,144038,134938,167192,207295,228251,206658,261565,65370,118516,9939,9675,19879,26374,22624,38036,29484,55137,41097,54287,42921,42582,104236,133502,56617,102403,1178213,714000,169907,74000,637371,809,89,128,73
2021-04-21T23:59:59+02:00,46,48,26481,30477,57496,77418,65537,99577,84460,141404,127759,160389,194238,212932,204512,258678,65145,118090,9808,9589,19648,26128,22340,37711,29133,54688,40545,53757,42077,41565,102053,130723,56364,101993,1126807,707476,167031,69926,631003,737,89,121,72
2021-04-20T23:59:59+02:00,45,47,26056,30010,56340,76277,63866,98000,81919,138831,122684,155336,182775,199488,202088,255547,64909,117667,9705,9498,19430,25939,22049,37442,28725,54278,40006,53222,41264,40637,99839,127742,56028,101456,1084253,699945,163548,66678,624238,660,87,119,68
2021-04-19T23:59:59+02:00,45,46,25689,29657,55373,75458,62584,96827,79797,136906,119167,151959,177033,192655,200381,253314,64726,117334,9597,9407,19200,25720,21805,37171,28410,53888,39496,52693,40470,39730,96746,123782,55623,100745,1059748,689619,161721,64264,617639,624,86,114,68
2021-04-18T23:59:59+02:00,44,44,25386,29397,54606,74913,61464,95882,77949,135486,115809,149568,171929,187108,199371,252091,64616,117143,9524,9333,19013,25547,21629,37005,28194,53611,39237,52443,40142,39343,95531,122239,55442,100449,1045810,685764,160055,62333,607091,609,86,113,67
2021-04-17T23:59:59+02:00,43,43,25277,29305,54235,74719,60948,95531,77296,134889,114964,148828,167682,182231,198837,251367,64581,117078,9479,9274,18875,25359,21443,36775,27967,53336,38972,52176,39844,39022,94771,121312,55378,100365,1034943,681756,160027,62019,603033,597,86,113,67
2021-04-16T23:59:59+02:00,43,43,24905,29057,53246,74113,59666,94656,75677,133560,110825,144693,160057,173462,197184,249167,64472,116870,9271,9099,18483,24933,20866,36202,26867,52438,36962,50581,36555,36112,91592,117802,54975,99710,1009082,666776,159241,55135,593521,561,86,112,65
2021-04-15T23:59:59+02:00,39,39,24431,28605,51996,72945,57709,92929,72411,130718,105358,139418,152198,164494,192531,243295,64175,116252,9097,8937,18115,24512,20373,35545,26190,51646,35572,49353,34451,34086,88489,114083,54468,98853,976893,653725,157188,49560,575607,511,85,111,63
2021-04-14T23:59:59+02:00,37,35,24090,28280,51060,72009,56372,91543,70028,128562,101371,135652,143008,154120,184797,233420,63833,115584,8694,8666,17643,24006,19838,34903,25278,50770,34286,48231,32412,31937,85515,110441,53978,97995,939053,638869,154522,45340,560371,412,84,108,62
2021-04-13T23:59:59+02:00,37,35,23852,28065,50367,71471,55430,90722,68394,127154,97649,132223,131185,141012,178411,225093,63493,114996,8460,8496,17299,23602,19418,34371,24614,49976,33221,47217,31031,30579,83373,108071,53622,97452,905843,629590,150012,40951,543880,290,84,106,60
2021-04-12T23:59:59+02:00,36,34,23644,27879,49816,70963,54567,89990,66931,125868,95021,129899,124084,132983,175190,221145,63223,114505,8222,8310,16941,23307,19049,33936,24143,49440,32553,46593,29510,29045,81716,106138,53296,96931,889460,621186,148474,37699,527989,274,83,104,58
2021-04-11T23:59:59+02:00,35,34,23470,27720,49293,70543,53838,89537,65792,125065,93167,128422,118609,126973,171274,216543,63054,114208,8089,8176,16645,23028,18731,33628,23787,49060,32107,46209,28875,28381,80696,104893,53088,96613,882002,615904,144068,35874,511653,259,80,103,57
2021-04-10T23:59:59+02:00,35,34,23409,27663,49126,70409,53639,89379,65466,124796,92644,127988,116528,124448,169836,214695,63013,114108,7502,7573,15755,22242,17775,32789,22667,48028,30997,45216,28215,27669,78605,102289,52822,96177,875021,600603,143216,35495,509129,254,75,103,57
2021-04-09T23:59:59+02:00,34,34,23163,27415,48626,69917,53001,88698,64471,123674,90820,126083,107713,113519,166463,210292,62815,113752,6544,6675,14228,20921,16056,31233,20528,46066,28799,43211,26443,25848,75106,98120,52279,95338,855640,573200,136171,33984,498835,243,68,98,55
2021-04-08T23:59:59+02:00,34,34,22868,27170,48047,69427,52250,88003,63166,122593,88408,123918,97414,101545,160931,203454,62489,113188,5902,6088,13042,19905,14799,29894,18889,44352,26303,40877,23429,22886,70464,92362,51142,93588,837009,541704,127282,32045,480815,210,58,96,55
2021-04-07T23:59:59+02:00,32,33,22558,26945,47247,68972,51327,87394,61777,121615,85273,121483,88237,91259,153937,194672,62195,112627,5522,5767,12386,19232,13987,29067,17846,43300,24396,38981,20895,20364,66513,87599,50149,91973,816647,518268,121693,29566,459412,179,54,95,54
2021-04-06T23:59:59+02:00,31,33,22348,26784,46722,68592,50738,86870,60746,120839,83170,119742,80481,82461,147581,186713,61852,112000,5330,5609,12038,18875,13636,28636,17312,42740,23534,38173,19770,19335,63360,83513,49230,90593,797393,504929,118485,26629,441996,168,50,93,52
2021-04-05T23:59:59+02:00,31,32,22249,26660,46411,68249,50356,86473,60201,120149,81991,118590,76007,77372,142586,180617,61651,111685,5192,5470,11777,18623,13342,28324,16990,42368,23089,37713,19307,18866,60485,79965,48531,89528,787976,495614,116734,23836,426772,163,47,91,52
2021-04-04T23:59:59+02:00,31,32,22201,26600,46290,67981,50187,86159,59922,119649,81484,117959,74566,75667,141886,179642,61614,111603,5188,5464,11759,18610,13331,28308,16971,42351,22991,37641,18900,18543,59048,78119,48326,89217,785443,490826,116630,23834,421579,156,43,88,50
2021-04-03T23:59:59+02:00,31,32,22139,26519,46167,67873,50025,85984,59606,119337,80917,117381,73221,74033,140771,178105,61531,111454,5179,5456,11746,18592,13308,28288,16937,42304,22886,37567,18764,18394,58698,77558,48237,89072,779086,489046,116588,23834,419632,156,42,87,50
2021-04-02T23:59:59+02:00,31,32,22062,26436,46007,67708,49808,85736,59137,118888,80039,116569,71667,72153,138493,175128,61334,111096,5160,5419,11699,18550,13254,28206,16848,42156,22614,37090,18406,18031,56358,74679,47426,87973,769985,480574,114814,23191,417706,156,40,86,48
2021-04-01T23:59:59+02:00,28,30,21867,26232,45590,67189,49164,84996,58262,117949,78158,114899,68408,68728,134415,169959,61017,110531,5013,5276,11428,18287,13031,27973,16526,41848,22113,36650,17591,17288,51527,68660,45750,85518,758356,462571,108732,21822,410518,142,35,84,47
2021-03-31T23:59:59+02:00,28,30,21541,26014,45188,66666,48671,84348,57535,117011,77001,113656,66369,66412,129660,163854,60615,109809,4935,5225,11331,18169,12871,27823,16287,41578,21520,36141,16463,16385,46326,62257,44375,83546,748617,444280,101585,20877,404396,139,30,82,43
2021-03-30T23:59:59+02:00,28,29,21363,25793,44790,66047,48166,83552,56828,115960,75866,112281,64534,64394,125287,158106,60148,108909,4868,5140,11226,18043,12679,27634,15959,41255,20944,35592,15627,15583,43569,58850,43260,81752,738451,432421,97370,19516,396457,110,26,77,42
2021-03-29T23:59:59+02:00,27,29,21166,25555,44330,65496,47690,82863,56094,114886,74643,110848,62048,61653,118555,149471,59378,107516,4771,5070,11121,17932,12526,27468,15712,40935,20487,35123,14975,15043,40983,55872,42155,79932,717937,421236,93950,18840,390556,95,26,77,41
2021-03-28T23:59:59+02:00,27,29,20961,25267,43832,64812,47176,82122,55415,113880,73703,109742,60789,60218,113852,143499,58934,106759,4716,5012,10975,17787,12272,27169,15521,40689,20320,34891,14736,14799,39903,54455,41807,79394,711408,416926,86642,17514,383162,75,26,76,38
2021-03-27T23:59:59+01:00,27,29,20841,25111,43540,64446,46814,81593,54915,113190,73033,109005,59636,59136,112369,141794,58867,106679,4703,5000,10948,17768,12254,27139,15160,40263,19921,34455,14443,14587,39418,53768,41334,78577,706141,412878,85942,16860,379135,69,26,76,38
2021-03-26T23:59:59+01:00,27,28,20589,24599,42738,62744,45848,79567,53581,110174,71023,105394,57627,57259,109620,138563,58541,106164,4685,4967,10925,17716,12185,27047,15082,40154,19582,33862,13977,13938,36354,49936,39278,75336,694767,398395,82637,16642,366874,56,23,75,38
2021-03-25T23:59:59+01:00,27,26,20158,23926,41865,60982,44753,77018,52069,106651,68639,101631,55036,54624,106313,134597,57971,105175,4639,4913,10834,17613,12063,26902,14898,39935,19308,33555,13502,13448,32506,44894,36284,70806,683361,380072,78443,16045,349850,51,21,73,38
2021-03-24T23:59:59+01:00,27,26,19757,23480,41087,59713,43739,75484,50693,104734,66546,99304,52254,51714,102065,129500,57334,104098,4585,4847,10741,17473,11896,26701,14667,39653,18940,33137,13046,12995,29939,41682,33171,65972,670574,364529,73570,14944,337608,45,16,72,38
2021-03-23T23:59:59+01:00,27,26,19511,23180,40527,58804,43018,74397,49661,103224,64895,97448,49968,49372,99308,126288,56775,103259,4526,4777,10642,17349,11750,26518,14421,39341,18522,32751,12543,12488,27508,38589,29508,60082,662464,346989,70230,14355,327192,43,15,70,38
2021-03-22T23:59:59+01:00,27,26,19291,22769,39891,57923,42354,73358,48717,101842,63422,95816,48137,47490,96909,123543,56303,102487,4468,4730,10556,17234,11619,26341,14263,39101,18282,32450,12233,12115,25674,36240,25561,53712,656177,330805,67424,13803,316902,40,15,68,37
2021-03-21T23:59:59+01:00,27,26,19154,22510,39400,57170,41805,72514,48064,100688,62480,94585,47091,46467,95264,121692,55934,101908,4454,4722,10520,17186,11574,26255,14203,39011,18201,32351,12114,11984,25246,35792,25207,53154,653605,328614,65397,13389,307971,40,14,67,37
2021-03-20T23:59:59+01:00,26,26,19094,22365,39190,56675,41567,71954,47753,100051,62043,93985,46439,45701,92666,118462,55648,101422,4445,4715,10511,17174,11547,26238,14160,38975,18119,32277,11955,11823,24607,35018,24445,52069,647148,324907,64948,13200,303163,40,14,67,37
2021-03-19T23:59:59+01:00,25,25,18740,21801,38058,54553,40288,69962,46021,97966,59167,91227,42005,41834,87451,112701,54947,100342,4425,4702,10478,17126,11482,26126,14069,38806,17884,31979,11603,11542,22940,32962,22765,49509,629410,315594,57746,12838,290147,34,14,64,37
2021-03-18T23:59:59+01:00,25,24,18345,21155,36883,52399,38748,67173,43868,93501,55321,85435,37977,38037,82722,107224,53860,98683,4405,4674,10411,17023,11404,25972,13920,38617,17667,31777,11370,11359,21694,31449,21053,46911,612486,307515,52008,12228,267070,31,14,64,36
2021-03-17T23:59:59+01:00,25,23,17925,20805,36158,51481,37984,66221,42787,92149,53534,83606,35305,35255,78699,102402,52916,97210,4382,4648,10349,16929,11332,25838,13807,38428,17469,31585,11133,11136,20455,30038,19464,44511,595839,300020,47610,11521,261216,28,14,62,36
2021-03-16T23:59:59+01:00,24,23,17568,20387,35412,50413,37171,65028,41690,90477,51698,81619,33103,33237,74674,97466,52036,95896,4332,4599,10276,16801,11241,25688,13709,38191,17335,31342,10963,10959,19176,28523,17983,42188,582598,292257,42924,11087,252577,27,11,61,36
2021-03-15T23:59:59+01:00,24,23,17290,20023,34706,49435,36380,63837,40786,88998,50438,80020,31385,31400,71394,93375,51338,94764,4310,4564,10210,16678,11175,25487,13594,37904,17186,31070,10796,10801,18445,27559,16726,40327,571483,286443,39601,10439,244716,26,0,59,36
2021-03-14T23:59:59+01:00,24,22,17022,19596,33853,48227,35481,62519,39731,87171,49184,78294,30223,30169,69398,90811,50893,94088,4286,4545,10165,16601,11118,25345,13534,37682,17096,30906,10725,10716,18263,27278,16464,39767,564376,285246,37725,9305,234789,16,0,55,36
2021-03-13T23:59:59+01:00,24,22,16212,18537,32357,46197,33909,60390,37694,84110,47057,75752,28876,28819,67384,88189,50624,93697,4286,4545,10163,16595,11115,25338,13525,37676,17090,30897,10688,10684,17516,26393,15418,38315,548029,280998,37440,9304,224550,16,0,55,36
2021-03-12T23:59:59+01:00,23,22,15110,17160,29915,43549,31244,57249,34831,79254,43849,71293,26042,25629,63079,82887,49644,92293,4274,4512,10144,16533,11097,25287,13479,37558,16999,30766,10411,10457,16634,25149,14347,36792,520017,275204,36129,9293,207088,13,0,53,35
2021-03-11T23:59:59+01:00,22,22,14070,15700,27670,40858,28926,54062,32244,74866,40095,66401,22645,22154,57068,75576,47714,89453,4233,4472,10063,16414,10987,25062,13361,37248,16833,30463,10109,10245,15999,24308,13679,35518,487991,271204,34539,7852,187161,10,0,51,34
2021-03-10T23:59:59+01:00,22,22,13475,15002,26262,39242,27277,52241,30682,72548,37578,63276,19898,19605,51152,68437,46163,87114,4198,4428,9964,16247,10869,24813,13213,36829,16632,30091,9873,10062,15255,23535,13020,34493,461583,266475,32492,7108,176064,8,0,50,34
2021-03-09T23:59:59+01:00,21,21,13192,14535,25141,38204,25862,51056,29619,70895,36198,61444,18719,18481,47644,63998,45038,85326,4174,4402,9880,16080,10766,24554,13060,36512,16457,29855,9749,9960,14594,22698,12524,33719,447985,262770,29967,6276,167572,8,0,50,32
2021-03-08T23:59:59+01:00,20,21,12861,13933,24057,37097,24595,49918,28683,69410,34967,59826,17639,17602,43526,59013,43810,83342,4159,4366,9819,15882,10664,24295,12927,36155,16330,29590,9666,9876,14100,22091,12210,33280,432531,259592,27962,5885,159955,3,0,49,31
2021-03-07T23:59:59+01:00,20,21,12628,13641,23463,36247,23899,49043,28082,68539,34358,59068,17377,17352,42458,57563,43443,82778,4147,4353,9799,15840,10637,24222,12895,35985,16273,29476,9644,9847,13902,21838,12074,33078,427773,258535,26147,5545,156185,0,0,48,30
2021-03-06T23:59:59+01:00,20,20,12515,13349,23061,35514,23369,48256,27034,67013,33260,57305,16991,17023,41813,56674,43142,82310,4144,4339,9788,15814,10619,24188,12885,35943,16255,29445,9627,9806,13855,21800,11971,32868,423713,258157,26083,5261,148996,0,0,48,29
2021-03-05T23:59:59+01:00,20,20,12103,12748,22380,34310,22687,47026,26278,65384,32028,54886,16346,16191,38353,52369,40986,78867,4117,4292,9718,15714,10568,24040,12817,35748,16169,29238,9531,9737,13669,21585,11600,32257,408530,256459,24632,4412,139936,0,0,48,28
2021-03-04T23:59:59+01:00,18,20,11344,11743,21192,32582,21468,44982,24922,62732,30333,52528,15616,15474,34349,47204,37906,74179,4067,4203,9605,15424,10466,23683,12684,35218,16024,28840,9356,9584,13511,21374,11516,32112,390090,253418,22558,4320,126057,0,0,48,26
2021-03-03T23:59:59+01:00,16,20,11038,11255,20503,31365,20695,43622,24017,60983,29291,50887,15141,14972,31738,43881,34820,69411,4027,4140,9526,15255,10387,23431,12578,34797,15848,28494,9174,9458,13386,21160,11370,31842,374655,250789,21765,4157,117348,0,0,44,24
2021-03-02T23:59:59+01:00,16,20,10775,10830,19857,30397,19982,42602,23231,59596,28320,49614,14514,14325,29062,40510,30934,63193,3979,4069,9464,15090,10319,23166,12475,34365,15747,28187,9049,9356,13248,20972,11293,31697,356467,248391,20255,4156,111163,0,0,43,24
2021-03-01T23:59:59+01:00,14,19,10604,10571,19345,29594,19419,41721,22642,58526,27607,48492,14099,13870,26993,37920,26679,56309,3964,4020,9410,14935,10256,22867,12394,33988,15641,27864,8967,9296,13065,20704,11178,31514,339256,245977,19141,4156,106131,0,0,43,24
2021-02-28T23:59:59+01:00,13,19,10438,10372,18878,28948,18886,40984,22164,57674,27122,47699,13892,13629,26384,37260,26274,55707,3948,4006,9386,14903,10237,22816,12377,33918,15614,27818,8941,9272,12934,20526,11115,31364,336808,245125,18282,4120,101355,0,0,43,24
2021-02-27T23:59:59+01:00,13,18,10259,9857,18549,28081,18628,40197,21879,56691,26794,46906,13616,13328,25717,36456,25352,54288,3936,3994,9365,14883,10205,22768,12338,33836,15569,27745,8919,9256,12924,20509,11110,31357,332900,244773,17560,4011,96269,0,0,43,24
2021-02-26T23:59:59+01:00,12,17,9463,9072,17647,26641,17846,37990,20950,53840,25335,44081,13149,12927,24128,34469,23828,51982,3855,3926,9287,14722,10131,22512,12257,33471,15452,27451,8839,9175,12857,20441,11069,31288,323786,242867,17307,3937,82379,0,0,43,22
2021-02-25T23:59:59+01:00,12,17,8304,8220,16325,25037,16578,35728,19712,50953,23625,41300,12675,12526,22848,32877,22332,49697,3733,3783,9125,14409,9911,21908,12003,32619,15125,26797,8643,9024,12597,20115,10928,31019,316163,238728,16536,3083,66160,0,0,42,21
2021-02-24T23:59:59+01:00,11,16,7939,7696,15670,24001,15949,34490,18998,49440,22834,40101,12280,12190,21542,31377,20652,47070,3661,3716,8985,14118,9735,21455,11801,31993,14862,26261,8502,8887,12455,19942,10863,30808,307916,235957,15572,2156,58858,0,0,42,21
2021-02-23T23:59:59+01:00,11,16,7455,7219,14853,22824,15264,33272,18278,48030,22116,39033,11973,11866,20205,29802,19038,44514,3621,3641,8865,13916,9597,21058,11614,31417,14563,25759,8332,8745,12327,19732,10793,30577,299803,233132,14772,1493,51280,0,0,42,21
2021-02-22T23:59:59+01:00,10,14,7348,7013,14469,22206,14914,32544,17816,47024,21622,38300,11775,11617,19457,28795,17724,42560,3591,3539,8728,13624,9433,20556,11359,30676,14190,25163,8085,8552,12128,19479,10689,30274,293945,229825,14162,308,47188,0,0,40,21
2021-02-21T23:59:59+01:00,10,14,7258,6888,14148,21764,14495,31961,17401,46373,21185,37806,11669,11516,19294,28582,17477,42227,3552,3499,8646,13501,9357,20340,11288,30384,14069,24894,8023,8490,12072,19372,10618,30111,292804,227988,13790,294,43557,0,0,40,21
2021-02-20T23:59:59+01:00,10,14,7141,6838,14023,21684,14379,31826,17282,46223,21027,37625,11570,11432,18512,27665,16420,40757,3550,3493,8636,13493,9347,20319,11274,30359,14056,24883,8018,8481,12007,19308,10564,30043,288549,227605,13593,293,42366,0,0,40,20
2021-02-19T23:59:59+01:00,8,13,6840,6586,13669,21245,14008,31157,16808,45425,20321,36756,10968,11031,17468,26334,15262,39147,3470,3470,8560,13466,9305,20262,11236,30268,13997,24789,7975,8421,11785,19035,10371,29712,282166,225898,13218,292,37741,0,0,37,19
2021-02-18T23:59:59+01:00,8,13,6443,6111,13042,20101,13368,29782,15992,43554,19448,35178,10738,10812,16876,25578,14685,38264,3284,3333,8226,12926,9012,19513,10886,29231,13631,23962,7770,8112,11198,18083,9874,28562,278589,217380,12636,292,28845,0,0,37,18
2021-02-17T23:59:59+01:00,8,12,6278,5768,12596,19220,12879,28592,15292,41832,18801,33852,10511,10561,16120,24764,13908,37074,3035,3173,7886,12411,8711,18723,10516,28187,13240,23112,7536,7877,10641,17231,9436,27744,273923,209234,11905,290,22312,0,0,37,18
2021-02-16T23:59:59+01:00,8,12,5952,5467,12060,18386,12375,27517,14747,40454,18208,32818,10357,10456,15452,23933,13399,36285,2852,3053,7584,11960,8405,17999,10120,27098,12775,22214,7265,7583,9923,16058,8709,26194,270389,199722,11409,134,16160,0,0,35,18
2021-02-15T23:59:59+01:00,8,12,5846,5286,11765,17743,12108,26734,14399,39460,17860,32048,10232,10346,14892,23278,13038,35746,2762,2972,7393,11638,8186,17492,9820,26255,12425,21530,6984,7298,9223,15002,8194,24913,267287,192064,10806,88,12780,0,0,35,17
2021-02-14T23:59:59+01:00,8,12,5577,5171,11517,17471,11885,26298,14165,39014,17669,31771,10187,10295,14659,22939,12873,35353,2712,2934,7279,11474,8057,17286,9644,25923,12247,21228,6889,7175,9002,14618,8006,24378,266287,188829,9870,87,10780,0,0,33,17
2021-02-13T23:59:59+01:00,8,12,5517,5133,11467,17435,11855,26267,14137,38982,17649,31752,10174,10268,14632,22907,12861,35336,2708,2931,7274,11467,8045,17266,9629,25888,12220,21185,6859,7141,8848,14405,7654,23752,266045,187327,9869,9,10552,0,0,32,16
2021-02-12T23:59:59+01:00,8,11,5001,4815,10896,17071,11537,25716,13818,38338,17321,31108,10063,10161,14448,22693,12781,35227,2658,2898,7180,11310,7944,17035,9479,25496,12003,20740,6677,6909,8487,13844,7062,22412,264348,182191,9858,7,6879,0,0,32,16
2021-02-11T23:59:59+01:00,8,10,4539,4514,10310,16390,11125,24909,13338,37074,16831,30248,9748,9900,14166,22244,12501,34541,2490,2624,6580,10118,7257,15299,8620,22883,10956,18663,6026,6196,7443,12227,6247,20092,261116,163778,8215,4,3137,0,0,30,15
2021-02-10T23:59:59+01:00,8,10,4292,4347,9975,15938,10816,24368,13026,36190,16416,29497,9534,9762,13985,22039,12409,34335,2129,2332,5643,8659,6453,13256,7629,19973,9829,16628,5481,5610,6459,10567,5471,18033,258467,144215,7716,3,835,0,0,29,2
2021-02-09T23:59:59+01:00,8,9,4229,4248,9852,15671,10707,23966,12854,35569,16204,29023,9356,9625,13790,21829,12267,34113,1733,1979,4865,7390,5681,11463,6710,17466,8742,14635,4904,4981,5412,9015,4741,15934,256022,125710,6938,1,431,0,0,28,2
2021-02-08T23:59:59+01:00,8,9,4195,4193,9759,15459,10599,23608,12735,35108,16063,28665,9264,9558,13588,21546,12158,33920,1569,1784,4308,6397,5021,9888,5888,14942,7722,12782,4344,4448,4426,7428,3978,13857,253654,108836,6424,1,425,0,0,28,2
2021-02-07T23:59:59+01:00,8,9,4030,4126,9603,15321,10497,23443,12656,34845,15951,28473,9223,9513,13443,21363,12085,33777,1354,1537,3888,5724,4607,9010,5464,13782,7236,11824,4088,4188,4196,7035,3818,13262,252554,101065,5878,1,0,0,0,28,1
2021-02-06T23:59:59+01:00,8,9,4021,4117,9593,15305,10484,23407,12634,34795,15934,28416,9203,9499,13425,21328,11980,33580,1202,1341,3655,5417,4421,8585,5244,13194,6956,11266,3951,4051,4070,6886,3539,12804,252211,96632,5593,1,0,0,0,28,0
2021-02-05T23:59:59+01:00,8,8,3948,4049,9521,15162,10417,23156,12549,34425,15819,28135,9119,9425,13352,21253,11630,32983,1061,1113,3374,4972,4161,8005,4926,12415,6570,10538,3690,3805,3909,6658,3037,11919,250324,90200,4700,0,0,0,0,27,0
2021-02-04T23:59:59+01:00,8,8,3891,3926,9401,14847,10240,22608,12361,33629,15603,27573,8995,9316,13128,20960,11517,32782,797,780,2550,3721,3226,6262,3974,9870,5244,8326,3009,3093,3284,5671,2645,10421,246383,72907,4476,0,0,0,0,26,0
2021-02-03T23:59:59+01:00,8,8,3822,3855,9298,14625,10136,22273,12228,33119,15453,27156,8886,9201,12987,20783,11442,32617,661,612,1924,2806,2493,4834,3003,7583,4012,6278,2199,2229,2399,4205,1918,7814,243655,54998,4308,0,0,0,0,26,0
2021-02-02T23:59:59+01:00,8,8,3756,3760,9198,14432,10037,21893,12085,32555,15251,26703,8761,9087,12864,20573,11359,32351,525,486,1455,2071,1905,3636,2258,5769,2992,4693,1556,1531,1637,2770,1334,5200,240439,39837,4306,0,0,0,0,26,0
2021-02-01T23:59:59+01:00,7,8,3716,3670,9118,14201,9931,21506,11947,31919,15067,26200,8643,8939,12755,20430,11308,32176,391,352,1014,1429,1255,2420,1471,3778,1857,2972,984,973,970,1691,766,3013,237300,25345,4306,0,0,0,0,25,0
2021-01-31T23:59:59+01:00,7,8,3698,3635,9065,14093,9862,21302,11881,31622,14963,26002,8587,8880,12704,20319,11263,32047,361,331,893,1239,1066,2047,1269,3226,1624,2606,886,882,866,1507,695,2707,235812,22212,4191,0,0,0,0,24,0
2021-01-30T23:59:59+01:00,7,8,3697,3632,9055,14080,9848,21279,11868,31602,14951,25988,8583,8875,12644,20255,11212,31982,344,307,833,1155,1009,1924,1205,3036,1549,2469,858,856,847,1467,680,2654,235491,21199,4140,0,0,0,0,24,0
2021-01-29T23:59:59+01:00,7,8,3637,3617,8994,14050,9819,21227,11836,31527,14903,25920,8559,8852,12457,20030,11032,31739,277,224,713,983,865,1564,1050,2646,1338,2144,769,766,798,1412,662,2601,234271,18816,4011,0,0,0,0,21,0
2021-01-28T23:59:59+01:00,7,8,3518,3531,8790,13663,9599,20715,11605,30948,14576,25421,8422,8751,12021,19409,10676,31158,131,57,294,360,377,608,460,1148,608,963,407,423,467,812,379,1571,229484,9067,3403,0,0,0,0,20,0
2021-01-27T23:59:59+01:00,7,8,3287,3396,8497,13247,9298,20092,11222,30112,14189,24684,8206,8540,11471,18603,10251,30395,79,33,203,222,243,413,306,802,429,663,309,309,347,605,284,1149,222775,6397,2794,0,0,0,0,20,0
2021-01-26T23:59:59+01:00,6,8,3121,3299,8215,12910,9035,19522,10917,29355,13792,24052,7970,8319,10893,17689,9603,29243,74,29,188,212,227,379,290,751,398,602,294,284,320,542,258,1019,216061,5868,1951,0,0,0,0,20,0
2021-01-25T23:59:59+01:00,6,8,3033,3204,7934,12428,8745,18816,10531,28353,13312,23290,7687,8119,10275,16873,9147,28342,66,21,168,191,194,323,251,631,346,497,257,240,266,465,210,831,209760,4958,406,0,0,0,0,18,0
2021-01-24T23:59:59+01:00,6,8,2989,3183,7849,12350,8671,18691,10422,28193,13184,23107,7645,8084,10210,16761,9099,28246,65,20,164,187,192,310,248,610,337,483,248,236,264,458,206,816,208456,4845,304,0,0,0,0,18,0
2021-01-23T23:59:59+01:00,6,8,2988,3182,7848,12347,8667,18681,10421,28180,13178,23102,7638,8081,10086,16595,8771,27659,64,20,164,187,191,309,246,610,335,483,248,236,264,458,206,815,207199,4837,302,0,0,0,0,17,0
2021-01-22T23:59:59+01:00,6,8,2926,3136,7724,12234,8584,18541,10311,28010,13097,22987,7608,8048,9888,16293,8253,26635,64,20,163,187,191,309,246,610,334,483,248,236,264,458,206,815,204051,4835,302,0,0,0,0,16,0
2021-01-21T23:59:59+01:00,6,8,2844,2966,7224,11320,8100,17395,9774,26386,12492,21771,7324,7720,9247,15331,7728,25563,58,18,148,173,174,278,221,534,297,443,222,209,233,378,176,684,192958,4247,302,0,0,0,0,16,0
2021-01-20T23:59:59+01:00,6,8,2485,2619,6344,9909,7355,15441,8820,23557,11382,19698,6724,7068,8153,13563,6913,23341,56,18,147,168,171,276,213,520,286,421,210,202,227,353,162,646,173141,4077,299,0,0,0,0,16,0
2021-01-19T23:59:59+01:00,6,8,2043,2264,5444,8522,6491,13547,7799,20765,10111,17458,5967,6183,6764,11371,5891,20286,40,11,98,124,115,171,150,356,187,293,133,115,139,235,113,479,150748,2759,218,0,0,0,0,16,0
2021-01-18T23:59:59+01:00,5,8,1770,1974,4689,7140,5536,11307,6601,17170,8682,14742,5084,5301,5378,9117,4817,16799,21,6,38,46,52,79,66,162,74,147,59,54,66,131,62,220,126068,1283,94,0,0,0,0,16,0
2021-01-17T23:59:59+01:00,4,8,1493,1684,4176,6346,5028,10174,6065,15595,8041,13477,4744,4952,5005,8444,4488,15792,8,2,8,15,15,28,20,51,27,56,23,23,20,31,13,47,115462,387,90,0,0,0,0,15,0
2021-01-16T23:59:59+01:00,4,7,1326,1481,3959,6025,4848,9734,5806,14929,7711,12784,4554,4724,4793,8168,4133,15188,0,0,0,1,1,2,1,1,1,2,0,1,1,0,0,1,110201,12,7,0,0,0,0,14,0
2021-01-15T23:59:59+01:00,4,7,1175,1255,3705,5603,4594,9169,5514,14090,7303,11985,4262,4430,4607,7861,3598,14142,0,0,0,0,0,0,0,0,0,0,0,0,0,0,0,0,103331,0,4,0,0,0,0,14,0
2021-01-14T23:59:59+01:00,3,4,901,942,2959,4414,3730,7353,4570,11345,5906,9639,3461,3561,3869,6635,3114,12330,0,0,0,0,0,0,0,0,0,0,0,0,0,0,0,0,84757,0,0,0,0,0,0,14,0
2021-01-13T23:59:59+01:00,3,3,765,788,2486,3682,3146,6129,3797,9405,4812,7762,2588,2648,2922,5052,2382,9426,0,0,0,0,0,0,0,0,0,0,0,0,0,0,0,0,67812,0,0,0,0,0,0,13,0
2021-01-12T23:59:59+01:00,2,3,634,657,2083,3020,2590,4981,3040,7579,3795,6098,1858,1828,1996,3417,1684,6429,0,0,0,0,0,0,0,0,0,0,0,0,0,0,0,0,51718,0,0,0,0,0,0,0,0
2021-01-11T23:59:59+01:00,1,1,493,522,1739,2444,2080,3980,2355,5761,2819,4425,1195,1131,1196,2004,924,3648,0,0,0,0,0,0,0,0,0,0,0,0,0,0,0,0,36737,0,0,0,0,0,0,0,0
2021-01-10T23:59:59+01:00,1,1,437,453,1479,2020,1739,3257,1946,4776,2343,3707,1053,1007,1051,1757,823,3195,0,0,0,0,0,0,0,0,0,0,0,0,0,0,0,0,31056,0,0,0,0,0,0,0,0
2021-01-09T23:59:59+01:00,1,1,405,409,1355,1843,1594,2967,1792,4327,2158,3376,978,936,992,1703,805,3152,0,0,0,0,0,0,0,0,0,0,0,0,0,0,0,0,28803,0,0,0,0,0,0,0,0
2021-01-08T23:59:59+01:00,1,1,308,281,1107,1501,1316,2298,1474,3548,1788,2759,845,830,904,1580,758,2999,0,0,0,0,0,0,0,0,0,0,0,0,0,0,0,0,24305,0,0,0,0,0,0,0,0
2021-01-07T23:59:59+01:00,1,0,145,76,398,507,480,788,595,1368,780,1205,467,481,560,961,465,1906,0,0,0,0,0,0,0,0,0,0,0,0,0,0,0,0,11184,0,0,0,0,0,0,0,0
2021-01-06T23:59:59+01:00,1,0,110,44,268,285,308,512,399,928,530,825,359,361,423,747,358,1439,0,0,0,0,0,0,0,0,0,0,0,0,0,0,0,0,7898,0,0,0,0,0,0,0,0
2021-01-05T23:59:59+01:00,1,0,86,31,189,230,241,426,321,819,447,705,343,345,406,714,351,1385,0,0,0,0,0,0,0,0,0,0,0,0,0,0,0,0,7041,0,0,0,0,0,0,0,0
2021-01-04T23:59:59+01:00,1,0,68,25,172,193,199,333,257,636,353,513,268,253,286,516,234,927,0,0,0,0,0,0,0,0,0,0,0,0,0,0,0,0,5234,0,0,0,0,0,0,0,0
2021-01-03T23:59:59+01:00,1,0,66,21,166,188,194,319,255,621,343,496,260,251,282,503,232,910,0,0,0,0,0,0,0,0,0,0,0,0,0,0,0,0,5108,0,0,0,0,0,0,0,0
2021-01-02T23:59:59+01:00,1,0,66,21,166,188,194,319,252,621,340,496,260,251,282,503,232,909,0,0,0,0,0,0,0,0,0,0,0,0,0,0,0,0,5101,0,0,0,0,0,0,0,0
2021-01-01T23:59:59+01:00,1,0,65,21,165,188,194,318,251,621,338,494,260,251,282,502,232,909,0,0,0,0,0,0,0,0,0,0,0,0,0,0,0,0,5092,0,0,0,0,0,0,0,0
2020-12-31T23:59:59+01:00,1,0,65,21,165,186,194,317,250,620,337,493,260,251,282,502,232,909,0,0,0,0,0,0,0,0,0,0,0,0,0,0,0,0,5085,0,0,0,0,0,0,0,0
2020-12-30T23:59:59+01:00,1,0,64,21,165,185,192,314,250,618,337,491,260,251,282,502,231,909,0,0,0,0,0,0,0,0,0,0,0,0,0,0,0,0,5073,0,0,0,0,0,0,0,0
2020-12-29T23:59:59+01:00,1,0,45,12,117,140,143,212,182,443,237,377,179,164,194,373,170,709,0,0,0,0,0,0,0,0,0,0,0,0,0,0,0,0,3698,0,0,0,0,0,0,0,0
2020-12-28T23:59:59+01:00,1,0,24,8,64,77,80,122,101,252,118,232,98,93,103,200,103,388,0,0,0,0,0,0,0,0,0,0,0,0,0,0,0,0,2064,0,0,0,0,0,0,0,0
2020-12-27T23:59:59+01:00,0,0,11,3,17,26,36,47,36,89,37,94,32,29,40,73,32,145,0,0,0,0,0,0,0,0,0,0,0,0,0,0,0,0,747,0,0,0,0,0,0,0,0
