Datum,<24_1_m,<24_1_w,25-34_1_m,25-34_1_w,35-44_1_m,35-44_1_w,45-54_1_m,45-54_1_w,55-64_1_m,55-64_1_w,65-74_1_m,65-74_1_w,75-84_1_m,75-84_1_w,>84_1_m,>84_1_w,<24_2_m,<24_2_w,25-34_2_m,25-34_2_w,35-44_2_m,35-44_2_w,45-54_2_m,45-54_2_w,55-64_2_m,55-64_2_w,65-74_2_m,65-74_2_w,75-84_2_m,75-84_2_w,>84_2_m,>84_2_w,bp_1,bp_2,mo_1,mo_2,az_1,az_2,ja
2021-06-11T23:59:59+02:00,125756,123964,219839,210113,258117,267035,366429,385719,431618,444589,309119,349344,218897,284366,57227,108624,40282,42071,76281,83491,86441,110478,117248,158737,181844,203479,197034,225125,180296,235141,51453,97304,2878656,1482900,418953,203735,787428,324160,76035
2021-06-10T23:59:59+02:00,120710,119334,214313,205676,251869,261854,360617,380658,427876,441361,308419,348533,218634,283988,57172,108515,38574,40408,72622,79691,82079,105476,111298,151238,170542,191029,191951,219318,178922,233421,51298,97037,2837879,1441603,413032,202111,786626,299007,72308
2021-06-09T23:59:59+02:00,116353,115299,208846,201202,245618,256546,354002,374773,424959,438958,307878,347874,218399,283649,57116,108412,36893,39023,69494,77167,78561,102422,106578,146993,159317,179984,182346,208383,177359,231490,51080,96624,2800124,1389232,405927,198285,786156,288329,67993
2021-06-08T23:59:59+02:00,111205,110196,202341,195779,238980,250742,345496,367270,420799,435092,307163,346974,218071,283229,57049,108299,35671,38015,66924,75001,75485,99761,101920,143030,151756,172338,174329,199425,175843,229582,50897,96322,2749289,1351242,400284,193439,785627,277943,63800
2021-06-07T23:59:59+02:00,107439,106634,196238,191071,232740,245772,337771,361186,418342,433069,306697,346407,217882,282942,57005,108221,34670,37061,64422,73051,72584,97646,97993,139957,143695,164326,170986,195546,174612,227999,50730,96010,2711187,1324861,394301,190313,785101,267097,59142
2021-06-06T23:59:59+02:00,105612,105119,193005,188584,229528,243147,333744,357964,417189,432193,306453,346161,217787,282797,56986,108180,33984,36384,62618,71390,70548,95675,94728,136853,137979,158438,168941,193410,173616,226725,50547,95689,2696325,1313256,387245,180858,784603,256945,56591
2021-06-05T23:59:59+02:00,103257,102688,188084,184262,227273,241166,332024,356364,416246,431309,306174,345857,217654,282644,56976,108153,33453,35575,61453,69532,69197,93670,93038,134713,132921,152807,166510,190386,173228,226169,50517,95641,2673052,1289882,387129,180394,784020,252413,56245
2021-06-04T23:59:59+02:00,100504,99820,184432,180659,223203,237102,328542,352929,414246,429450,305782,345384,217487,282441,56945,108102,32896,34776,60349,67893,67941,91555,91201,132136,129378,148873,162632,186045,172398,225113,50479,95565,2644096,1271419,383446,179631,783897,242400,55904
2021-06-03T23:59:59+02:00,96785,96367,178756,176011,215958,231009,320485,345965,407756,423510,304926,344402,217162,282041,56904,107992,31857,33582,58480,65775,65603,88772,87169,127783,122933,142219,156713,178984,171154,223457,50385,95361,2595992,1242700,373764,174701,783476,229837,53112
2021-06-02T23:59:59+02:00,94350,93860,174805,172450,212526,228009,316919,342687,406058,421969,304567,344010,217034,281857,56880,107951,31357,33029,57289,64702,64108,87523,85004,125639,117715,137048,149450,170701,170556,222648,50320,95211,2568041,1211044,372397,172746,783447,226269,52362
2021-06-01T23:59:59+02:00,89392,89475,166532,165926,203452,220455,307901,334893,398634,414803,303260,342611,216567,281198,56786,107763,29537,31383,52894,61803,59417,84285,79437,121014,110422,129664,138881,157937,168895,220420,50151,94854,2510461,1162017,361104,168698,782702,214706,45693
2021-05-31T23:59:59+02:00,86171,86617,160885,161642,196110,214441,300600,328584,393543,410338,302397,341613,216223,280738,56710,107627,28435,30169,50227,59649,56364,81781,75818,117676,106063,125213,134963,153334,167804,218982,50004,94583,2470439,1140074,351951,166488,782083,204545,40078
2021-05-30T23:59:59+02:00,84940,85410,158435,159621,193542,212095,297842,326096,391949,408824,302064,341238,216084,280527,56676,107557,27729,29238,48642,58003,54677,79929,73552,115085,103520,122451,132981,150991,167124,218167,49929,94405,2454824,1130502,349505,165194,781478,193442,37404
2021-05-29T23:59:59+02:00,84249,84744,156818,158107,191257,210115,296135,324600,391154,408074,301885,341031,216009,280465,56670,107540,27350,28580,47662,56519,53353,78004,71563,112152,101184,119682,130407,147808,166547,217382,49907,94358,2441017,1117077,349370,165136,781390,182977,37387
2021-05-28T23:59:59+02:00,82987,83449,154344,155798,187621,206541,293021,321642,389451,406415,301557,340607,215876,280269,56652,107495,26724,27377,45974,54440,51625,75364,69444,108132,96890,113997,126228,142934,165718,216292,49871,94259,2417521,1094792,348334,164923,781161,168651,37020
2021-05-27T23:59:59+02:00,79082,79986,147824,150834,179670,200450,286694,316526,383512,400963,300530,339424,215480,279780,56596,107339,25168,25430,42672,51400,47860,71582,64757,101863,90686,106758,122681,138679,163154,212914,49725,93980,2373465,1066793,340780,162214,779386,149051,31366
2021-05-26T23:59:59+02:00,76532,77525,142784,146644,173543,195338,280065,310916,377080,394501,299361,338135,215055,279159,56513,107162,24295,24357,40801,49232,45530,68796,61622,97964,86100,101738,117959,133082,159652,207996,49553,93623,2336585,1035349,327753,160668,777604,137721,28676
2021-05-25T23:59:59+02:00,74155,75255,138613,143141,168408,191020,272835,304455,372162,389543,298323,336960,214703,278571,56444,107020,23623,23578,39376,47688,43719,66755,59069,94879,81846,97191,113338,127668,154480,201200,49413,93376,2299428,1004340,320308,157280,775111,128629,27064
2021-05-24T23:59:59+02:00,72700,73908,135882,141036,164735,188307,265900,298315,367921,385476,297637,336171,214448,278217,56386,106915,23221,23092,38329,46598,42382,65277,57360,92828,79642,94758,112097,126160,153960,200516,49326,93210,2275998,995262,309360,156018,773358,122050,25540
2021-05-23T23:59:59+02:00,72132,73321,134747,140151,163595,187314,264612,297227,366373,384082,297108,335578,214309,278037,56367,106883,22955,22875,37785,46044,41614,64576,56157,91816,78275,93443,110861,124714,153193,199536,49270,93085,2264606,987280,308801,153128,773314,120488,25417
2021-05-22T23:59:59+02:00,71342,72624,133237,139088,161145,185610,261659,294940,364149,382054,296633,335021,214163,277806,56343,106841,22580,22384,37187,45485,40974,64063,55519,91041,77559,92356,108955,122497,152833,199056,49251,93039,2246927,980692,308784,153127,773274,117104,23969
2021-05-21T23:59:59+02:00,69833,70967,130332,136507,157846,182297,256250,290031,358624,376776,295886,334128,213896,277444,56294,106749,22168,21947,36593,44736,40332,63004,54492,89568,75803,90059,105702,118457,151991,197981,49174,92896,2211595,967917,307160,152809,771707,110596,23694
2021-05-20T23:59:59+02:00,66365,67818,124571,131614,150603,175860,245942,281130,350359,369083,293734,331793,213233,276557,56188,106562,20688,20793,34413,42540,37967,60062,51507,85664,71898,85689,101905,114120,149762,195237,49028,92603,2154440,949060,300656,150909,765791,93200,20819
2021-05-19T23:59:59+02:00,63794,65294,119464,126795,142822,168912,236094,272175,339896,358208,291775,329610,212590,275647,56062,106324,20017,19853,33200,40988,36562,57971,49397,82789,68598,82087,98206,109843,146380,190783,48813,92190,2089429,926000,294463,148968,762861,83820,18998
2021-05-18T23:59:59+02:00,61372,63039,114601,122473,136125,163051,224621,261837,330601,348891,289518,327051,211821,274592,55934,106121,19411,19114,32001,39542,35226,56158,47497,80318,65514,78698,94490,105561,143436,187029,48639,91812,2030339,906089,285219,146137,759341,75292,17037
2021-05-17T23:59:59+02:00,60130,61880,112251,120410,133292,160289,217939,255666,323413,342168,287967,325318,211313,273850,55852,105954,18892,18556,30972,38529,34077,54882,45969,78496,63231,76236,89679,99733,142282,185485,48509,91550,2003888,894701,273089,138731,756008,68760,14995
2021-05-16T23:59:59+02:00,59237,61106,110815,119097,131542,158605,214832,252902,316175,335344,287145,324353,211038,273418,55806,105874,18544,18129,30237,37754,33222,53968,44862,77155,61938,74779,86244,95653,141679,184642,48441,91432,1988768,888749,262739,132022,752811,64757,13258
2021-05-15T23:59:59+02:00,58634,60414,109823,118129,130522,157447,212696,250818,312869,332371,286601,323743,210867,273170,55792,105818,18385,17945,29980,37448,32946,53530,44361,76483,61122,73849,85600,94801,141263,184076,48412,91396,1972765,883608,262726,131882,751948,63653,12561
2021-05-14T23:59:59+02:00,57185,58796,107499,116006,126854,153875,204146,243495,307291,327106,285804,322773,210616,272784,55751,105742,17815,17464,29203,36618,32194,52309,43236,74629,59530,71937,83818,92368,140745,183269,48383,91325,1935969,874112,261070,131029,747438,58278,11531
2021-05-13T23:59:59+02:00,54936,56538,103681,112818,122073,149712,193661,234487,297278,317697,283321,319886,209929,271795,55672,105569,16838,16955,28406,35935,31438,51401,42299,73558,57954,70246,79628,87524,138647,180492,48292,91137,1884934,861756,252595,124082,741269,54482,10536
2021-05-12T23:59:59+02:00,53867,55690,101756,111424,120021,148063,191128,232363,292338,312058,282609,319131,209714,271512,55641,105495,16637,16788,28097,35717,31057,51112,41856,73184,57381,69634,78310,85877,137990,179550,48217,91001,1862113,856203,250450,122356,740789,54215,9739
2021-05-11T23:59:59+02:00,51323,54000,97612,108238,114215,143251,177143,220627,281489,301779,279771,315792,208909,270292,55521,105244,16126,16086,27093,34289,29951,49322,40539,70850,55593,67399,75314,82340,136825,177959,48095,90689,1803968,844126,240836,119706,732383,46445,8298
2021-05-10T23:59:59+02:00,49870,52874,94988,106201,111001,140640,168281,213217,274241,295078,277900,313667,208403,269511,55418,105042,15727,15542,26339,33320,29179,48051,39515,68907,54319,65711,73293,79823,135830,176627,47992,90448,1768909,835394,234838,118674,725516,39315,7345
2021-05-09T23:59:59+02:00,48543,51941,92332,104494,108336,138888,163098,209629,268962,290258,276958,312583,208068,269041,55365,104912,15350,15269,25662,32664,28467,47234,38742,67941,53304,64757,72141,78432,135322,175910,47947,90339,1749918,830892,227796,117714,719606,34617,6363
2021-05-08T23:59:59+02:00,48189,51586,91460,103774,107291,138029,161573,208362,266591,288312,276525,312122,207962,268879,55353,104886,15233,15200,25540,32573,28319,47112,38548,67731,52895,64401,71131,77397,134422,174743,47908,90260,1738131,826342,227294,116978,719389,33843,6355
2021-05-07T23:59:59+02:00,47135,50756,89476,102439,104406,135729,156537,204255,260976,283185,275397,310765,207674,268465,55306,104785,14401,14630,24743,31855,27587,46034,37648,66437,51645,62825,68735,74554,132571,172349,47833,90119,1712741,816828,224131,114748,715278,27087,5408
2021-05-06T23:59:59+02:00,44170,48767,84587,98891,98354,130928,145010,194652,245916,269525,271077,305881,206598,267008,55159,104527,13622,14018,23830,30765,26599,44626,36244,64427,49867,60806,66182,71304,130798,170037,47740,89922,1647883,805940,214330,111677,704606,18775,4500
2021-05-05T23:59:59+02:00,42032,47375,80847,96277,93706,127172,136194,187257,231875,255842,265807,299643,205256,265305,54965,104085,13348,13672,23307,30054,25992,43674,35297,62987,48682,59351,63374,67961,128288,166832,47659,89717,1582472,793891,209305,108149,698695,14829,3431
2021-05-04T23:59:59+02:00,40717,46074,78083,93970,90150,124078,130142,182003,221173,245281,261264,294211,204031,263732,54793,103688,13156,13429,22914,29507,25528,42910,34559,61856,47498,57997,60539,64641,126258,164307,47543,89522,1533940,782219,204225,105547,692700,11716,2786
2021-05-03T23:59:59+02:00,39693,44858,75712,92112,87272,121715,125331,178049,214719,239278,258459,290868,203353,262786,54695,103433,12879,13112,22518,28940,25048,42187,33874,60871,46398,56798,57359,60686,123063,160208,47336,89156,1502489,766556,201124,103855,687828,8973,1151
2021-05-02T23:59:59+02:00,39278,44455,74494,91232,85800,120611,122705,176024,211848,236890,257673,289930,203110,262417,54635,103337,12798,13036,22330,28724,24820,41886,33536,60469,45909,56261,55590,58646,120696,157254,47262,89048,1492010,761627,198371,98353,684022,8094,293
2021-05-01T23:59:59+02:00,38903,44035,73706,90409,84714,119568,121210,174609,208820,233890,257091,289221,202933,262165,54626,103308,12780,13020,22281,28695,24764,41847,33468,60413,45828,56177,55337,58332,120562,157094,47253,89033,1477050,760331,198369,98316,683755,8049,290
2021-04-30T23:59:59+02:00,38256,43322,72488,89170,83227,117851,116751,170529,201999,227068,255446,287249,202541,261644,54576,103217,12416,12803,21953,28416,24487,41415,33149,59830,45342,55565,54359,57054,119748,156077,47210,88936,1444477,756690,198047,96343,682967,5731,98
2021-04-29T23:59:59+02:00,36532,42221,69514,87146,79637,115225,111194,166061,188663,214627,248827,279618,201583,260265,54469,102920,12076,12550,21478,27973,24071,40900,32546,59082,44512,54601,52397,54689,118169,154157,47126,88768,1390127,747980,190861,93695,677687,3443,79
2021-04-28T23:59:59+02:00,35134,41522,67632,85804,77115,113374,107628,163056,178362,204591,238947,268073,200489,258824,54310,102653,11873,12361,21175,27623,23722,40426,32116,58410,43728,53728,50085,51826,115919,151335,47026,88584,1337794,738571,187532,89190,672383,2222,55
2021-04-27T23:59:59+02:00,34241,40710,66038,84328,75144,111589,104756,160584,173544,199579,230792,258667,199582,257492,54210,102469,11735,12229,20890,27339,23495,40090,31729,57900,43003,52964,47848,49026,113613,148309,46932,88423,1304148,728844,185250,85215,664522,1513,54
2021-04-26T23:59:59+02:00,33721,40252,64932,83453,73640,110416,102266,158736,164577,190998,227341,254635,199020,256669,54137,102294,11629,12127,20681,27163,23260,39871,31418,57557,42332,52301,45889,46659,112007,146187,46853,88300,1275591,720998,183819,82150,657873,1135,52
2021-04-25T23:59:59+02:00,33417,39972,64134,82935,72560,109670,100460,157483,157989,184612,224516,251388,198499,255998,54083,102188,11566,12083,20602,27091,23170,39784,31303,57429,42158,52131,45414,46083,111414,145379,46830,88239,1263020,719323,177697,80395,649381,1008,51
2021-04-24T23:59:59+02:00,32996,39446,63182,81710,71376,108209,98844,155791,152691,179008,222291,248658,198116,255434,54052,102147,11552,12065,20557,27048,23120,39721,31215,57342,42004,51975,45162,45770,111197,145122,46813,88213,1238349,718259,177674,79703,648121,965,50
2021-04-23T23:59:59+02:00,32117,38707,61597,80176,69606,106143,96089,153079,147727,174262,218278,243707,197533,254587,54005,102047,11498,12001,20439,26963,22983,39564,30978,57131,41636,51626,44485,44947,110213,143908,46689,87997,1213675,714950,176505,77246,639670,914,49
2021-04-22T23:59:59+02:00,31383,37988,60016,78699,67097,103862,91415,149197,139681,166401,209829,233397,195844,252386,53835,101714,11349,11866,20193,26674,22626,39133,30448,56615,40855,50971,43241,43525,108361,141583,46518,87686,1172428,707585,169101,73321,631403,790,49
2021-04-21T23:59:59+02:00,30809,37395,58633,77542,65177,102230,88219,146383,131919,158786,197482,218832,194079,249993,53642,101347,11211,11765,19959,26431,22345,38808,30085,56168,40307,50444,42300,42402,106297,138915,46324,87350,1121326,701150,166231,69282,625096,731,49
2021-04-20T23:59:59+02:00,30301,36837,57448,76392,63486,100599,85519,143691,126385,153112,186470,205835,192075,247411,53450,100982,11100,11671,19734,26234,22059,38532,29663,55740,39774,49921,41411,41316,104153,136069,46066,86909,1079006,693703,162767,66047,618404,655,48
2021-04-19T23:59:59+02:00,29880,36421,56463,75564,62178,99396,83272,141642,122662,149466,181007,199233,190633,245529,53297,100703,10966,11565,19522,26017,21811,38258,29337,55336,39274,49396,40526,40294,101166,132198,45749,86327,1054684,683505,160946,63672,611900,619,47
2021-04-18T23:59:59+02:00,29521,36117,55669,75002,61025,98421,81262,140148,119164,146842,176220,193980,189784,244459,53210,100541,10882,11477,19330,25846,21638,38092,29124,55057,39025,49157,40146,39845,99984,130688,45607,86095,1040825,679688,159284,61751,601438,608,47
2021-04-17T23:59:59+02:00,29393,36021,55260,74790,60526,98063,80580,139517,118085,145795,172220,189355,189332,243871,53184,100486,10826,11400,19196,25657,21442,37867,28889,54764,38769,48911,39835,39489,99260,129809,45559,86029,1029991,675727,159261,61438,597408,591,47
2021-04-16T23:59:59+02:00,28954,35715,54248,74166,59251,97163,78860,138106,113657,141291,164897,180839,187950,242027,53097,100321,10592,11194,18798,25245,20875,37291,27712,53811,36691,47279,36576,36564,96362,126537,45238,85491,1004264,661084,158492,54659,587967,566,47
2021-04-15T23:59:59+02:00,28398,35182,52949,72962,57234,95380,75420,135087,107817,135534,157249,172012,183972,236935,52856,99800,10398,10998,18422,24805,20381,36652,26989,52979,35275,46021,34408,34456,93433,122942,44838,84800,972228,648220,156446,49117,570292,513,47
2021-04-14T23:59:59+02:00,27984,34785,52006,72009,55837,93948,72937,132820,103415,131311,148096,161535,176999,227946,52581,99247,9939,10685,17968,24299,19849,36012,26012,52055,34011,44902,32213,32130,90689,119502,44449,84100,934582,633538,153781,44914,555271,417,46
2021-04-13T23:59:59+02:00,27705,34525,51288,71446,54907,93117,71170,131311,98983,127119,136559,148526,171397,220553,52304,98757,9674,10480,17624,23881,19427,35481,25317,51249,32946,43890,30805,30722,88688,117273,44178,83654,901560,624505,149284,40542,539001,296,46
2021-04-12T23:59:59+02:00,27454,34293,50705,70924,54040,92376,69618,129934,96033,124396,129277,140262,168950,217485,52078,98334,9412,10261,17269,23588,19065,35029,24831,50720,32238,43250,29237,29130,87129,115405,43920,83227,885267,616174,147758,37304,523310,285,46
2021-04-11T23:59:59+02:00,27234,34109,50185,70507,53308,91907,68414,129077,93936,122635,122970,133357,166298,214237,51946,98086,9261,10111,16964,23307,18764,34726,24456,50335,31818,42886,28558,28424,86160,114206,43751,82963,877884,610940,143369,35528,507129,273,46
2021-04-10T23:59:59+02:00,27154,34040,50030,70382,53100,91752,68079,128795,93354,122102,120466,130318,165404,213033,51909,97996,8588,9430,16068,22547,17823,33867,23293,49279,30774,41944,27877,27693,84133,111642,43526,82580,870936,595695,142521,35150,504633,269,45
2021-04-09T23:59:59+02:00,26861,33750,49552,69899,52442,91056,67008,127598,91287,119844,111394,118999,162739,209538,51747,97711,7499,8425,14535,21186,16077,32303,21062,47265,28730,40026,26032,25828,80764,107541,43095,81898,851668,568415,135505,33647,494431,256,41
2021-04-08T23:59:59+02:00,26535,33475,48952,69391,51696,90343,65619,126466,88635,117297,100848,106690,157951,203582,51484,97229,6749,7760,13347,20145,14804,30943,19355,45507,26211,37666,23041,22794,76194,101881,42202,80457,833145,537163,126658,31715,476573,231,37
2021-04-07T23:59:59+02:00,26163,33210,48143,68944,50781,89725,64099,125389,85065,114371,91590,96139,151825,195817,51239,96747,6327,7388,12666,19453,13974,30118,18289,44398,24206,35668,20497,20260,72349,97159,41409,79136,812902,513901,121093,29252,455436,198,33
2021-04-06T23:59:59+02:00,25907,33021,47638,68564,50208,89191,62972,124564,82695,112281,83324,86672,146438,188999,50969,96212,6111,7209,12309,19103,13635,29673,17724,43817,23322,34883,19369,19167,69153,92996,40686,78023,793732,500710,117898,26339,438207,185,33
2021-04-05T23:59:59+02:00,25788,32877,47329,68212,49821,88785,62386,123846,81336,110951,78342,80965,142276,183803,50800,95957,5958,7049,12032,18851,13349,29359,17397,43441,22885,34436,18886,18659,66180,89300,40185,77215,784365,491503,116155,23553,423135,181,31
2021-04-04T23:59:59+02:00,25739,32809,47200,67934,49643,88464,62113,123330,80769,110293,76899,79206,141673,182964,50772,95890,5955,7040,12019,18843,13338,29343,17382,43419,22747,34345,18499,18309,64702,87405,40052,77012,781849,486743,116058,23551,417974,173,29
2021-04-03T23:59:59+02:00,25667,32722,47078,67821,49483,88287,61760,122985,80214,109690,75428,77442,140724,181627,50704,95767,5947,7031,12003,18827,13315,29320,17343,43374,22643,34262,18355,18162,64345,86830,39990,76901,775518,484982,116020,23551,416045,173,28
2021-04-02T23:59:59+02:00,25581,32628,46916,67658,49248,88024,61251,122510,79318,108823,73689,75285,138707,178983,50550,95481,5925,6991,11959,18786,13261,29239,17246,43192,22366,33799,17977,17806,61893,83798,39356,76007,766456,476572,114251,22915,414129,173,27
2021-04-01T23:59:59+02:00,25345,32364,46492,67151,48601,87261,60361,121554,77395,107129,69712,70926,135469,174830,50305,95028,5749,6806,11704,18548,13036,29017,16922,42874,21855,33346,17121,17015,56901,77470,38015,73997,754865,458729,108216,21550,407026,158,24
2021-03-31T23:59:59+02:00,24989,32100,46076,66630,48121,86617,59613,120553,76217,105893,67384,68219,131101,169182,49973,94428,5663,6749,11600,18424,12888,28871,16661,42574,21232,32821,15942,16093,51598,70813,36924,72421,745177,440572,101132,20609,400972,155,23
2021-03-30T23:59:59+02:00,24796,31831,45666,66001,47625,85811,58875,119461,75068,104526,65264,65887,127052,163769,49600,93673,5592,6654,11495,18302,12689,28689,16320,42239,20650,32254,15075,15270,48762,67250,36037,70904,735052,428845,96933,19277,393107,125,19
2021-03-29T23:59:59+02:00,24563,31543,45203,65453,47145,85105,58118,118339,73794,103086,62244,62343,120945,155938,48981,92518,5493,6581,11399,18197,12528,28522,16074,41901,20181,31786,14417,14719,46016,64008,35180,69427,714666,417730,93521,18654,387318,109,19
2021-03-28T23:59:59+02:00,24316,31196,44707,64767,46639,84368,57425,117330,72860,101976,60316,60139,116951,150759,48622,91892,5433,6511,11252,18052,12274,28216,15905,41679,20013,31558,14174,14483,44886,62505,34926,69023,708175,413481,86241,17382,380034,91,19
2021-03-27T23:59:59+01:00,24179,31003,44421,64402,46260,83828,56916,116639,72131,101229,59213,59052,115569,149162,48573,91830,5420,6499,11222,18031,12255,28186,15498,41188,19644,31167,13893,14286,44294,61630,34579,68414,702964,409459,85545,16730,376084,81,19
2021-03-26T23:59:59+01:00,23883,30333,43579,62729,45307,81753,55523,113454,70119,97897,57065,57062,113083,146138,48318,91411,5399,6461,11198,17981,12183,28092,15415,41075,19277,30527,13414,13672,40777,57174,33061,65864,691661,395051,82250,16514,363926,69,19
2021-03-25T23:59:59+01:00,23411,29501,42666,60933,44209,79150,53925,109829,67746,94344,54350,54336,110015,142368,47868,90601,5348,6400,11105,17873,12062,27954,15232,40843,18984,30215,12911,13151,36346,51275,30783,62354,680305,376912,78063,15922,347067,65,18
2021-03-24T23:59:59+01:00,22937,28954,41904,59664,43209,77619,52457,107858,65672,92071,51429,51285,106043,137502,47349,89703,5286,6327,11008,17729,11892,27751,14990,40534,18619,29814,12453,12686,33233,47258,28287,58408,667582,361455,73208,14824,335050,62,15
2021-03-23T23:59:59+01:00,22658,28570,41315,58761,42504,76514,51378,106298,64003,90232,49099,48824,103407,134506,46917,88994,5220,6250,10909,17596,11743,27569,14732,40215,18204,29411,11938,12203,30289,43368,25231,53391,659581,344039,69875,14236,324707,60,14
2021-03-22T23:59:59+01:00,22373,28086,40696,57881,41843,75471,50384,104863,62516,88617,47219,46905,101147,131862,46547,88346,5147,6195,10834,17468,11608,27401,14567,39978,17960,29093,11635,11836,27916,40259,21899,47881,653351,327996,67079,13688,314508,59,14
2021-03-21T23:59:59+01:00,22208,27755,40194,57127,41307,74614,49721,103701,61566,87434,46132,45838,99584,130075,46245,87848,5132,6186,10798,17418,11560,27313,14509,39886,17875,28990,11512,11712,27456,39756,21599,47396,650793,325834,65058,13276,305677,54,13
2021-03-20T23:59:59+01:00,22137,27572,39983,56610,41065,74084,49402,103034,61115,86856,45409,45019,97081,126912,46001,87419,5123,6179,10787,17407,11533,27296,14464,39846,17781,28906,11352,11550,26733,38889,20946,46424,644361,322141,64613,13087,300903,54,13
2021-03-19T23:59:59+01:00,21712,26844,38821,54537,39789,72095,47562,100883,58139,84070,40910,41099,92189,121368,45446,86530,5100,6166,10755,17346,11469,27190,14375,39665,17527,28601,11010,11282,24772,36459,19596,44283,626689,312892,57428,12725,288051,44,13
2021-03-18T23:59:59+01:00,21248,26011,37570,52372,38249,69170,45278,96194,54260,78572,36874,37258,87655,116056,44577,85151,5074,6128,10688,17244,11389,27035,14224,39470,17309,28413,10769,11095,23263,34531,18194,42140,609858,304875,51700,12116,265106,39,13
2021-03-17T23:59:59+01:00,20771,25594,36847,51443,37472,68214,44151,94748,52439,76775,34048,34280,83854,111379,43793,83922,5044,6098,10627,17148,11320,26896,14104,39282,17092,28223,10548,10874,21787,32801,16869,40097,593289,297424,47315,11412,259292,36,13
2021-03-16T23:59:59+01:00,20362,25095,36077,50367,36673,66994,42965,93053,50588,74821,31818,32171,79987,106558,43076,82829,4986,6040,10555,17018,11229,26739,14007,39041,16947,27996,10380,10693,20287,30995,15642,38106,580227,289712,42635,10978,250736,34,11
2021-03-15T23:59:59+01:00,20038,24649,35351,49391,35888,65754,42028,91560,49311,73257,30069,30275,76752,102505,42536,81883,4962,5996,10491,16893,11157,26535,13887,38747,16799,27731,10212,10535,19371,29796,14607,36514,569175,283946,39323,10330,242921,31,0
2021-03-14T23:59:59+01:00,19719,24113,34449,48178,35022,64430,40925,89665,48115,71632,28874,29027,74793,99976,42189,81329,4936,5973,10440,16811,11100,26384,13830,38520,16708,27589,10137,10449,19187,29493,14361,35987,562093,282762,37461,9196,233051,21,0
2021-03-13T23:59:59+01:00,18797,22953,32971,46275,33510,62381,38833,86604,46108,69351,27603,27714,72809,97384,42011,81054,4935,5973,10438,16806,11095,26377,13825,38514,16703,27581,10090,10408,18317,28417,13460,34738,545780,278534,37176,9195,223562,21,0
2021-03-12T23:59:59+01:00,17506,21338,30448,43606,30898,59144,35849,81540,42993,65185,24798,24571,68540,92076,41277,79958,4923,5937,10419,16745,11076,26322,13778,38395,16604,27427,9821,10207,17273,26959,12573,33456,517860,272782,35866,9185,206158,18,0
2021-03-11T23:59:59+01:00,16273,19589,28184,40973,28619,55875,33145,77018,39257,60467,21409,21072,62530,84666,39750,77658,4876,5893,10342,16628,10965,26081,13655,38078,16430,27151,9525,9989,16599,26055,11977,32279,485961,268824,34279,7754,186393,15,0
2021-03-10T23:59:59+01:00,15587,18731,26695,39355,27018,54036,31535,74586,36638,57388,18716,18552,56566,77342,38547,75803,4833,5833,10243,16456,10851,25819,13500,37651,16224,26814,9297,9806,15774,25169,11425,31384,459668,264118,32243,7019,175330,12,0
2021-03-09T23:59:59+01:00,15249,18161,25485,38324,25676,52820,30451,72883,35259,55629,17551,17465,52994,72755,37646,74295,4802,5795,10161,16279,10741,25561,13336,37330,16068,26598,9170,9701,15049,24251,11011,30715,446168,260439,29725,6186,166887,12,0
2021-03-08T23:59:59+01:00,14857,17460,24318,37241,24473,51653,29498,71352,34033,54076,16471,16615,48746,67490,36677,72685,4786,5741,10095,16078,10636,25304,13197,36969,15950,26365,9099,9612,14495,23594,10761,30343,430751,257295,27720,5796,159309,3,0
2021-03-07T23:59:59+01:00,14591,17096,23699,36396,23756,50756,28919,70473,33469,53403,16215,16374,47607,65947,36413,72253,4772,5726,10076,16037,10608,25216,13164,36797,15894,26273,9079,9578,14281,23312,10649,30177,426027,256249,25912,5458,155561,0,0
2021-03-06T23:59:59+01:00,14455,16729,23268,35683,23231,49928,27810,68844,32404,51752,15909,16137,46892,64928,36205,71930,4768,5706,10064,16016,10593,25182,13154,36755,15876,26242,9059,9541,14234,23271,10551,29973,421981,255876,25849,5177,148406,0,0
2021-03-05T23:59:59+01:00,13982,16009,22575,34521,22566,48651,27023,67167,31177,49407,15286,15384,42976,59986,34595,69193,4738,5645,9994,15918,10538,25034,13087,36559,15793,26041,8964,9485,14043,23051,10205,29388,406829,254208,24402,4343,139392,0,0
2021-03-04T23:59:59+01:00,13123,14823,21367,32813,21380,46574,25608,64395,29544,47312,14574,14668,38347,53884,32254,65560,4687,5540,9883,15621,10440,24669,12955,36036,15649,25688,8807,9351,13882,22835,10135,29258,388448,251251,22332,4252,125569,0,0
2021-03-03T23:59:59+01:00,12765,14237,20668,31607,20610,45192,24679,62639,28565,45809,14109,14198,35202,49756,29772,61662,4643,5464,9800,15442,10360,24416,12846,35601,15457,25376,8654,9232,13748,22609,10005,29010,373059,248639,21563,4091,116967,0,0
2021-03-02T23:59:59+01:00,12466,13726,20020,30650,19898,44159,23877,61232,27634,44605,13484,13588,31989,45557,26513,56349,4589,5381,9738,15277,10291,24137,12747,35171,15355,25095,8536,9136,13605,22415,9941,28883,354944,246272,20112,4090,110806,0,0
2021-03-01T23:59:59+01:00,12254,13384,19506,29830,19346,43310,23286,60144,26952,43531,13080,13151,29337,42163,22908,50370,4566,5320,9687,15115,10223,23837,12667,34758,15256,24824,8459,9082,13411,22122,9853,28741,337820,243896,19054,4090,105791,0,0
2021-02-28T23:59:59+01:00,12053,13140,19019,29181,18843,42541,22792,59298,26482,42783,12881,12943,28708,41449,22564,49852,4547,5305,9667,15083,10202,23785,12650,34691,15229,24789,8435,9057,13270,21918,9804,28623,335411,243064,18197,4056,101032,0,0
2021-02-27T23:59:59+01:00,11829,12492,18702,28376,18589,41762,22505,58275,26154,42059,12615,12660,27923,40502,21785,48603,4536,5292,9643,15064,10170,23724,12611,34617,15190,24723,8417,9041,13258,21903,9803,28619,331509,242720,17477,3956,95954,0,0
2021-02-26T23:59:59+01:00,10920,11558,17834,26917,17810,39469,21553,55342,24684,39465,12249,12372,26064,38168,20567,46677,4445,5206,9568,14909,10100,23454,12526,34241,15073,24469,8342,8970,13192,21823,9768,28563,322426,240830,17224,3883,82105,0,0
2021-02-25T23:59:59+01:00,9635,10548,16516,25299,16559,37149,20261,52326,23039,36931,11856,12084,24562,36226,19341,44786,4314,5038,9395,14590,9889,22808,12264,33380,14763,23900,8160,8826,12926,21471,9649,28338,314822,236732,16457,3043,65943,0,0
2021-02-24T23:59:59+01:00,9195,9922,15881,24258,15942,35875,19513,50770,22267,35879,11499,11769,23027,34383,17926,42550,4229,4939,9255,14305,9712,22337,12067,32748,14502,23411,8030,8696,12789,21297,9592,28146,306607,233984,15496,2133,58655,0,0
2021-02-23T23:59:59+01:00,8628,9328,15076,23101,15283,34621,18758,49353,21580,34929,11233,11470,21435,32481,16596,40360,4186,4853,9126,14079,9574,21917,11873,32173,14194,22965,7884,8555,12671,21086,9531,27930,298525,231183,14698,1475,51109,0,0
2021-02-22T23:59:59+01:00,8489,9068,14690,22481,14928,33894,18283,48310,21110,34271,11054,11230,20489,31220,15508,38693,4152,4728,8979,13775,9403,21388,11606,31428,13815,22423,7673,8375,12474,20835,9443,27644,292695,227900,14088,301,47034,0,0
2021-02-21T23:59:59+01:00,8382,8893,14353,22040,14516,33313,17858,47624,20699,33847,10954,11140,20321,30994,15281,38381,4104,4674,8900,13643,9326,21168,11533,31133,13701,22174,7612,8324,12411,20723,9382,27493,291563,226072,13719,288,43411,0,0
2021-02-20T23:59:59+01:00,8248,8836,14237,21955,14401,33187,17734,47453,20544,33684,10848,11052,19424,29896,14364,37109,4101,4668,8892,13634,9315,21147,11518,31106,13688,22168,7609,8316,12339,20647,9339,27440,287323,225699,13523,287,42222,0,0
2021-02-19T23:59:59+01:00,7910,8547,13890,21505,14024,32491,17248,46645,19796,32815,10316,10719,18211,28349,13404,35746,4009,4643,8826,13606,9272,21084,11486,31011,13623,22083,7567,8260,12094,20334,9175,27153,280951,223999,13148,286,37609,0,0
2021-02-18T23:59:59+01:00,7456,7944,13266,20389,13386,31085,16410,44695,18949,31409,10141,10538,17555,27513,12909,34967,3801,4455,8486,13059,8980,20315,11135,29957,13269,21354,7362,7944,11463,19303,8750,26128,277398,215534,12568,285,28736,0,0
2021-02-17T23:59:59+01:00,7257,7506,12815,19510,12878,29843,15704,42891,18336,30272,9937,10316,16690,26557,12261,33935,3522,4237,8142,12554,8692,19478,10750,28879,12899,20620,7137,7711,10855,18370,8381,25422,272723,207422,11837,283,22236,0,0
2021-02-16T23:59:59+01:00,6861,7127,12298,18657,12382,28714,15154,41517,17769,29359,9796,10213,15961,25640,11833,33252,3313,4083,7838,12086,8382,18727,10340,27765,12461,19821,6877,7406,10075,17103,7739,24018,269168,197961,11341,129,16109,0,0
2021-02-15T23:59:59+01:00,6737,6885,12005,18024,12110,27910,14792,40513,17443,28665,9678,10112,15340,24918,11550,32794,3213,3975,7640,11750,8164,18211,10032,26912,12116,19178,6601,7130,9337,15945,7290,22886,266078,190352,10738,84,12745,0,0
2021-02-14T23:59:59+01:00,6445,6744,11765,17746,11891,27464,14561,40068,17257,28425,9636,10063,15087,24547,11409,32439,3158,3928,7524,11585,8031,18006,9860,26562,11944,18904,6494,6998,9116,15541,7128,22392,265079,187142,9802,84,10749,0,0
2021-02-13T23:59:59+01:00,6373,6698,11724,17715,11860,27432,14537,40039,17239,28403,9623,10038,15058,24520,11402,32424,3153,3923,7517,11580,8021,17986,9842,26527,11914,18863,6471,6966,8950,15308,6790,21791,264845,185650,9801,7,10522,0,0
2021-02-12T23:59:59+01:00,5775,6335,11202,17344,11555,26883,14214,39371,16924,27807,9523,9964,14865,24295,11340,32332,3097,3876,7424,11426,7915,17736,9685,26138,11704,18422,6290,6744,8566,14701,6240,20526,263157,180539,9791,6,6863,0,0
2021-02-11T23:59:59+01:00,5244,5966,10647,16675,11138,26028,13724,38120,16455,27027,9230,9717,14579,23840,11086,31685,2899,3504,6788,10201,7241,15931,8804,23467,10666,16559,5674,6064,7479,12919,5529,18443,259962,162216,8154,3,3126,0,0
2021-02-10T23:59:59+01:00,4970,5754,10297,16219,10843,25483,13384,37192,16063,26362,9041,9589,14405,23627,11000,31494,2477,3106,5850,8724,6439,13802,7796,20523,9608,14794,5160,5492,6434,11162,4872,16578,257316,142859,7660,1,828,0,0
2021-02-09T23:59:59+01:00,4894,5629,10174,15946,10736,25072,13206,36549,15852,25936,8865,9460,14205,23414,10882,31291,2038,2644,5051,7457,5658,11949,6883,17957,8553,13044,4605,4847,5350,9485,4244,14708,254882,124511,6883,1,426,0,0
2021-02-08T23:59:59+01:00,4852,5559,10086,15722,10623,24706,13086,36056,15719,25638,8777,9398,13988,23100,10800,31143,1835,2368,4484,6453,5001,10297,6042,15382,7558,11420,4091,4320,4323,7801,3589,12833,252541,107831,6369,1,421,0,0
2021-02-07T23:59:59+01:00,4664,5479,9946,15588,10523,24528,12999,35789,15617,25471,8742,9354,13834,22890,10741,31032,1588,2052,4062,5793,4600,9384,5604,14214,7091,10556,3849,4072,4096,7397,3451,12283,251448,100123,5825,1,0,0,0
2021-02-06T23:59:59+01:00,4655,5466,9934,15573,10509,24488,12979,35740,15599,25420,8724,9337,13812,22857,10641,30838,1406,1804,3835,5516,4420,8928,5378,13609,6810,10035,3730,3967,3974,7239,3180,11840,251106,95701,5542,1,0,0,0
2021-02-05T23:59:59+01:00,4573,5381,9865,15433,10444,24218,12887,35365,15486,25167,8646,9269,13740,22777,10297,30252,1241,1518,3550,5087,4155,8333,5069,12814,6414,9355,3490,3744,3816,6999,2697,10989,249223,89299,4651,0,0,0,0
2021-02-04T23:59:59+01:00,4506,5229,9736,15106,10279,23636,12687,34560,15275,24684,8530,9160,13506,22465,10203,30080,917,1072,2693,3816,3245,6536,4075,10194,5113,7382,2863,3070,3220,5974,2350,9608,245288,72148,4428,0,0,0,0
2021-02-03T23:59:59+01:00,4428,5134,9621,14885,10174,23264,12551,34027,15122,24303,8424,9037,13347,22257,10134,29868,755,836,2030,2883,2505,5049,3117,7810,3890,5586,2071,2223,2366,4476,1718,7226,242390,54556,4260,0,0,0,0
2021-02-02T23:59:59+01:00,4356,5027,9519,14677,10071,22862,12398,33446,14921,23901,8317,8917,13225,22041,10056,29617,599,655,1533,2128,1919,3802,2348,5943,2886,4183,1458,1490,1612,2978,1195,4808,239165,39548,4258,0,0,0,0
2021-02-01T23:59:59+01:00,4311,4916,9428,14439,9964,22439,12258,32797,14740,23449,8203,8782,13127,21904,10012,29450,455,470,1051,1466,1266,2529,1507,3850,1790,2664,913,949,967,1824,683,2775,236033,25167,4258,0,0,0,0
2021-01-31T23:59:59+01:00,4289,4868,9374,14325,9892,22235,12190,32493,14648,23273,8149,8730,13074,21788,9973,29331,415,433,921,1271,1082,2140,1300,3271,1562,2360,826,860,862,1630,620,2491,234556,22049,4147,0,0,0,0
2021-01-30T23:59:59+01:00,4289,4865,9364,14312,9876,22210,12178,32474,14635,23263,8147,8725,13008,21712,9932,29283,397,401,855,1186,1028,2014,1231,3081,1491,2236,803,836,843,1590,607,2442,234242,21045,4102,0,0,0,0
2021-01-29T23:59:59+01:00,4219,4851,9314,14279,9844,22158,12148,32400,14588,23201,8125,8698,12797,21452,9779,29081,320,300,732,1009,883,1638,1078,2693,1285,1944,724,750,794,1534,592,2396,233028,18674,3977,0,0,0,0
2021-01-28T23:59:59+01:00,4082,4729,9109,13884,9627,21635,11903,31816,14278,22756,7994,8603,12322,20757,9480,28585,152,82,291,376,375,635,470,1174,594,865,390,419,469,891,338,1449,228252,8970,3378,0,0,0,0
2021-01-27T23:59:59+01:00,3822,4547,8805,13473,9328,20975,11524,30971,13904,22097,7787,8393,11725,19868,9121,27934,93,52,199,230,245,433,309,817,427,594,293,305,346,660,255,1061,221562,6319,2778,0,0,0,0
2021-01-26T23:59:59+01:00,3635,4420,8520,13113,9066,20391,11208,30188,13511,21542,7567,8170,11092,18875,8546,26885,88,48,185,220,227,393,295,760,394,544,281,279,316,587,233,945,214858,5795,1937,0,0,0,0
2021-01-25T23:59:59+01:00,3536,4286,8221,12617,8771,19661,10807,29176,13032,20853,7321,7978,10425,17962,8155,26109,79,38,164,196,197,334,252,633,344,452,242,238,264,504,188,767,208578,4892,396,0,0,0,0
2021-01-24T23:59:59+01:00,3487,4258,8136,12535,8699,19537,10695,29000,12907,20697,7287,7939,10356,17853,8113,26017,78,36,160,192,195,321,250,612,335,439,234,235,262,496,184,753,207281,4782,298,0,0,0,0
2021-01-23T23:59:59+01:00,3485,4256,8136,12534,8695,19528,10694,28988,12899,20692,7283,7938,10219,17670,7798,25450,78,36,160,192,194,320,247,612,334,439,234,235,262,496,184,753,206031,4776,297,0,0,0,0
2021-01-22T23:59:59+01:00,3414,4204,8012,12421,8614,19377,10586,28828,12827,20585,7253,7908,9991,17325,7312,24471,78,36,159,192,194,320,247,612,333,439,234,235,262,496,184,753,202894,4774,297,0,0,0,0
2021-01-21T23:59:59+01:00,3302,3959,7496,11494,8144,18205,10029,27168,12241,19492,6987,7605,9291,16241,6868,23542,71,33,143,176,178,287,222,537,294,402,211,208,229,409,157,633,191827,4190,297,0,0,0,0
2021-01-20T23:59:59+01:00,2880,3507,6608,10047,7392,16158,9045,24290,11169,17661,6423,6943,8132,14377,6175,21530,70,33,142,170,175,286,214,520,283,383,200,200,220,383,147,598,172096,4024,294,0,0,0,0
2021-01-19T23:59:59+01:00,2379,3033,5690,8663,6512,14172,8020,21432,9925,15643,5688,6052,6695,12005,5286,18773,46,23,95,124,118,176,151,353,182,271,122,112,141,262,99,441,149801,2716,213,0,0,0,0
2021-01-18T23:59:59+01:00,2061,2627,4899,7249,5550,11821,6793,17726,8535,13243,4844,5179,5264,9585,4343,15587,25,12,36,46,54,84,66,155,68,134,59,53,61,140,56,208,125260,1257,90,0,0,0,0
2021-01-17T23:59:59+01:00,1744,2250,4378,6473,5050,10632,6248,16116,7903,12094,4517,4838,4896,8892,4047,14645,11,4,6,14,15,32,19,44,25,49,25,23,15,36,12,42,114673,372,88,0,0,0,0
2021-01-16T23:59:59+01:00,1548,1992,4165,6180,4869,10157,5982,15427,7574,11442,4348,4645,4685,8600,3705,14067,0,0,0,0,2,3,0,0,1,2,0,1,0,0,0,2,109418,11,5,0,0,0,0
2021-01-15T23:59:59+01:00,1376,1709,3908,5776,4611,9572,5691,14561,7157,10679,4069,4379,4501,8278,3194,13063,0,0,0,0,0,0,0,0,0,0,0,0,0,0,0,1,102555,1,3,0,0,0,0
2021-01-14T23:59:59+01:00,1043,1281,3133,4564,3755,7668,4706,11743,5771,8566,3320,3545,3803,7016,2766,11390,0,0,0,0,0,0,0,0,0,0,0,0,0,0,0,0,84097,0,0,0,0,0,0
2021-01-13T23:59:59+01:00,884,1079,2635,3800,3156,6384,3927,9677,4656,6894,2444,2642,2886,5352,2120,8667,0,0,0,0,0,0,0,0,0,0,0,0,0,0,0,0,67226,0,0,0,0,0,0
2021-01-12T23:59:59+01:00,739,909,2203,3109,2590,5188,3157,7812,3649,5395,1735,1799,1981,3674,1504,5944,0,0,0,0,0,0,0,0,0,0,0,0,0,0,0,0,51407,0,0,0,0,0,0
2021-01-11T23:59:59+01:00,590,731,1831,2507,2078,4155,2423,5874,2689,3900,1094,1099,1181,2171,827,3359,0,0,0,0,0,0,0,0,0,0,0,0,0,0,0,0,36524,0,0,0,0,0,0
2021-01-10T23:59:59+01:00,517,628,1558,2063,1731,3401,1996,4855,2235,3283,977,981,1037,1906,737,2942,0,0,0,0,0,0,0,0,0,0,0,0,0,0,0,0,30859,0,0,0,0,0,0
2021-01-09T23:59:59+01:00,482,567,1429,1887,1585,3092,1832,4392,2060,2998,908,916,981,1853,722,2904,0,0,0,0,0,0,0,0,0,0,0,0,0,0,0,0,28618,0,0,0,0,0,0
2021-01-08T23:59:59+01:00,365,415,1173,1516,1313,2418,1505,3603,1708,2464,789,810,895,1725,684,2772,0,0,0,0,0,0,0,0,0,0,0,0,0,0,0,0,24163,0,0,0,0,0,0
2021-01-07T23:59:59+01:00,172,113,405,524,476,820,612,1414,757,1074,448,475,562,1060,415,1764,0,0,0,0,0,0,0,0,0,0,0,0,0,0,0,0,11091,0,0,0,0,0,0
2021-01-06T23:59:59+01:00,130,67,266,293,309,530,411,961,521,739,338,357,422,821,324,1332,0,0,0,0,0,0,0,0,0,0,0,0,0,0,0,0,7821,0,0,0,0,0,0
2021-01-05T23:59:59+01:00,100,51,190,239,242,444,327,843,446,637,326,341,406,786,318,1279,0,0,0,0,0,0,0,0,0,0,0,0,0,0,0,0,6975,0,0,0,0,0,0
2021-01-04T23:59:59+01:00,83,41,169,199,200,350,258,636,356,469,247,252,285,558,210,857,0,0,0,0,0,0,0,0,0,0,0,0,0,0,0,0,5170,0,0,0,0,0,0
2021-01-03T23:59:59+01:00,81,37,163,194,196,334,257,622,346,453,242,249,281,546,208,840,0,0,0,0,0,0,0,0,0,0,0,0,0,0,0,0,5049,0,0,0,0,0,0
2021-01-02T23:59:59+01:00,81,37,163,194,196,334,254,622,344,453,242,249,281,546,208,840,0,0,0,0,0,0,0,0,0,0,0,0,0,0,0,0,5044,0,0,0,0,0,0
2021-01-01T23:59:59+01:00,81,37,162,194,196,333,254,622,342,451,242,249,281,545,208,840,0,0,0,0,0,0,0,0,0,0,0,0,0,0,0,0,5037,0,0,0,0,0,0
2020-12-31T23:59:59+01:00,81,37,162,192,196,332,253,621,341,450,242,249,281,545,208,840,0,0,0,0,0,0,0,0,0,0,0,0,0,0,0,0,5030,0,0,0,0,0,0
2020-12-30T23:59:59+01:00,80,37,162,190,194,330,253,620,341,448,242,249,281,545,208,840,0,0,0,0,0,0,0,0,0,0,0,0,0,0,0,0,5020,0,0,0,0,0,0
2020-12-29T23:59:59+01:00,56,24,115,144,147,224,184,446,240,346,159,159,199,412,152,654,0,0,0,0,0,0,0,0,0,0,0,0,0,0,0,0,3661,0,0,0,0,0,0
2020-12-28T23:59:59+01:00,29,17,65,77,83,127,103,254,112,209,92,92,102,218,93,364,0,0,0,0,0,0,0,0,0,0,0,0,0,0,0,0,2037,0,0,0,0,0,0
2020-12-27T23:59:59+01:00,14,8,17,24,37,53,35,84,35,83,32,28,36,80,30,137,0,0,0,0,0,0,0,0,0,0,0,0,0,0,0,0,733,0,0,0,0,0,0
