Datum,<24_1_m,<24_1_w,25-34_1_m,25-34_1_w,35-44_1_m,35-44_1_w,45-54_1_m,45-54_1_w,55-64_1_m,55-64_1_w,65-74_1_m,65-74_1_w,75-84_1_m,75-84_1_w,>84_1_m,>84_1_w,<24_2_m,<24_2_w,25-34_2_m,25-34_2_w,35-44_2_m,35-44_2_w,45-54_2_m,45-54_2_w,55-64_2_m,55-64_2_w,65-74_2_m,65-74_2_w,75-84_2_m,75-84_2_w,>84_2_m,>84_2_w,bp_1,bp_2,mo_1,mo_2,az_1,az_2,ja
2021-05-31T23:59:59+02:00,85442,86068,159827,160726,194923,213490,299197,327333,392338,409199,301634,340745,215958,280336,56589,107380,28126,29834,49572,58977,55685,80904,74916,116541,105160,124140,134256,152452,167202,218093,49834,94249,2462974,1134920,350469,165489,778810,200430,39203
2021-05-30T23:59:59+02:00,84264,84916,157448,158783,192457,211226,296583,324978,390821,407769,301327,340407,215835,280166,56564,107336,27505,29010,48151,57532,54162,79262,72867,114247,102813,121603,132339,150195,166564,217357,49777,94115,2448094,1125667,348094,164438,778276,190808,36687
2021-05-29T23:59:59+02:00,83593,84266,155866,157298,190187,209264,294900,323504,390041,407038,301155,340206,215760,280105,56558,107319,27127,28358,47180,56054,52853,77358,70901,111327,100500,118849,129787,147043,165988,216577,49756,94069,2434483,1112358,347960,164438,778214,180358,36674
2021-05-28T23:59:59+02:00,82334,82973,153406,155007,186562,205700,291803,320564,388351,405385,300832,339783,215628,279912,56540,107275,26506,27158,45501,53983,51131,74737,68798,107322,96222,113193,125628,142192,165175,215505,49720,93971,2411088,1090217,346926,164230,778000,166083,36312
2021-05-27T23:59:59+02:00,78489,79556,146977,150121,178735,199699,285580,315545,382474,399978,299820,338622,215233,279433,56487,107130,24986,25237,42266,50995,47430,71021,64196,101158,90123,106089,122151,138021,162658,212229,49577,93698,2367493,1062683,339597,161675,776273,146791,30786
2021-05-26T23:59:59+02:00,75961,77122,142008,145992,172699,194626,279034,309991,376076,393543,298663,337349,214811,278817,56405,106959,24133,24200,40453,48904,45176,68338,61122,97357,85594,101143,117437,132453,159183,207365,49409,93353,2330809,1031445,326778,160172,774540,135905,28198
2021-05-25T23:59:59+02:00,73603,74867,137873,142515,167595,190329,271827,303558,371174,388601,297629,336180,214462,278232,56337,106823,23469,23434,39057,47372,43401,66310,58595,94295,81360,96611,112852,127082,154091,200674,49271,93116,2293756,1000769,319368,156795,772102,126878,26648
2021-05-24T23:59:59+02:00,72161,73531,135193,140441,163991,187658,264961,297472,366951,384548,296948,335396,214210,277880,56279,106719,23078,22957,38039,46319,42097,64896,56930,92316,79185,94226,111625,125596,153575,199997,49184,92950,2270401,991700,308702,155546,770354,120674,25150
2021-05-23T23:59:59+02:00,71610,72968,134078,139580,162869,186688,263699,296406,365443,383176,296428,334814,214073,277702,56260,106687,22813,22741,37498,45769,41337,64203,55750,91325,77838,92950,110430,124191,152824,199040,49129,92827,2259255,983744,308147,152659,770320,119335,25027
2021-05-22T23:59:59+02:00,70824,72274,132569,138528,160425,184987,260752,294119,363238,381167,295952,334256,213927,277473,56236,106645,22438,22249,36901,45211,40702,63688,55116,90546,77135,91874,108528,121977,152464,198561,49110,92781,2241620,977165,308130,152659,770281,115948,23608
2021-05-21T23:59:59+02:00,69324,70625,129678,135962,157134,181685,255362,289229,357730,375894,295202,333362,213660,277111,56187,106554,22033,21816,36316,44469,40069,62638,54105,89087,75386,89584,105288,117943,151626,197486,49034,92639,2206321,964435,306512,152345,768742,109450,23388
2021-05-20T23:59:59+02:00,65875,67501,123971,131107,149921,175289,245107,280377,349510,368253,293065,331046,213008,276234,56083,106368,20570,20687,34180,42357,37739,59801,51169,85297,71525,85284,101513,113630,149414,194772,48889,92351,2149502,945720,300028,150456,762876,92528,20572
2021-05-19T23:59:59+02:00,63308,64984,118891,126313,142164,168350,235292,271427,339052,357405,291110,328872,212365,275328,55957,106130,19919,19755,33002,40825,36352,57733,49091,82451,68247,81715,97825,109377,146038,190333,48674,91939,2084599,922747,293900,148526,759951,83340,18760
2021-05-18T23:59:59+02:00,60901,62742,114074,122030,135504,162527,223865,261120,329793,348123,288861,326320,211600,274276,55829,105928,19317,19018,31819,39389,35029,55939,47216,80010,65193,78369,94149,105141,143105,186608,48501,91567,2025654,903026,284740,145705,756542,74918,16818
2021-05-17T23:59:59+02:00,59662,61589,111726,119976,132669,159777,217209,254963,322644,341452,287318,324595,211093,273538,55747,105763,18798,18466,30803,38389,33891,54672,45712,78216,62939,75942,89355,99342,141955,185073,48373,91307,1999293,891763,272696,138308,753210,68476,14783
2021-05-16T23:59:59+02:00,58771,60820,110296,118669,130922,158097,214109,252205,315412,334636,286496,323635,210818,273107,55701,105683,18455,18044,30077,37621,33051,53773,44619,76895,61652,74499,85934,95280,141358,184239,48307,91190,1984207,885878,262357,131609,750016,64546,13057
2021-05-15T23:59:59+02:00,58169,60128,109304,117704,129903,156938,211975,250121,312111,331668,285953,323025,210647,272859,55687,105628,18296,17860,29821,37315,32777,53336,44120,76225,60839,73570,85290,94429,140942,183673,48278,91154,1968216,880748,262345,131469,749159,63444,12360
2021-05-14T23:59:59+02:00,56720,58511,106986,115585,126239,153369,203438,242805,306541,326411,285157,322058,210397,272474,55646,105553,17731,17382,29050,36487,32031,52124,43007,74381,59253,71671,83522,92019,140426,182872,48249,91084,1931475,871333,260694,130619,744649,58102,11331
2021-05-13T23:59:59+02:00,54490,56262,103193,112414,121478,149223,192965,233812,296551,317019,282682,319176,209709,271488,55567,105380,16757,16882,28259,35808,31276,51219,42074,73319,57682,69987,79350,87193,138331,180096,48158,90896,1880605,859042,252233,123678,738490,54323,10339
2021-05-12T23:59:59+02:00,53436,55417,101292,111024,119444,147580,190467,231705,291627,311387,281977,318426,209497,271208,55536,105306,16571,16719,27968,35593,30910,50935,41666,72951,57121,69385,78045,85565,137677,179163,48083,90761,1857847,853560,250091,121955,738014,54058,9635
2021-05-11T23:59:59+02:00,50910,53732,97160,107854,113661,142782,176502,219994,280803,301127,279143,315095,208692,269990,55417,105055,16063,16020,26967,34169,29813,49156,40357,70634,55340,67161,75056,82034,136518,177580,47962,90449,1799851,841533,240499,119309,729627,46336,8196
2021-05-10T23:59:59+02:00,49459,52609,94542,105825,110455,140179,167650,212599,273566,294434,277278,312974,208186,269210,55314,104854,15666,15478,26219,33204,29045,47895,39340,68696,54073,65477,73041,79520,135524,176251,47860,90208,1764857,832826,234511,118294,722766,39218,7254
2021-05-09T23:59:59+02:00,48134,51685,91898,104121,107803,138431,162476,209022,268294,289617,276336,311893,207851,268740,55261,104724,15291,15205,25544,32548,28334,47082,38574,67736,53082,64537,71889,78137,135018,175536,47815,90102,1745917,828385,227474,117338,716873,34527,6275
2021-05-08T23:59:59+02:00,47784,51332,91031,103406,106764,137574,160954,207757,265923,287669,275903,311433,207745,268579,55249,104697,15175,15136,25424,32459,28188,46960,38380,67527,52673,64184,70881,77107,134118,174369,47776,90023,1734157,823847,226973,116602,716654,33757,6269
2021-05-07T23:59:59+02:00,46733,50502,89067,102077,103894,135279,155925,203657,260318,282547,274777,310073,207459,268169,55203,104599,14346,14567,24629,31741,27456,45883,37481,66239,51426,62616,68495,74279,132281,172001,47703,89888,1708831,814399,223820,114381,712544,27011,5335
2021-05-06T23:59:59+02:00,43861,48526,84250,98558,97887,130500,144462,194105,245315,268925,270480,305201,206388,266720,55058,104345,13568,13958,23719,30655,26472,44484,36087,64236,49654,60606,65952,71041,130518,169699,47610,89692,1644277,803585,214081,111317,702047,18718,4426
2021-05-05T23:59:59+02:00,41773,47145,80533,95954,93269,126754,135679,186722,231297,255251,265210,298964,205046,265022,54865,103904,13298,13615,23207,29951,25873,43540,35152,62805,48488,59161,63157,67725,128032,166524,47530,89492,1579037,791702,209060,107792,696164,14777,3374
2021-05-04T23:59:59+02:00,40494,45846,77787,93653,89743,123670,129662,181485,220621,244708,260679,293543,203820,263449,54694,103508,13110,13374,22822,29411,25414,42777,34420,61678,47319,57813,60351,64451,126036,164040,47415,89301,1530691,780209,203989,105198,690181,11676,2743
2021-05-03T23:59:59+02:00,39477,44639,75428,91800,86879,121323,124875,177543,214182,238716,257880,290205,203145,262503,54596,103253,12834,13058,22428,28844,24937,42054,33735,60695,46224,56614,57176,60500,122846,159944,47208,88935,1499329,764572,200900,103507,685344,8934,1111
2021-05-02T23:59:59+02:00,39063,44238,74213,90921,85411,120221,122252,175524,211315,236333,257095,289268,202901,262135,54536,103157,12753,12982,22240,28630,24710,41753,33398,60296,45738,56078,55407,58462,120483,156989,47134,88827,1488881,759657,198148,98007,681539,8055,253
2021-05-01T23:59:59+02:00,38688,43818,73426,90099,84325,119180,120759,174111,208288,233334,256514,288559,202725,261883,54527,103128,12735,12966,22192,28602,24654,41714,33331,60240,45656,55995,55155,58149,120349,156831,47125,88812,1473940,758367,198146,97970,681265,8011,250
2021-04-30T23:59:59+02:00,38048,43107,72212,88867,82848,117469,116309,170039,201488,226530,254869,286589,202334,261363,54478,103037,12372,12752,21869,28327,24386,41283,33019,59662,45176,55386,54186,56884,119543,155824,47083,88715,1441435,754777,197824,95997,680476,5697,88
2021-04-29T23:59:59+02:00,36336,42013,69254,86857,79282,114850,110776,165585,188200,214131,248263,278981,201379,259989,54371,102739,12036,12501,21397,27889,23977,40771,32422,58919,44350,54428,52227,54527,117970,153913,46999,88547,1387324,746133,190640,93351,675207,3412,69
2021-04-28T23:59:59+02:00,34944,41314,67379,85521,76780,113007,107221,162593,177928,204123,238424,267493,200285,258553,54212,102472,11836,12314,21097,27542,23630,40300,31994,58249,43573,53559,49922,51674,115734,151107,46899,88363,1335205,736787,187317,88854,669914,2197,46
2021-04-27T23:59:59+02:00,34061,40507,65801,84055,74824,111240,104379,160138,173152,199140,230309,258135,199381,257228,54112,102290,11701,12184,20814,27258,23410,39971,31609,57739,42851,52801,47691,48878,113429,148081,46805,88203,1301818,727098,185041,84883,662080,1490,45
2021-04-26T23:59:59+02:00,33549,40056,64702,83185,73338,110079,101898,158306,164156,190522,226867,254113,198821,256408,54039,102115,11596,12087,20616,27084,23179,39759,31306,57401,42184,52153,45737,46515,111826,145965,46728,88080,1273292,719296,183613,81856,655437,1112,43
2021-04-25T23:59:59+02:00,33245,39778,63910,82672,72263,109341,100103,157058,157579,184147,224044,250867,198300,255737,53985,102009,11534,12048,20544,27017,23093,39672,31200,57282,42018,51983,45266,45944,111236,145160,46705,88019,1260772,717672,177503,80113,646949,985,42
2021-04-24T23:59:59+02:00,32827,39256,62961,81453,71088,107887,98497,155376,152297,178561,221820,248145,197918,255177,53955,101968,11520,12030,20499,26974,23043,39610,31111,57195,41863,51827,45014,45633,111019,144904,46688,87993,1236205,716610,177482,79421,645685,942,41
2021-04-23T23:59:59+02:00,31951,38519,61383,79928,69323,105832,95751,152673,147348,173832,217821,243222,197337,254335,53908,101868,11467,11967,20381,26891,22907,39456,30875,56984,41499,51481,44339,44812,110037,143696,46564,87781,1211654,713305,176318,76992,637242,891,40
2021-04-22T23:59:59+02:00,31221,37803,59811,78459,66820,103556,91096,148807,139332,166004,209444,232975,195654,252142,53738,101535,11320,11835,20138,26605,22556,39026,30358,56470,40730,50837,43111,43411,108188,141372,46393,87470,1170650,705954,168955,73143,628972,774,40
2021-04-21T23:59:59+02:00,30648,37217,58434,77309,64918,101940,87917,146004,131599,158410,197150,218484,193897,249754,53545,101169,11184,11734,19906,26366,22276,38701,29997,56024,40183,50312,42175,42290,106125,138706,46200,87134,1119804,699545,166088,69107,622682,712,40
2021-04-20T23:59:59+02:00,30143,36666,57250,76163,63236,100313,85227,143323,126086,152753,186203,205559,191897,247184,53353,100808,11074,11641,19684,26170,21992,38428,29577,55596,39660,49809,41295,41210,103983,135869,45942,86695,1077731,692159,162630,65881,615981,637,39
2021-04-19T23:59:59+02:00,29736,36251,56267,75340,61932,99116,82989,141281,122372,149117,180747,198965,190456,245305,53200,100528,10940,11535,19472,25953,21747,38155,29253,55194,39161,49288,40412,40190,101003,132008,45629,86113,1053465,681998,160815,63507,609500,601,38
2021-04-18T23:59:59+02:00,29378,35948,55476,74782,60779,98144,80984,139790,118880,146495,175960,193716,189609,244235,53113,100366,10856,11447,19280,25782,21577,37990,29040,54916,38915,49049,40033,39742,99823,130501,45487,85881,1039629,678192,159158,61590,599045,590,38
2021-04-17T23:59:59+02:00,29250,35852,55068,74572,60280,97788,80303,139160,117803,145450,171960,189096,189157,243647,53087,100311,10800,11371,19146,25596,21381,37766,28805,54625,38659,48803,39722,39387,99099,129622,45439,85815,1028811,674240,159135,61277,595015,572,38
2021-04-16T23:59:59+02:00,28810,35548,54055,73949,59004,96892,78584,137751,113376,140947,164642,180581,187774,241803,53000,100147,10568,11166,18748,25189,20818,37193,27635,53678,36593,47179,36476,36479,96206,126360,45118,85278,1003098,659676,158369,54513,585573,547,38
2021-04-15T23:59:59+02:00,28255,35019,52756,72744,56989,95111,75148,134736,107536,135191,156996,171759,183796,236717,52759,99625,10376,10970,18373,24750,20326,36558,26913,52846,35178,45924,34324,34386,93285,122771,44719,84588,971085,646867,156324,48979,567904,493,38
2021-04-14T23:59:59+02:00,27849,34624,51832,71806,55610,93699,72693,132492,103148,130983,147848,161296,176837,227751,52484,99073,9917,10658,17919,24246,19793,35923,25939,51925,33916,44807,32136,32064,90544,119338,44331,83890,933519,632219,153660,44783,553021,397,37
2021-04-13T23:59:59+02:00,27570,34364,51119,71245,54684,92871,70936,130988,98724,126797,136317,148291,171234,220364,52207,98583,9652,10455,17575,23828,19373,35392,25248,51121,32856,43795,30736,30663,88563,117134,44060,83446,900531,623262,149164,40412,536774,276,37
2021-04-12T23:59:59+02:00,27328,34131,50552,70723,53825,92131,69390,129615,95784,124073,129042,140032,168788,217298,51981,98161,9390,10236,17220,23535,19010,34941,24764,50593,32148,43155,29171,29072,87005,115267,43802,83019,884249,614940,147643,37174,521135,265,37
2021-04-11T23:59:59+02:00,27110,33949,50035,70308,53101,91663,68191,128766,93689,122319,122739,133131,166138,214054,51849,97914,9239,10086,16915,23254,18710,34638,24389,50209,31729,42791,28494,28367,86038,114072,43633,82755,876896,609716,143257,35400,504976,253,37
2021-04-10T23:59:59+02:00,27031,33880,49881,70184,52893,91508,67856,128484,93108,121788,120235,130093,165243,212849,51812,97824,8567,9405,16018,22495,17770,33780,23228,49154,30686,41849,27813,27636,84012,111512,43408,82373,869950,594485,142412,35022,502480,249,36
2021-04-09T23:59:59+02:00,26739,33591,49406,69702,52239,90815,66792,127291,91044,119531,111165,118779,162578,209354,51650,97538,7480,8400,14486,21135,16025,32216,20998,47142,28642,39931,25969,25774,80644,107416,42977,81692,850700,567221,135399,33521,492289,236,34
2021-04-08T23:59:59+02:00,26414,33318,48809,69197,51496,90102,65406,126165,88394,116989,100624,106477,157789,203402,51387,97056,6731,7735,13300,20094,14753,30860,19292,45388,26129,37572,22986,22746,76078,101770,42084,80258,832201,536018,126554,31599,474448,211,30
2021-04-07T23:59:59+02:00,26042,33054,48004,68752,50588,89487,63892,125090,84832,114070,91373,95939,151666,195645,51142,96573,6309,7363,12621,19402,13925,30035,18228,44281,24126,35579,20446,20218,72247,97059,41290,78941,811994,512805,120993,29138,453338,179,29
2021-04-06T23:59:59+02:00,25787,32865,47499,68374,50018,88956,62770,124268,82465,111984,83121,86484,146284,188839,50872,96039,6093,7184,12264,19052,13587,29590,17663,43701,23243,34794,19319,19129,69055,92900,40567,77830,792876,499627,117802,26229,436121,167,29
2021-04-05T23:59:59+02:00,25668,32723,47192,68022,49633,88550,62187,123551,81108,110659,78141,80777,142122,183642,50703,95783,5940,7024,11987,18801,13302,29280,17337,43330,22810,34348,18842,18625,66087,89217,40072,77033,783516,490429,116058,23495,421060,164,27
2021-04-04T23:59:59+02:00,25619,32655,47063,67744,49455,88231,61915,123036,80543,110001,76699,79018,141519,182804,50675,95716,5937,7015,11974,18793,13291,29264,17322,43311,22672,34259,18455,18275,64609,87322,39939,76830,781002,485672,115961,23494,415904,156,26
2021-04-03T23:59:59+02:00,25547,32568,46941,67631,49296,88056,61562,122691,79990,109399,75229,77254,140570,181467,50607,95594,5929,7006,11958,18777,13268,29241,17284,43266,22568,34176,18311,18128,64252,86748,39877,76719,774676,483913,115923,23494,413978,156,25
2021-04-02T23:59:59+02:00,25462,32476,46779,67468,49062,87793,61053,122216,79094,108533,73491,75097,138552,178821,50453,95308,5907,6967,11914,18736,13214,29160,17188,43085,22292,33713,17933,17772,61801,83721,39245,75825,765615,475513,114153,22860,412065,156,24
2021-04-01T23:59:59+02:00,25226,32214,46356,66963,48414,87032,60164,121259,77171,106844,69515,70744,135314,174668,50207,94855,5731,6782,11659,18498,12990,28936,16865,42767,21781,33256,17080,16980,56814,77393,37905,73816,754027,457677,108121,21494,404973,141,21
2021-03-31T23:59:59+02:00,24871,31953,45944,66447,47936,86388,59416,120259,75995,105610,67189,68040,130949,169027,49875,94256,5647,6725,11555,18374,12842,28790,16605,42467,21159,32732,15902,16060,51515,70739,36814,72240,744368,439534,101042,20554,398921,138,20
2021-03-30T23:59:59+02:00,24679,31686,45536,65820,47440,85582,58678,119167,74850,104244,65070,65710,126903,163615,49503,93501,5577,6631,11450,18253,12643,28608,16265,42133,20580,32168,15043,15240,48684,67182,35928,70726,734250,427841,96845,19222,391067,111,16
2021-03-29T23:59:59+02:00,24450,31399,45076,65273,46970,84879,57926,118047,73582,102809,62054,62170,120800,155782,48884,92346,5480,6558,11355,18147,12482,28441,16020,41796,20113,31700,14390,14689,45944,63945,35072,69248,713877,416750,93448,18599,385300,94,16
2021-03-28T23:59:59+02:00,24203,31052,44581,64587,46465,84143,57234,117039,72649,101699,60126,59966,116807,150600,48524,91721,5421,6489,11209,18002,12229,28135,15851,41575,19946,31472,14148,14454,44817,62442,34818,68844,707396,412510,86170,17330,378008,75,16
2021-03-27T23:59:59+01:00,24066,30860,44295,64223,46085,83603,56726,116351,71920,100952,59024,58879,115425,149003,48475,91660,5408,6477,11179,17981,12210,28105,15444,41084,19578,31081,13867,14257,44225,61567,34471,68236,702189,408491,85474,16678,374061,64,16
2021-03-26T23:59:59+01:00,23773,30192,43454,62552,45135,81530,55336,113170,69908,97622,56880,56891,112943,145982,48220,91242,5388,6439,11155,17931,12139,28011,15361,40973,19213,30447,13388,13642,40709,57112,32953,65688,690905,394097,82181,16463,361918,52,16
2021-03-25T23:59:59+01:00,23319,29374,42555,60762,44061,78941,53764,109559,67557,94091,54189,54187,109884,142226,47771,90435,5337,6378,11062,17823,12018,27873,15179,40741,18922,30137,12886,13121,36295,51234,30713,62230,679560,376092,78000,15871,345289,49,15
2021-03-24T23:59:59+01:00,22847,28831,41797,59495,43064,77411,52301,107600,65493,91829,51288,51159,105920,137365,47255,89537,5275,6306,10965,17680,11849,27670,14937,40433,18557,29738,12429,12656,33194,47225,28230,58304,666855,360696,73148,14773,333365,46,11
2021-03-23T23:59:59+01:00,22568,28449,41209,58594,42367,76307,51224,106049,63833,89996,48968,48706,103286,134374,46824,88830,5211,6231,10866,17546,11700,27489,14680,40114,18142,29335,11915,12176,30253,43345,25207,53342,658879,343389,69816,14185,323064,45,10
2021-03-22T23:59:59+01:00,22284,27968,40591,57717,41717,75270,50263,104618,62366,88389,47100,46802,101039,131746,46458,88187,5138,6177,10791,17419,11566,27323,14515,39877,17899,29017,11612,11810,27882,40237,21878,47835,652664,327362,67020,13637,313005,44,10
2021-03-21T23:59:59+01:00,22119,27638,40090,56963,41186,74411,49600,103457,61420,87208,46021,45738,99480,129959,46159,87698,5123,6168,10756,17369,11518,27235,14457,39786,17815,28915,11488,11686,27425,39736,21578,47351,650111,325203,64999,13225,304207,44,10
2021-03-20T23:59:59+01:00,22048,27456,39879,56445,40945,73881,49281,102791,60969,86631,45307,44920,96978,126801,45915,87269,5114,6161,10745,17359,11491,27218,14412,39746,17721,28831,11328,11524,26703,38870,20925,46379,643685,321513,64556,13036,299444,44,10
2021-03-19T23:59:59+01:00,21624,26728,38718,54374,39673,71894,47444,100648,57998,83850,40822,41013,92090,121267,45360,86382,5093,6148,10714,17299,11427,27113,14324,39571,17471,28530,10989,11257,24744,36441,19578,44239,626027,312287,57373,12674,286650,42,10
2021-03-18T23:59:59+01:00,21163,25903,37470,52222,38138,68985,45171,95991,54140,78385,36802,37181,87562,115967,44493,85006,5067,6111,10648,17197,11347,26960,14173,39377,17253,28342,10749,11072,23236,34513,18178,42097,609220,304282,51647,12065,263873,37,10
2021-03-17T23:59:59+01:00,20688,25487,36751,51292,37364,68030,44044,94545,52324,76594,33985,34210,83771,111301,43708,83783,5037,6081,10588,17101,11278,26822,14054,39189,17037,28152,10528,10851,21762,32783,16854,40055,592688,296839,47264,11361,258084,34,10
2021-03-16T23:59:59+01:00,20279,24991,35985,50222,36566,66813,42861,92858,50476,74646,31767,32121,79935,106510,42991,82692,4981,6023,10516,16972,11187,26665,13957,38949,16893,27925,10361,10670,20263,30978,15628,38064,579689,289133,42586,10928,249594,33,9
2021-03-15T23:59:59+01:00,19954,24547,35263,49249,35787,65575,41927,91374,49206,73094,30023,30230,76702,102461,42453,81747,4957,5979,10453,16847,11116,26463,13837,38655,16745,27660,10193,10512,19348,29779,14593,36471,568640,283367,39272,10282,241842,30,0
2021-03-14T23:59:59+01:00,19642,24019,34364,48043,34923,64262,40830,89486,48012,71478,28831,28985,74746,99935,42106,81193,4932,5956,10402,16765,11058,26313,13781,38428,16654,27518,10118,10427,19164,29476,14347,35944,561565,282184,37410,9149,232039,21,0
2021-03-13T23:59:59+01:00,18728,22895,32904,46193,33433,62277,38768,86510,46034,69248,27568,27679,72765,97349,41928,80919,4932,5956,10400,16760,11054,26306,13776,38422,16649,27510,10071,10386,18295,28400,13446,34697,545264,277961,37125,9148,222961,21,0
2021-03-12T23:59:59+01:00,17443,21283,30388,43537,30828,59047,35785,81450,42923,65088,24768,24545,68498,92043,41194,79823,4920,5920,10381,16700,11035,26251,13732,38306,16551,27356,9802,10186,17252,26942,12562,33415,517362,272221,35816,9138,205614,19,0
2021-03-11T23:59:59+01:00,16228,19542,28133,40913,28555,55789,33085,76944,39200,60377,21387,21052,62496,84635,39668,77525,4873,5876,10304,16583,10924,26010,13609,37989,16377,27079,9508,9968,16578,26039,11966,32237,485474,268267,34230,7705,185966,15,0
2021-03-10T23:59:59+01:00,15547,18690,26652,39300,26959,53954,31480,74513,36585,57301,18695,18534,56533,77312,38466,75670,4830,5818,10208,16414,10813,25751,13459,37570,16176,26748,9280,9785,15753,25154,11414,31342,459189,263565,32195,7003,174946,14,0
2021-03-09T23:59:59+01:00,15215,18125,25446,38270,25620,52742,30397,72809,35209,55552,17532,17449,52964,72727,37565,74163,4799,5780,10125,16238,10703,25493,13296,37250,16020,26534,9153,9680,15028,24236,11000,30673,445701,259892,29677,6170,166537,13,0
2021-03-08T23:59:59+01:00,14826,17427,24286,37195,24423,51577,29447,71281,33988,54002,16457,16600,48718,67470,36596,72554,4783,5727,10059,16037,10598,25236,13157,36890,15902,26301,9082,9591,14476,23579,10750,30302,430300,256752,27677,5781,158998,4,0
2021-03-07T23:59:59+01:00,14563,17067,23672,36352,23712,50684,28869,70404,33425,53330,16201,16359,47579,65927,36332,72122,4769,5712,10039,15996,10571,25148,13124,36718,15846,26209,9062,9557,14261,23297,10638,30136,425579,255706,25870,5443,155275,0,0
2021-03-06T23:59:59+01:00,14427,16701,23241,35639,23189,49860,27760,68778,32361,51681,15895,16122,46864,64909,36124,71799,4765,5692,10027,15975,10556,25114,13114,36676,15828,26178,9042,9520,14214,23256,10540,29932,421535,255333,25807,5162,148132,0,0
2021-03-05T23:59:59+01:00,13955,15983,22549,34479,22526,48585,26974,67104,31136,49341,15273,15369,42949,59969,34514,69061,4735,5631,9957,15877,10501,24966,13047,36480,15746,25977,8949,9464,14023,23036,10195,29347,406388,253668,24361,4329,139137,0,0
2021-03-04T23:59:59+01:00,13100,14798,21342,32778,21340,46511,25564,64333,29503,47250,14560,14654,38321,53868,32204,65468,4684,5527,9848,15581,10406,24602,12915,35960,15608,25628,8797,9331,13868,22825,10128,29217,388079,250752,22291,4238,125341,0,0
2021-03-03T23:59:59+01:00,12743,14214,20646,31581,20574,45137,24632,62580,28526,45750,14095,14181,35183,49743,29731,61586,4640,5452,9765,15402,10326,24349,12808,35526,15416,25319,8645,9212,13734,22597,9997,28967,372720,248143,21522,4077,116773,0,0
2021-03-02T23:59:59+01:00,12448,13706,20000,30626,19864,44107,23832,61176,27599,44549,13471,13574,31971,45549,26501,56324,4586,5369,9703,15238,10259,24072,12709,35099,15314,25038,8527,9117,13591,22403,9933,28839,354697,245784,20072,4076,110638,0,0
2021-03-01T23:59:59+01:00,12237,13366,19487,29808,19316,43259,23242,60088,26919,43476,13067,13139,29320,42156,22897,50345,4563,5308,9652,15076,10191,23773,12629,34687,15215,24767,8450,9062,13394,22106,9842,28693,337583,243395,19013,4076,105635,0,0
2021-02-28T23:59:59+01:00,12038,13125,19002,29159,18814,42489,22750,59245,26450,42730,12868,12931,28691,41442,22553,49828,4544,5293,9632,15044,10170,23721,12612,34620,15188,24732,8426,9037,13253,21902,9793,28575,335178,242563,18156,4042,100888,0,0
2021-02-27T23:59:59+01:00,11815,12478,18685,28356,18560,41713,22462,58222,26123,42005,12603,12649,27908,40495,21774,48579,4533,5280,9608,15025,10138,23660,12573,34546,15149,24666,8408,9021,13241,21887,9792,28571,331281,242219,17435,3942,95816,0,0
2021-02-26T23:59:59+01:00,10906,11546,17819,26898,17784,39430,21517,55299,24654,39422,12238,12361,26049,38162,20558,46654,4442,5194,9533,14871,10068,23390,12488,34172,15032,24412,8333,8950,13175,21807,9757,28515,322202,240332,17182,3869,82015,0,0
2021-02-25T23:59:59+01:00,9625,10537,16503,25283,16536,37116,20228,52285,23009,36892,11845,12074,24547,36221,19332,44763,4314,5029,9372,14558,9867,22754,12231,33316,14725,23846,8153,8807,12911,21461,9640,28292,314603,236306,16414,3032,65879,0,0
2021-02-24T23:59:59+01:00,9185,9914,15869,24242,15919,35842,19481,50729,22238,35843,11487,11758,23014,34378,17918,42528,4230,4931,9234,14280,9690,22288,12040,32689,14469,23359,8023,8678,12774,21287,9583,28100,306392,233589,15453,2126,58598,0,0
2021-02-23T23:59:59+01:00,8624,9321,15064,23085,15261,34588,18728,49315,21551,34893,11222,11459,21422,32476,16589,40338,4187,4845,9105,14054,9552,21868,11847,32114,14161,22913,7877,8537,12656,21076,9522,27884,298318,230787,14655,1470,51059,0,0
2021-02-22T23:59:59+01:00,8485,9062,14678,22465,14906,33861,18253,48272,21081,34235,11043,11219,20477,31215,15501,38672,4153,4720,8958,13750,9381,21340,11580,31369,13784,22371,7666,8358,12459,20825,9435,27599,292489,227509,14045,297,46986,0,0
2021-02-21T23:59:59+01:00,8378,8887,14340,22025,14494,33280,17829,47586,20670,33812,10943,11129,20309,30989,15274,38360,4105,4666,8879,13618,9304,21121,11508,31075,13671,22123,7605,8307,12396,20713,9374,27448,291358,225686,13677,284,43363,0,0
2021-02-20T23:59:59+01:00,8244,8830,14224,21940,14379,33155,17705,47415,20515,33651,10837,11041,19413,29891,14357,37090,4102,4660,8871,13609,9293,21100,11493,31049,13658,22117,7602,8299,12324,20637,9331,27399,287121,225318,13481,283,42177,0,0
2021-02-19T23:59:59+01:00,7906,8541,13878,21491,14002,32459,17223,46609,19769,32782,10305,10708,18201,28345,13397,35727,4010,4635,8805,13581,9250,21037,11461,30955,13593,22032,7560,8243,12079,20324,9167,27112,280760,223618,13106,283,37565,0,0
2021-02-18T23:59:59+01:00,7452,7938,13254,20376,13365,31053,16385,44660,18922,31377,10131,10527,17545,27510,12902,34948,3802,4446,8466,13035,8958,20270,11111,29901,13241,21303,7355,7928,11449,19293,8743,26092,277209,215166,12526,283,28696,0,0
2021-02-17T23:59:59+01:00,7253,7499,12803,19498,12857,29811,15679,42855,18310,30240,9927,10305,16680,26554,12254,33916,3522,4230,8122,12530,8670,19434,10727,28826,12872,20572,7130,7695,10841,18361,8374,25387,272519,207066,11795,281,22211,0,0
2021-02-16T23:59:59+01:00,6857,7120,12287,18646,12362,28685,15131,41483,17744,29327,9786,10202,15951,25636,11826,33232,3313,4077,7817,12062,8360,18686,10317,27715,12434,19773,6871,7390,10061,17094,7732,23985,268959,197613,11299,128,16099,0,0
2021-02-15T23:59:59+01:00,6734,6878,11994,18013,12090,27881,14769,40479,17418,28634,9668,10101,15330,24914,11543,32775,3213,3970,7619,11727,8142,18171,10009,26863,12089,19130,6595,7114,9324,15937,7283,22854,265871,190010,10696,84,12736,0,0
2021-02-14T23:59:59+01:00,6442,6737,11754,17735,11869,27436,14538,40033,17232,28394,9626,10052,15077,24543,11402,32420,3158,3923,7503,11562,8009,17966,9837,26515,11918,18857,6488,6982,9103,15534,7121,22360,264871,186805,9761,84,10738,0,0
2021-02-13T23:59:59+01:00,6370,6691,11713,17704,11838,27404,14514,40004,17214,28372,9613,10027,15048,24516,11395,32405,3153,3918,7496,11557,7999,17946,9819,26480,11888,18816,6465,6950,8937,15301,6783,21759,264637,185313,9760,7,10511,0,0
2021-02-12T23:59:59+01:00,5774,6328,11192,17333,11533,26856,14193,39338,16899,27776,9513,9953,14855,24291,11333,32313,3097,3871,7403,11404,7893,17696,9662,26091,11678,18376,6284,6728,8553,14695,6233,20494,262949,180205,9750,6,6860,0,0
2021-02-11T23:59:59+01:00,5243,5960,10638,16663,11119,26003,13704,38090,16432,26999,9221,9706,14570,23836,11079,31666,2899,3499,6768,10180,7220,15891,8782,23420,10642,16513,5669,6048,7466,12913,5523,18411,259770,161890,8113,3,3124,0,0
2021-02-10T23:59:59+01:00,4971,5750,10291,16209,10827,25460,13369,37170,16044,26340,9033,9578,14397,23624,10992,31473,2477,3101,5838,8704,6421,13770,7777,20482,9585,14753,5156,5477,6422,11157,4866,16546,257129,142573,7651,1,826,0,0
2021-02-09T23:59:59+01:00,4895,5626,10169,15936,10720,25049,13191,36528,15833,25914,8858,9449,14196,23411,10874,31270,2038,2639,5041,7437,5640,11920,6867,17919,8531,13008,4602,4834,5340,9480,4239,14681,254698,124253,6874,1,424,0,0
2021-02-08T23:59:59+01:00,4853,5557,10081,15713,10609,24684,13071,36036,15700,25616,8770,9387,13977,23094,10789,31118,1835,2363,4478,6438,4986,10271,6028,15351,7537,11385,4087,4308,4313,7793,3585,12805,252349,107596,6361,1,420,0,0
2021-02-07T23:59:59+01:00,4665,5477,9941,15579,10509,24506,12985,35768,15598,25448,8735,9343,13822,22885,10730,31007,1588,2048,4057,5779,4586,9361,5591,14187,7070,10525,3845,4061,4087,7389,3447,12255,251254,99906,5817,1,0,0,0
2021-02-06T23:59:59+01:00,4656,5464,9929,15564,10495,24466,12965,35717,15580,25397,8717,9326,13800,22852,10630,30813,1406,1800,3830,5502,4406,8905,5366,13584,6789,10004,3726,3956,3965,7232,3176,11812,250910,95488,5534,1,0,0,0
2021-02-05T23:59:59+01:00,4574,5379,9860,15425,10430,24196,12873,35343,15467,25144,8639,9258,13728,22772,10286,30227,1241,1514,3546,5074,4146,8312,5058,12792,6395,9331,3487,3735,3808,6994,2694,10964,249029,89118,4643,0,0,0,0
2021-02-04T23:59:59+01:00,4507,5228,9730,15099,10265,23614,12673,34538,15257,24660,8524,9150,13495,22460,10192,30055,918,1068,2691,3804,3236,6520,4064,10172,5097,7359,2860,3062,3212,5970,2347,9583,245098,71983,4420,0,0,0,0
2021-02-03T23:59:59+01:00,4429,5132,9615,14877,10160,23240,12536,34003,15104,24277,8418,9028,13336,22251,10123,29843,755,834,2029,2874,2502,5039,3109,7796,3880,5571,2070,2217,2360,4473,1718,7217,242190,54459,4253,0,0,0,0
2021-02-02T23:59:59+01:00,4357,5025,9513,14667,10057,22837,12383,33421,14902,23872,8311,8907,13213,22035,10045,29591,599,654,1532,2123,1917,3795,2341,5931,2878,4173,1457,1486,1607,2976,1195,4804,238954,39480,4251,0,0,0,0
2021-02-01T23:59:59+01:00,4312,4913,9422,14429,9950,22413,12243,32771,14722,23420,8197,8772,13115,21898,10002,29424,455,469,1050,1464,1265,2525,1502,3843,1784,2658,912,946,965,1823,683,2773,235821,25126,4251,0,0,0,0
2021-01-31T23:59:59+01:00,4290,4865,9368,14315,9878,22210,12175,32465,14631,23244,8144,8721,13062,21782,9963,29305,415,432,920,1271,1081,2137,1296,3264,1556,2354,825,857,860,1629,620,2489,234346,22012,4140,0,0,0,0
2021-01-30T23:59:59+01:00,4290,4862,9358,14302,9862,22185,12163,32445,14618,23234,8142,8716,12996,21706,9922,29257,397,400,855,1185,1027,2011,1227,3074,1485,2230,803,833,841,1589,607,2440,234031,21009,4095,0,0,0,0
2021-01-29T23:59:59+01:00,4220,4848,9308,14269,9830,22133,12133,32371,14571,23172,8120,8689,12785,21446,9769,29055,320,299,732,1008,882,1636,1074,2686,1279,1938,724,747,792,1533,592,2394,232817,18639,3970,0,0,0,0
2021-01-28T23:59:59+01:00,4084,4726,9103,13873,9613,21610,11889,31786,14263,22728,7990,8594,12310,20751,9470,28560,152,81,291,375,374,633,468,1168,589,861,390,418,468,890,338,1448,228043,8944,3374,0,0,0,0
2021-01-27T23:59:59+01:00,3824,4544,8799,13463,9314,20951,11511,30943,13888,22069,7783,8384,11713,19863,9112,27909,93,51,199,229,245,432,307,814,422,592,293,304,346,659,255,1060,221359,6301,2774,0,0,0,0
2021-01-26T23:59:59+01:00,3637,4418,8514,13103,9052,20368,11195,30160,13495,21514,7562,8161,11080,18870,8537,26861,88,47,185,219,227,392,293,757,389,542,281,278,316,586,233,945,214657,5778,1933,0,0,0,0
2021-01-25T23:59:59+01:00,3538,4284,8215,12608,8757,19638,10795,29148,13016,20826,7316,7969,10413,17957,8146,26087,79,37,164,195,197,333,250,631,340,450,242,238,264,503,188,767,208381,4878,394,0,0,0,0
2021-01-24T23:59:59+01:00,3489,4256,8130,12526,8686,19514,10684,28972,12891,20670,7282,7930,10344,17848,8104,25995,78,35,160,191,195,320,248,610,331,437,234,235,262,495,184,753,207086,4768,296,0,0,0,0
2021-01-23T23:59:59+01:00,3487,4254,8130,12525,8682,19505,10683,28960,12883,20665,7278,7929,10207,17665,7789,25428,78,35,160,191,194,319,247,610,330,437,234,235,262,495,184,753,205836,4764,295,0,0,0,0
2021-01-22T23:59:59+01:00,3416,4202,8007,12412,8601,19354,10575,28800,12811,20558,7248,7899,9979,17320,7303,24449,78,35,159,191,194,319,247,610,330,437,234,235,262,495,184,753,202700,4763,295,0,0,0,0
2021-01-21T23:59:59+01:00,3304,3957,7492,11485,8131,18183,10018,27141,12225,19466,6982,7596,9279,16236,6860,23520,71,32,143,175,178,286,222,535,293,400,211,208,229,408,157,633,191638,4181,295,0,0,0,0
2021-01-20T23:59:59+01:00,2882,3505,6603,10038,7380,16138,9035,24262,11153,17635,6419,6936,8121,14372,6167,21508,70,32,142,169,175,285,214,518,282,382,200,200,220,382,147,598,171914,4016,292,0,0,0,0
2021-01-19T23:59:59+01:00,2381,3031,5685,8653,6500,14153,8010,21405,9912,15617,5684,6046,6686,12000,5279,18755,46,22,95,123,118,176,151,351,181,270,122,112,141,262,99,441,149630,2710,212,0,0,0,0
2021-01-18T23:59:59+01:00,2063,2626,4894,7238,5539,11805,6784,17701,8521,13219,4841,5174,5255,9580,4338,15569,25,11,36,46,54,84,66,154,68,133,59,53,61,140,56,208,125100,1254,90,0,0,0,0
2021-01-17T23:59:59+01:00,1746,2249,4373,6462,5039,10617,6240,16093,7889,12071,4514,4832,4887,8887,4041,14626,11,3,6,14,15,32,19,44,25,49,25,23,15,36,12,42,114515,371,88,0,0,0,0
2021-01-16T23:59:59+01:00,1550,1991,4160,6169,4858,10142,5974,15407,7560,11420,4345,4639,4676,8595,3699,14048,0,0,0,0,2,3,0,0,1,2,0,1,0,0,0,2,109264,11,5,0,0,0,0
2021-01-15T23:59:59+01:00,1378,1708,3904,5766,4604,9559,5684,14544,7145,10662,4066,4374,4493,8275,3189,13045,0,0,0,0,0,0,0,0,0,0,0,0,0,0,0,1,102426,1,3,0,0,0,0
2021-01-14T23:59:59+01:00,1044,1280,3131,4555,3749,7656,4699,11727,5763,8550,3316,3540,3795,7015,2765,11383,0,0,0,0,0,0,0,0,0,0,0,0,0,0,0,0,83994,0,0,0,0,0,0
2021-01-13T23:59:59+01:00,884,1079,2633,3791,3153,6375,3921,9664,4649,6878,2441,2638,2878,5352,2119,8659,0,0,0,0,0,0,0,0,0,0,0,0,0,0,0,0,67136,0,0,0,0,0,0
2021-01-12T23:59:59+01:00,739,909,2203,3101,2588,5178,3151,7800,3642,5381,1733,1795,1973,3675,1503,5940,0,0,0,0,0,0,0,0,0,0,0,0,0,0,0,0,51329,0,0,0,0,0,0
2021-01-11T23:59:59+01:00,590,731,1831,2500,2076,4146,2418,5863,2683,3887,1093,1097,1175,2171,826,3357,0,0,0,0,0,0,0,0,0,0,0,0,0,0,0,0,36458,0,0,0,0,0,0
2021-01-10T23:59:59+01:00,517,627,1558,2056,1729,3392,1991,4845,2229,3270,976,979,1031,1906,736,2940,0,0,0,0,0,0,0,0,0,0,0,0,0,0,0,0,30793,0,0,0,0,0,0
2021-01-09T23:59:59+01:00,482,566,1429,1880,1583,3083,1828,4382,2054,2985,908,914,975,1853,721,2902,0,0,0,0,0,0,0,0,0,0,0,0,0,0,0,0,28554,0,0,0,0,0,0
2021-01-08T23:59:59+01:00,365,414,1173,1511,1311,2410,1501,3594,1703,2454,789,809,890,1725,683,2771,0,0,0,0,0,0,0,0,0,0,0,0,0,0,0,0,24111,0,0,0,0,0,0
2021-01-07T23:59:59+01:00,172,112,405,522,474,814,608,1404,752,1067,448,476,559,1060,414,1763,0,0,0,0,0,0,0,0,0,0,0,0,0,0,0,0,11050,0,0,0,0,0,0
2021-01-06T23:59:59+01:00,130,67,266,292,309,530,409,959,518,737,339,358,422,822,324,1331,0,0,0,0,0,0,0,0,0,0,0,0,0,0,0,0,7813,0,0,0,0,0,0
2021-01-05T23:59:59+01:00,100,51,190,238,242,444,325,843,442,635,327,342,406,787,318,1278,0,0,0,0,0,0,0,0,0,0,0,0,0,0,0,0,6968,0,0,0,0,0,0
2021-01-04T23:59:59+01:00,83,41,169,198,200,350,256,636,352,467,248,253,285,559,210,857,0,0,0,0,0,0,0,0,0,0,0,0,0,0,0,0,5164,0,0,0,0,0,0
2021-01-03T23:59:59+01:00,81,37,163,193,196,334,255,622,342,451,243,250,281,547,208,840,0,0,0,0,0,0,0,0,0,0,0,0,0,0,0,0,5043,0,0,0,0,0,0
2021-01-02T23:59:59+01:00,81,37,163,193,196,334,254,622,341,451,243,250,281,547,208,840,0,0,0,0,0,0,0,0,0,0,0,0,0,0,0,0,5041,0,0,0,0,0,0
2021-01-01T23:59:59+01:00,81,37,162,193,196,333,254,622,340,449,242,249,281,546,208,840,0,0,0,0,0,0,0,0,0,0,0,0,0,0,0,0,5033,0,0,0,0,0,0
2020-12-31T23:59:59+01:00,81,37,162,191,196,332,253,621,340,448,242,249,281,546,208,840,0,0,0,0,0,0,0,0,0,0,0,0,0,0,0,0,5027,0,0,0,0,0,0
2020-12-30T23:59:59+01:00,80,37,162,189,194,330,253,620,340,447,242,249,281,546,208,840,0,0,0,0,0,0,0,0,0,0,0,0,0,0,0,0,5018,0,0,0,0,0,0
2020-12-29T23:59:59+01:00,56,24,115,143,147,224,184,446,239,345,159,159,199,413,152,654,0,0,0,0,0,0,0,0,0,0,0,0,0,0,0,0,3659,0,0,0,0,0,0
2020-12-28T23:59:59+01:00,29,17,65,77,83,127,103,254,112,208,92,92,102,218,93,364,0,0,0,0,0,0,0,0,0,0,0,0,0,0,0,0,2036,0,0,0,0,0,0
2020-12-27T23:59:59+01:00,14,8,17,24,37,53,35,84,35,82,32,28,36,80,30,137,0,0,0,0,0,0,0,0,0,0,0,0,0,0,0,0,732,0,0,0,0,0,0
