Datum,<24_1_m,<24_1_w,25-34_1_m,25-34_1_w,35-44_1_m,35-44_1_w,45-54_1_m,45-54_1_w,55-64_1_m,55-64_1_w,65-74_1_m,65-74_1_w,75-84_1_m,75-84_1_w,>84_1_m,>84_1_w,<24_2_m,<24_2_w,25-34_2_m,25-34_2_w,35-44_2_m,35-44_2_w,45-54_2_m,45-54_2_w,55-64_2_m,55-64_2_w,65-74_2_m,65-74_2_w,75-84_2_m,75-84_2_w,>84_2_m,>84_2_w,bp_1,bp_2,mo_1,mo_2,az_1,az_2,ja
2021-04-27T23:59:59+02:00,32972,39681,64296,82700,73213,109464,102114,157645,170137,196212,227325,254866,197275,254608,53720,101425,11432,11942,20277,26687,22813,39198,30698,56582,41635,51521,46321,47508,111751,146053,46346,87333,1285538,716293,182123,80408,650134,1446,20
2021-04-26T23:59:59+02:00,32485,39261,63254,81894,71826,108396,99775,155965,161362,187800,223976,250956,196750,253835,53662,101293,11350,11863,20127,26563,22643,39037,30473,56334,41084,50991,44552,45413,110356,144229,46282,87237,1257558,709306,180944,78195,644132,1085,18
2021-04-25T23:59:59+02:00,32186,38986,62470,81383,70783,107661,98008,154727,154898,181563,221207,247792,196249,253199,53616,101204,11295,11828,20063,26502,22574,38964,30377,56227,40936,50837,44111,44877,109805,143474,46264,87188,1245312,707825,174884,76581,635880,968,18
2021-04-24T23:59:59+02:00,31782,38481,61540,80188,69632,106218,96433,153067,149648,176002,218986,245076,195868,252646,53586,101163,11281,11813,20022,26462,22525,38906,30291,56142,40787,50685,43862,44586,109600,143232,46247,87165,1220963,706844,174864,75890,634634,925,17
2021-04-23T23:59:59+02:00,30937,37758,60028,78685,67913,104191,93712,150388,144840,171345,215023,240194,195295,251826,53541,101065,11240,11759,19921,26393,22411,38781,30112,55976,40522,50430,43321,43887,108719,142131,46126,86957,1196695,703659,173720,74204,626471,877,16
2021-04-22T23:59:59+02:00,30242,37071,58514,77278,65537,102018,89334,146699,137087,163714,206790,230098,193660,249698,53391,100766,11110,11641,19694,26135,22094,38398,29644,55513,39812,49855,42138,42531,106921,139862,45958,86664,1156376,696535,167312,70757,618354,732,16
2021-04-21T23:59:59+02:00,29696,36508,57170,76161,63702,100454,86261,143980,129548,156300,194688,215868,191958,247386,53205,100426,10979,11543,19474,25905,21837,38097,29316,55092,39297,49368,41239,41446,104884,137231,45768,86336,1106544,690234,164812,66958,612105,675,16
2021-04-20T23:59:59+02:00,29199,35976,56018,75041,62057,98855,83618,141344,124139,150730,183954,203216,189996,244887,53022,100089,10872,11453,19264,25716,21560,37833,28905,54672,38787,48879,40369,40377,102807,134477,45517,85910,1065442,683072,161369,63781,605479,601,15
2021-04-19T23:59:59+02:00,28809,35566,55056,74226,60780,97673,81413,139310,120468,147128,178576,196718,188579,243048,52885,99836,10746,11352,19062,25509,21322,37571,28595,54290,38302,48378,39516,39378,99942,130745,45219,85346,1041621,673284,159499,61477,599100,568,15
2021-04-18T23:59:59+02:00,28461,35273,54283,73686,59641,96720,79456,137843,117094,144570,173954,191628,187774,242019,52821,99712,10665,11265,18874,25341,21157,37411,28385,54023,38061,48147,39148,38943,98791,129273,45083,85124,1028080,669607,157949,59583,589055,557,15
2021-04-17T23:59:59+02:00,28342,35183,53887,73485,59152,96373,78792,137225,116041,143536,169992,187036,187322,241433,52795,99658,10609,11191,18740,25157,20964,37188,28151,53731,37806,47901,38837,38588,98067,128394,45035,85058,1017442,665666,157930,59270,585029,537,15
2021-04-16T23:59:59+02:00,27913,34888,52887,72876,57895,95494,77106,135834,111660,139077,162834,178694,185991,239629,52710,99502,10379,10988,18346,24754,20411,36623,26996,52796,35769,46296,35622,35714,95192,125182,44733,84573,992294,651256,157181,52663,575664,511,15
2021-04-15T23:59:59+02:00,27372,34374,51612,71687,55926,93734,73753,132854,105917,133443,155275,169978,182115,234646,52484,99027,10191,10800,17975,24321,19923,35995,26286,51974,34368,45059,33493,33640,92302,121621,44350,83909,960995,638661,155195,47144,558156,458,15
2021-04-14T23:59:59+02:00,26982,33997,50720,70789,54596,92376,71369,130670,101637,129332,146262,159713,175528,226116,52231,98517,9738,10489,17529,23825,19400,35370,25347,51076,33150,43974,31367,31386,89604,118248,43975,83232,924792,624433,152658,42967,543533,367,14
2021-04-13T23:59:59+02:00,26710,33744,50031,70247,53699,91565,69666,129213,97310,125240,134952,146913,170000,218853,51967,98068,9491,10301,17222,23428,19018,34866,24743,50331,32242,43082,30147,30130,87729,116150,43711,82798,892418,615736,148193,39464,527715,246,14
2021-04-12T23:59:59+02:00,26479,33520,49486,69751,52869,90861,68155,127903,94416,122575,127769,138753,167592,215846,51748,97672,9238,10095,16899,23149,18691,34440,24305,49836,31603,42497,28637,28579,86224,114333,43456,82396,876514,607659,146804,36538,512225,236,14
2021-04-11T23:59:59+02:00,26267,33341,48984,69345,52171,90406,66992,127075,92370,120851,121751,132113,165030,212715,51626,97455,9091,9950,16613,22877,18409,34157,23966,49476,31218,42144,27977,27893,85270,113159,43298,82151,869390,602713,142438,34769,496813,223,13
2021-04-10T23:59:59+02:00,26190,33273,48832,69222,51967,90253,66663,126796,91801,120322,119255,129084,164141,211518,51589,97366,8420,9270,15719,22122,17471,33302,22810,48426,30181,41210,27302,27169,83246,110606,43073,81769,862488,587523,141597,34410,494336,219,13
2021-04-09T23:59:59+02:00,25905,32994,48373,68755,51337,89589,65630,125648,89768,118147,110224,117824,161490,208040,51427,97080,7341,8266,14198,20770,15735,31748,20595,46428,28168,39338,25515,25354,79936,106553,42647,81091,843381,560372,134600,33162,484399,205,13
2021-04-08T23:59:59+02:00,25605,32730,47812,68268,50621,88902,64290,124557,87170,115646,99732,105589,156745,202139,51164,96603,6597,7602,13026,19741,14473,30406,18906,44706,25703,37016,22619,22393,75472,101009,41777,79703,825187,529749,125811,31268,466726,190,10
2021-04-07T23:59:59+02:00,25248,32472,47022,67835,49731,88303,62798,123508,83658,112774,90599,95190,150780,194597,50922,96130,6184,7235,12365,19072,13668,29607,17866,43623,23735,35071,20140,19929,71706,96373,40995,78402,805547,507028,120274,28843,445897,158,10
2021-04-06T23:59:59+02:00,24999,32290,46525,67467,49178,87791,61700,122703,81330,110713,82442,85857,145529,187907,50656,95606,5971,7056,12014,18725,13335,29165,17311,43050,22862,34299,19037,18858,68536,92238,40275,77295,786834,493985,117092,25954,428918,147,9
2021-04-05T23:59:59+02:00,24886,32151,46224,67127,48802,87385,61120,121992,79986,109407,77499,80180,141555,182929,50482,95341,5819,6899,11737,18480,13051,28855,16988,42684,22436,33857,18567,18361,65575,88572,39785,76499,777604,484855,115319,23224,414291,144,9
2021-04-04T23:59:59+02:00,24839,32083,46100,66849,48628,87073,60848,121481,79424,108749,76057,78425,140954,182094,50455,95274,5816,6890,11726,18473,13040,28840,16973,42665,22298,33768,18181,18011,64101,86677,39652,76296,775119,480105,115224,23224,409138,136,9
2021-04-03T23:59:59+02:00,24768,31999,45981,66738,48473,86902,60501,121140,78882,108157,74591,76669,140008,180764,50387,95153,5808,6881,11710,18458,13019,28818,16935,42620,22194,33686,18038,17865,63745,86105,39590,76185,768862,478355,115186,23224,407213,136,9
2021-04-02T23:59:59+02:00,24685,31907,45821,66575,48243,86644,59996,120668,77995,107302,72854,74517,137991,178124,50235,94869,5788,6844,11668,18418,12967,28739,16840,42441,21921,33229,17680,17519,61336,83108,38970,75313,759841,470113,113423,22591,405310,136,8
2021-04-01T23:59:59+02:00,24453,31645,45399,66073,47606,85893,59115,119719,76092,105626,68913,70190,134765,173992,49989,94418,5612,6659,11418,18187,12750,28523,16521,42133,21419,32786,16841,16746,56405,76856,37658,73358,748340,452584,107442,21226,398252,121,8
2021-03-31T23:59:59+02:00,24108,31386,44997,65562,47138,85267,58377,118740,74929,104401,66605,67496,130422,168377,49660,93829,5531,6602,11316,18063,12601,28382,16268,41841,20810,32274,15682,15837,51163,70269,36585,71805,738794,434681,100406,20288,392240,119,8
2021-03-30T23:59:59+02:00,23923,31123,44606,64945,46654,84473,57661,117655,73803,103043,64516,65185,126383,162984,49292,93077,5461,6511,11215,17948,12407,28205,15939,41517,20257,31727,14850,15039,48367,66739,35700,70299,728724,423144,96243,19004,384501,92,7
2021-03-29T23:59:59+02:00,23699,30843,44167,64413,46208,83784,56938,116553,72569,101638,61528,61678,120290,155164,48678,91922,5366,6441,11130,17848,12251,28045,15703,41187,19796,31270,14204,14492,45648,63527,34849,68834,708479,412190,92880,18383,378858,77,7
2021-03-28T23:59:59+02:00,23455,30505,43677,63733,45710,83055,56256,115556,71641,100536,59614,59491,116320,150022,48318,91301,5308,6374,10986,17704,12000,27740,15534,40969,19629,31044,13962,14257,44522,62028,34596,68434,702093,407967,85635,17119,371607,60,7
2021-03-27T23:59:59+01:00,23318,30315,43394,63372,45337,82523,55753,114869,70915,99793,58500,58399,114940,148427,48269,91240,5297,6364,10958,17686,11982,27711,15130,40481,19265,30654,13682,14062,43937,61155,34251,67829,696897,403989,84940,16468,367671,46,7
2021-03-26T23:59:59+01:00,23030,29648,42560,61706,44387,80455,54371,111694,68922,96472,56366,56421,112463,145412,48015,90824,5278,6327,10937,17636,11913,27619,15047,40373,18902,30032,13202,13450,40420,56694,32737,65282,685680,389611,81653,16254,355556,43,7
2021-03-25T23:59:59+01:00,22587,28837,41672,59932,43332,77893,52825,108112,66600,92973,53705,53742,109430,141673,47573,90029,5230,6269,10850,17537,11801,27484,14877,40144,18619,29734,12710,12942,36032,50861,30509,61843,674381,371803,77511,15660,339166,39,6
2021-03-24T23:59:59+01:00,22127,28314,40933,58696,42365,76386,51397,106194,64558,90732,50829,50739,105481,136831,47061,89132,5176,6208,10754,17398,11641,27293,14645,39847,18267,29358,12263,12489,32964,46893,28050,57965,661819,356631,72671,14608,327433,37,1
2021-03-23T23:59:59+01:00,21854,27935,40366,57811,41679,75308,50343,104670,62918,88929,48543,48311,102871,133863,46630,88430,5114,6135,10657,17269,11501,27116,14392,39532,17859,28958,11756,12015,30046,43039,25046,53036,653936,339476,69394,14023,317278,36,1
2021-03-22T23:59:59+01:00,21583,27457,39765,56957,41051,74297,49417,103276,61487,87351,46699,46426,100638,131264,46265,87803,5048,6086,10590,17153,11380,26965,14239,39310,17627,28649,11465,11661,27694,39961,21740,47557,647870,323680,66645,13477,307368,33,0
2021-03-21T23:59:59+01:00,21422,27128,39269,56207,40530,73449,48771,102130,60558,86193,45630,45382,99090,129492,45965,87315,5033,6077,10555,17104,11335,26879,14186,39221,17546,28549,11344,11541,27257,39473,21444,47087,645384,321584,64632,13079,298660,33,0
2021-03-20T23:59:59+01:00,21353,26945,39059,55691,40289,72920,48453,101464,60110,85620,44917,44564,96588,126337,45721,86887,5025,6070,10544,17094,11308,26863,14141,39181,17452,28467,11184,11378,26538,38607,20790,46116,638967,317901,64193,12889,293902,33,0
2021-03-19T23:59:59+01:00,20933,26219,37903,53624,39023,70939,46623,99328,57151,82858,40450,40670,91710,120815,45167,86003,5005,6057,10514,17036,11245,26759,14053,39010,17205,28165,10848,11112,24578,36177,19442,43976,621363,308691,57015,12525,281180,31,0
2021-03-18T23:59:59+01:00,20480,25401,36667,51489,37497,68046,44369,94706,53318,77422,36462,36877,87201,115535,44303,84634,4979,6020,10450,16936,11169,26609,13904,38816,16989,27983,10609,10929,23073,34256,18045,41837,604632,300714,51294,11924,258620,30,0
2021-03-17T23:59:59+01:00,20007,24991,35949,50573,36727,67100,43246,93272,51513,75643,33661,33930,83423,110882,43522,83414,4950,5989,10393,16841,11099,26471,13789,38632,16775,27797,10393,10709,21624,32555,16737,39813,588157,293376,46939,11226,252895,27,0
2021-03-16T23:59:59+01:00,19601,24498,35194,49509,35940,65899,42076,91588,49680,73712,31455,31850,79604,106111,42805,82324,4896,5932,10324,16717,11010,26315,13694,38395,16631,27571,10229,10531,20140,30768,15521,37826,575212,285740,42277,10795,244492,27,0
2021-03-15T23:59:59+01:00,19287,24068,34501,48552,35188,64677,41165,90122,48437,72179,29715,29965,76376,102075,42268,81384,4872,5889,10265,16593,10944,26118,13580,38111,16487,27320,10064,10377,19255,29605,14505,36249,564310,280123,38966,10148,236814,25,0
2021-03-14T23:59:59+01:00,18984,23549,33634,47363,34351,63391,40108,88259,47282,70582,28536,28737,74432,99550,41921,80832,4847,5866,10215,16513,10888,25970,13526,37890,16400,27180,9989,10295,19082,29316,14263,35729,557417,278999,37102,9015,227121,17,0
2021-03-13T23:59:59+01:00,18073,22431,32188,45535,32868,61432,38069,85325,45320,68379,27283,27442,72458,96969,41743,80558,4846,5865,10210,16508,10880,25960,13518,37879,16394,27170,9941,10254,18210,28246,13361,34483,541128,274756,36822,9014,218246,17,0
2021-03-12T23:59:59+01:00,16796,20826,29699,42885,30280,58214,35103,80281,42224,64232,24511,24322,68212,91676,41011,79464,4836,5830,10190,16449,10860,25903,13476,37764,16294,27018,9675,10054,17170,26789,12479,33201,513343,269027,35522,9004,200993,16,0
2021-03-11T23:59:59+01:00,15639,19115,27489,40298,28034,54992,32433,75814,38553,59600,21149,20854,62222,84286,39502,77180,4788,5788,10115,16331,10750,25661,13352,37448,16121,26742,9379,9836,16500,25897,11884,32030,481554,265098,33944,7571,181778,12,0
2021-03-10T23:59:59+01:00,14964,18281,26023,38701,26447,53175,30839,73413,35956,56542,18473,18345,56290,76988,38303,75334,4744,5732,10020,16165,10638,25401,13203,37029,15919,26411,9149,9655,15664,25005,11335,31137,455382,260376,31920,6878,170886,12,0
2021-03-09T23:59:59+01:00,14638,17722,24834,37681,25115,51971,29763,71720,34594,54803,17318,17263,52728,72410,37403,73831,4713,5695,9937,15991,10528,25148,13041,36711,15763,26198,9021,9551,14943,24089,10922,30468,441933,256720,29414,6047,162555,11,0
2021-03-08T23:59:59+01:00,14265,17038,23701,36625,23937,50829,28834,70227,33385,53279,16257,16423,48502,67180,36443,72241,4697,5643,9872,15793,10430,24895,12904,36352,15647,25969,8950,9462,14406,23447,10678,30105,426621,253644,27467,5661,155185,4,0
2021-03-07T23:59:59+01:00,14007,16681,23109,35798,23244,49958,28272,69368,32840,52622,16007,16183,47368,65642,36180,71812,4683,5628,9852,15752,10403,24808,12871,36180,15591,25877,8929,9429,14191,23166,10566,29939,421943,252601,25665,5322,151590,0,0
2021-03-06T23:59:59+01:00,13871,16315,22678,35087,22725,49143,27164,67746,31780,50980,15701,15947,46655,64628,35974,71491,4680,5608,9840,15731,10388,24775,12861,36138,15573,25846,8909,9392,14145,23125,10468,29735,417908,252230,25602,5042,144482,0,0
2021-03-05T23:59:59+01:00,13410,15608,22000,33941,22072,47874,26389,66084,30564,48655,15080,15196,42744,59690,34365,68754,4651,5548,9773,15635,10335,24627,12795,35945,15490,25648,8817,9338,13936,22895,10120,29142,402800,250545,24157,4208,135572,0,0
2021-03-04T23:59:59+01:00,12647,14484,20853,32281,20936,45859,25042,63386,28998,46625,14381,14490,38123,53602,32060,65167,4600,5444,9667,15345,10243,24265,12668,35430,15357,25305,8675,9210,13785,22686,10055,29012,384575,247687,22088,4117,122373,0,0
2021-03-03T23:59:59+01:00,12315,13923,20181,31106,20194,44518,24141,61670,28048,45169,13922,14020,35001,49488,29603,61315,4556,5369,9584,15166,10164,24014,12560,34998,15166,24997,8523,9091,13653,22459,9926,28764,369338,245084,21322,3963,114052,0,0
2021-03-02T23:59:59+01:00,12039,13429,19555,30172,19501,43504,23355,60280,27134,43976,13310,13426,31796,45302,26377,56057,4503,5289,9522,15003,10098,23740,12464,34573,15065,24720,8407,8996,13513,22266,9863,28636,351408,242752,19874,3962,108026,0,0
2021-03-01T23:59:59+01:00,11861,13112,19082,29379,18978,42699,22792,59237,26476,42934,12917,13003,29152,41924,22780,50092,4482,5234,9473,14846,10030,23459,12387,34175,14971,24459,8333,8942,13316,21973,9773,28491,334433,240437,18814,3962,103265,0,0
2021-02-28T23:59:59+01:00,11687,12884,18628,28752,18500,41942,22319,58413,26022,42206,12723,12799,28531,41213,22440,49580,4463,5219,9453,14814,10010,23413,12371,34110,14947,24424,8310,8920,13175,21769,9724,28373,332065,239622,17961,3928,98706,0,0
2021-02-27T23:59:59+01:00,11464,12239,18310,27950,18242,41159,22026,57370,25672,41459,12441,12497,27737,40252,21651,48312,4451,5206,9429,14794,9978,23351,12331,34036,14909,24359,8292,8904,13163,21754,9723,28369,327952,239276,17241,3828,93679,0,0
2021-02-26T23:59:59+01:00,10614,11332,17483,26524,17487,38905,21108,54502,24235,38928,12095,12225,25886,37924,20435,46388,4361,5121,9354,14640,9908,23083,12247,33663,14792,24106,8217,8833,13097,21674,9689,28314,319027,237398,16988,3755,80145,0,0
2021-02-25T23:59:59+01:00,9471,10377,16256,24940,16292,36624,19861,51522,22633,36437,11707,11943,24396,35998,19221,44516,4249,4963,9209,14330,9722,22457,11997,32827,14493,23554,8045,8696,12839,21335,9572,28093,311514,233456,16221,2979,64547,0,0
2021-02-24T23:59:59+01:00,9036,9764,15629,23911,15686,35366,19129,50001,21878,35404,11354,11632,22885,34171,17821,42295,4185,4866,9077,14054,9548,21995,11810,32204,14243,23074,7922,8572,12704,21158,9518,27906,303408,230777,15261,2111,57379,0,0
2021-02-23T23:59:59+01:00,8488,9191,14831,22777,15041,34147,18395,48622,21202,34468,11089,11336,21303,32273,16496,40106,4142,4780,8950,13828,9410,21575,11619,31638,13936,22631,7777,8433,12586,20948,9457,27690,295374,227989,14511,1462,49965,0,0
2021-02-22T23:59:59+01:00,8350,8944,14461,22176,14701,33435,17943,47626,20750,33826,10914,11101,20385,31044,15424,38457,4110,4656,8805,13524,9239,21052,11356,30896,13559,22088,7566,8256,12390,20694,9371,27407,289669,224727,13906,293,46046,0,0
2021-02-21T23:59:59+01:00,8244,8768,14123,21739,14291,32859,17527,46945,20348,33406,10815,11013,20217,30818,15197,38146,4062,4602,8726,13393,9162,20833,11284,30602,13449,21841,7506,8206,12328,20582,9310,27259,288540,222915,13539,280,42460,0,0
2021-02-20T23:59:59+01:00,8110,8712,14008,21654,14178,32736,17405,46774,20193,33245,10710,10926,19323,29727,14281,36876,4059,4596,8717,13385,9151,20813,11269,30576,13436,21835,7502,8198,12256,20504,9267,27210,284317,222545,13343,279,41281,0,0
2021-02-19T23:59:59+01:00,7773,8428,13664,21209,13803,32048,16931,45980,19480,32406,10182,10596,18114,28182,13322,35512,3967,4571,8651,13358,9108,20750,11237,30483,13371,21750,7460,8142,12011,20191,9101,26923,278040,220845,12969,279,36700,0,0
2021-02-18T23:59:59+01:00,7324,7828,13043,20102,13176,30648,16096,44049,18644,31009,10011,10415,17465,27365,12829,34742,3760,4386,8315,12815,8819,19985,10893,29432,13022,21025,7260,7830,11383,19162,8679,25905,274520,212441,12397,279,27906,0,0
2021-02-17T23:59:59+01:00,7134,7403,12610,19246,12690,29439,15407,42292,18046,29896,9809,10195,16601,26410,12182,33711,3483,4171,7981,12321,8538,19165,10514,28370,12658,20302,7039,7601,10778,18234,8310,25199,269831,204432,11668,278,21648,0,0
2021-02-16T23:59:59+01:00,6741,7026,12112,18411,12213,28353,14882,40990,17502,29022,9669,10092,15873,25494,11756,33030,3274,4019,7681,11857,8230,18423,10108,27263,12224,19508,6781,7298,10000,16968,7670,23799,266271,195023,11173,126,15796,0,0
2021-02-15T23:59:59+01:00,6624,6788,11824,17789,11945,27563,14523,40000,17179,28341,9550,9990,15255,24773,11475,32573,3175,3917,7495,11538,8021,17922,9804,26430,11881,18873,6507,7023,9263,15810,7220,22671,263186,187514,10572,82,12508,0,0
2021-02-14T23:59:59+01:00,6332,6648,11586,17513,11726,27118,14292,39555,16994,28103,9507,9941,15003,24403,11334,32219,3120,3871,7381,11373,7888,17718,9633,26083,11710,18600,6400,6892,9042,15407,7058,22177,262190,184316,9638,82,10518,0,0
2021-02-13T23:59:59+01:00,6261,6602,11545,17482,11695,27086,14268,39527,16976,28081,9494,9917,14974,24376,11327,32203,3115,3867,7374,11369,7878,17698,9616,26048,11681,18559,6377,6860,8877,15175,6725,21578,261956,182836,9638,6,10292,0,0
2021-02-12T23:59:59+01:00,5668,6240,11028,17112,11392,26540,13947,38865,16661,27487,9394,9843,14781,24151,11265,32112,3059,3820,7282,11216,7773,17449,9459,25659,11471,18119,6196,6639,8493,14570,6177,20318,260275,177740,9628,5,6654,0,0
2021-02-11T23:59:59+01:00,5155,5876,10479,16456,10986,25700,13468,37633,16206,26718,9108,9597,14499,23699,11012,31465,2863,3449,6651,10008,7104,15663,8588,23003,10443,16272,5587,5965,7410,12796,5471,18244,257143,159555,7992,3,2992,0,0
2021-02-10T23:59:59+01:00,4886,5671,10143,16015,10694,25168,13147,36742,15827,26075,8922,9471,14327,23490,10925,31273,2447,3061,5742,8575,6316,13582,7614,20137,9422,14544,5078,5395,6370,11044,4814,16380,254518,140553,7536,2,792,0,0
2021-02-09T23:59:59+01:00,4812,5547,10024,15741,10588,24764,12977,36107,15621,25659,8753,9345,14126,23278,10808,31071,2012,2606,4955,7319,5549,11754,6723,17612,8380,12820,4531,4763,5291,9377,4192,14526,252107,122438,6760,2,423,0,0
2021-02-08T23:59:59+01:00,4771,5481,9935,15520,10479,24402,12863,35617,15490,25364,8665,9284,13907,22962,10724,30920,1812,2336,4410,6352,4915,10139,5911,15105,7407,11228,4030,4249,4270,7706,3541,12665,249783,106099,6248,2,420,0,0
2021-02-07T23:59:59+01:00,4583,5402,9797,15385,10378,24224,12777,35348,15388,25196,8632,9241,13753,22756,10665,30809,1567,2022,3992,5697,4516,9233,5477,13947,6943,10372,3793,4005,4044,7300,3403,12116,248695,98447,5704,2,0,0,0
2021-02-06T23:59:59+01:00,4574,5388,9786,15370,10364,24184,12756,35297,15371,25146,8614,9224,13732,22723,10565,30617,1385,1775,3767,5421,4337,8778,5252,13346,6665,9856,3674,3900,3921,7144,3132,11675,248354,94047,5422,2,0,0,0
2021-02-05T23:59:59+01:00,4492,5304,9718,15231,10299,23915,12665,34922,15258,24890,8539,9158,13661,22643,10221,30031,1222,1491,3484,4996,4083,8191,4950,12579,6278,9197,3438,3681,3768,6919,2658,10854,246479,87808,4531,0,0,0,0
2021-02-04T23:59:59+01:00,4427,5155,9592,14910,10137,23340,12472,34124,15052,24411,8425,9053,13431,22333,10127,29861,901,1049,2636,3733,3178,6412,3974,9984,4993,7248,2822,3019,3182,5906,2318,9492,242604,70862,4309,0,0,0,0
2021-02-03T23:59:59+01:00,4349,5059,9477,14688,10033,22970,12337,33592,14901,24032,8321,8934,13273,22131,10060,29654,742,821,1989,2828,2456,4968,3045,7670,3805,5505,2057,2193,2342,4426,1696,7146,239725,53700,4149,0,0,0,0
2021-02-02T23:59:59+01:00,4279,4952,9375,14480,9931,22569,12186,33014,14702,23629,8215,8814,13151,21916,9982,29403,594,652,1509,2106,1894,3765,2312,5870,2839,4137,1449,1476,1597,2959,1182,4771,236511,39121,4148,0,0,0,0
2021-02-01T23:59:59+01:00,4234,4842,9285,14242,9825,22146,12048,32365,14523,23175,8103,8679,13049,21780,9939,29235,455,469,1043,1456,1258,2517,1495,3834,1775,2646,909,943,963,1819,681,2767,233383,25036,4148,0,0,0,0
2021-01-31T23:59:59+01:00,4213,4795,9231,14128,9752,21945,11980,32059,14434,22998,8051,8629,12996,21663,9900,29115,416,432,915,1267,1076,2129,1291,3261,1548,2344,823,854,858,1625,619,2485,231912,21947,4037,0,0,0,0
2021-01-30T23:59:59+01:00,4213,4792,9221,14115,9737,21920,11968,32040,14421,22988,8049,8624,12930,21587,9859,29067,398,400,850,1182,1022,2003,1222,3071,1477,2220,800,831,839,1585,606,2436,231599,20946,3992,0,0,0,0
2021-01-29T23:59:59+01:00,4143,4778,9171,14083,9705,21868,11937,31966,14374,22927,8027,8597,12719,21327,9707,28865,321,299,727,1005,879,1629,1070,2685,1271,1929,721,745,790,1529,591,2390,230387,18584,3867,0,0,0,0
2021-01-28T23:59:59+01:00,4007,4657,8964,13687,9488,21344,11693,31379,14067,22483,7898,8504,12245,20633,9409,28371,152,82,289,374,372,629,468,1170,586,857,391,417,468,890,337,1446,225615,8928,3273,0,0,0,0
2021-01-27T23:59:59+01:00,3748,4477,8669,13287,9195,20701,11323,30545,13695,21832,7694,8298,11648,19748,9051,27721,93,52,198,229,245,431,307,817,420,589,294,303,345,659,254,1058,219011,6294,2675,0,0,0,0
2021-01-26T23:59:59+01:00,3582,4354,8390,12928,8934,20125,11009,29767,13307,21283,7479,8079,11017,18755,8477,26674,88,48,185,219,227,392,293,759,388,540,283,277,315,586,232,943,212345,5775,1869,0,0,0,0
2021-01-25T23:59:59+01:00,3499,4226,8115,12451,8655,19407,10617,28774,12829,20602,7236,7891,10352,17843,8088,25902,79,38,164,195,196,332,250,633,339,448,244,237,263,503,187,765,206155,4873,386,0,0,0,0
2021-01-24T23:59:59+01:00,3450,4199,8032,12369,8584,19284,10508,28599,12704,20448,7203,7853,10283,17734,8047,25810,78,36,160,191,194,319,248,612,330,435,236,234,261,495,183,751,204869,4763,291,0,0,0,0
2021-01-23T23:59:59+01:00,3448,4198,8032,12369,8580,19275,10507,28587,12697,20443,7199,7852,10146,17551,7737,25249,78,36,160,191,193,319,247,612,330,435,236,234,261,495,183,751,203633,4761,290,0,0,0,0
2021-01-22T23:59:59+01:00,3377,4146,7910,12256,8499,19124,10399,28427,12626,20336,7170,7823,9918,17206,7253,24273,78,36,159,191,193,319,247,612,330,435,236,234,261,495,183,750,200506,4759,290,0,0,0,0
2021-01-21T23:59:59+01:00,3260,3899,7391,11326,8029,17946,9841,26755,12039,19228,6904,7518,9219,16125,6813,23345,71,33,143,175,177,286,222,537,293,398,212,207,228,408,156,630,189399,4176,290,0,0,0,0
2021-01-20T23:59:59+01:00,2841,3454,6515,9908,7289,15951,8882,23927,10990,17414,6342,6860,8062,14264,6120,21333,70,33,142,169,174,284,214,519,282,381,202,199,219,382,146,595,169909,4011,288,0,0,0,0
2021-01-19T23:59:59+01:00,2344,2983,5610,8539,6422,13987,7875,21098,9761,15414,5609,5976,6631,11893,5235,18588,47,23,96,123,117,176,151,352,182,269,124,113,141,263,99,440,147792,2716,210,0,0,0,0
2021-01-18T23:59:59+01:00,2028,2587,4829,7147,5471,11662,6669,17443,8392,13048,4775,5113,5205,9488,4299,15416,26,12,36,46,54,84,66,155,69,135,59,54,61,143,56,207,123519,1263,88,0,0,0,0
2021-01-17T23:59:59+01:00,1717,2217,4315,6376,4977,10481,6132,15849,7767,11903,4452,4774,4838,8796,4002,14475,11,3,6,14,15,32,19,44,25,49,25,23,15,38,12,41,113014,372,86,0,0,0,0
2021-01-16T23:59:59+01:00,1521,1959,4102,6083,4797,10006,5867,15164,7440,11252,4284,4581,4627,8504,3660,13898,0,0,0,0,2,3,0,0,1,2,0,1,0,2,0,1,107769,12,4,0,0,0,0
2021-01-15T23:59:59+01:00,1349,1677,3847,5681,4545,9422,5579,14310,7028,10503,4007,4317,4448,8194,3161,12921,0,0,0,0,0,0,0,0,0,0,0,0,0,2,0,1,101013,3,2,0,0,0,0
2021-01-14T23:59:59+01:00,1021,1252,3077,4473,3698,7539,4604,11526,5658,8414,3273,3491,3755,6940,2738,11263,0,0,0,0,0,0,0,0,0,0,0,0,0,0,0,0,82742,0,0,0,0,0,0
2021-01-13T23:59:59+01:00,863,1057,2591,3726,3106,6281,3845,9511,4564,6777,2414,2603,2845,5292,2101,8556,0,0,0,0,0,0,0,0,0,0,0,0,0,0,0,0,66149,0,0,0,0,0,0
2021-01-12T23:59:59+01:00,727,901,2181,3075,2568,5142,3116,7729,3602,5323,1725,1779,1958,3654,1496,5895,0,0,0,0,0,0,0,0,0,0,0,0,0,0,0,0,50885,0,0,0,0,0,0
2021-01-11T23:59:59+01:00,583,726,1815,2486,2070,4127,2393,5838,2659,3855,1088,1086,1165,2155,822,3325,0,0,0,0,0,0,0,0,0,0,0,0,0,0,0,0,36203,0,0,0,0,0,0
2021-01-10T23:59:59+01:00,510,622,1543,2046,1724,3375,1971,4825,2207,3242,973,968,1022,1891,732,2907,0,0,0,0,0,0,0,0,0,0,0,0,0,0,0,0,30565,0,0,0,0,0,0
2021-01-09T23:59:59+01:00,475,561,1417,1870,1579,3066,1815,4362,2035,2957,904,904,966,1838,717,2870,0,0,0,0,0,0,0,0,0,0,0,0,0,0,0,0,28342,0,0,0,0,0,0
2021-01-08T23:59:59+01:00,361,410,1163,1503,1307,2397,1491,3582,1686,2433,785,800,883,1710,679,2739,0,0,0,0,0,0,0,0,0,0,0,0,0,0,0,0,23934,0,0,0,0,0,0
2021-01-07T23:59:59+01:00,171,111,398,519,471,809,604,1403,743,1061,446,471,555,1047,411,1733,0,0,0,0,0,0,0,0,0,0,0,0,0,0,0,0,10953,0,0,0,0,0,0
2021-01-06T23:59:59+01:00,129,66,260,292,308,525,405,958,511,732,337,355,422,816,324,1326,0,0,0,0,0,0,0,0,0,0,0,0,0,0,0,0,7766,0,0,0,0,0,0
2021-01-05T23:59:59+01:00,99,50,188,238,241,440,322,844,438,631,325,339,405,781,318,1273,0,0,0,0,0,0,0,0,0,0,0,0,0,0,0,0,6932,0,0,0,0,0,0
2021-01-04T23:59:59+01:00,82,40,167,198,199,347,255,637,349,463,247,250,285,557,210,856,0,0,0,0,0,0,0,0,0,0,0,0,0,0,0,0,5142,0,0,0,0,0,0
2021-01-03T23:59:59+01:00,80,36,161,193,195,331,254,623,340,448,242,247,281,545,208,839,0,0,0,0,0,0,0,0,0,0,0,0,0,0,0,0,5023,0,0,0,0,0,0
2021-01-02T23:59:59+01:00,80,36,161,193,195,331,253,623,340,448,242,247,281,545,208,839,0,0,0,0,0,0,0,0,0,0,0,0,0,0,0,0,5022,0,0,0,0,0,0
2021-01-01T23:59:59+01:00,80,36,160,193,195,330,253,623,339,446,242,247,281,544,208,839,0,0,0,0,0,0,0,0,0,0,0,0,0,0,0,0,5016,0,0,0,0,0,0
2020-12-31T23:59:59+01:00,80,36,160,191,195,330,253,622,339,445,242,247,281,544,208,839,0,0,0,0,0,0,0,0,0,0,0,0,0,0,0,0,5012,0,0,0,0,0,0
2020-12-30T23:59:59+01:00,79,36,160,189,193,328,253,621,339,445,242,247,281,544,208,839,0,0,0,0,0,0,0,0,0,0,0,0,0,0,0,0,5004,0,0,0,0,0,0
2020-12-29T23:59:59+01:00,56,25,113,143,146,222,184,447,238,343,159,159,199,412,152,654,0,0,0,0,0,0,0,0,0,0,0,0,0,0,0,0,3652,0,0,0,0,0,0
2020-12-28T23:59:59+01:00,29,17,64,77,83,126,103,254,112,207,92,92,102,217,93,364,0,0,0,0,0,0,0,0,0,0,0,0,0,0,0,0,2032,0,0,0,0,0,0
2020-12-27T23:59:59+01:00,14,8,17,24,37,53,35,84,35,82,32,28,36,80,30,137,0,0,0,0,0,0,0,0,0,0,0,0,0,0,0,0,732,0,0,0,0,0,0
