Datum,<15_1_m,<15_1_w,15-24_1_m,15-24_1_w,25-34_1_m,25-34_1_w,35-44_1_m,35-44_1_w,45-54_1_m,45-54_1_w,55-64_1_m,55-64_1_w,65-74_1_m,65-74_1_w,75-84_1_m,75-84_1_w,>84_1_m,>84_1_w,<15_2_m,<15_2_w,15-24_2_m,15-24_2_w,25-34_2_m,25-34_2_w,35-44_2_m,35-44_2_w,45-54_2_m,45-54_2_w,55-64_2_m,55-64_2_w,65-74_2_m,65-74_2_w,75-84_2_m,75-84_2_w,>84_2_m,>84_2_w,bp_1,bp_2,mo_1,mo_2,az_1,az_2,ja,unb_1,unb_2
2021-11-10T23:59:59+01:00,54163,51248,326826,309627,432911,395821,437946,425606,494434,499412,535897,533495,358303,399899,249102,319730,73414,135002,43786,41309,288802,277027,393394,360017,404949,394165,463952,469283,512201,511118,348380,388483,242797,311094,70850,129535,4356967,4040058,534579,512216,808996,765806,333840,660,632
2021-11-09T23:59:59+01:00,53595,50653,324780,307966,430848,394128,436458,424275,493165,498257,535026,532726,358020,399586,248978,319545,73386,134926,43528,41075,288184,276505,392791,359457,404470,393672,463540,468808,511796,510736,348195,388269,242709,310945,70822,129468,4341401,4034761,534108,511837,808975,765774,333377,660,631
2021-11-08T23:59:59+01:00,52936,50030,321910,305730,428077,391877,434359,422587,491544,496837,533966,531781,357636,399218,248838,319341,73362,134850,43347,40902,287540,275899,392125,358865,404013,393179,463118,468354,511461,510373,348014,388056,242634,310817,70797,129417,4321219,4029727,533656,511609,808953,765760,332594,660,631
2021-11-07T23:59:59+01:00,52557,49665,320446,304602,426497,390528,433083,421571,490578,496050,533371,531245,357448,398991,248749,319252,73346,134803,43197,40743,287076,275503,391635,358381,403620,392807,462819,468008,511215,510141,347909,387933,242560,310733,70785,129382,4309994,4025965,533270,511403,808935,765733,332125,660,631
2021-11-06T23:59:59+01:00,52254,49382,319611,303806,425543,389765,432375,421002,489973,495571,533041,530961,357390,398920,248713,319220,73340,134794,43144,40702,286893,275340,391420,358218,403489,392685,462714,467898,511140,510076,347882,387902,242547,310717,70781,129376,4303155,4024638,533153,511370,808931,765731,331964,660,631
2021-11-05T23:59:59+01:00,51660,48778,317946,302399,423914,388253,430955,419822,488878,494594,532388,530438,357281,398763,248676,319150,73333,134775,42920,40482,286354,274921,390994,357808,403122,392355,462403,467592,510937,509896,347812,387819,242512,310669,70774,129360,4290551,4021172,532633,511180,808921,765721,331436,660,631
2021-11-04T23:59:59+01:00,50949,48099,315731,300442,421471,386207,429036,418221,487266,493252,531470,529743,357069,398515,248588,319011,73304,134714,42522,40042,285407,274059,390125,356907,402367,391614,461780,466977,510419,509449,347640,387626,242413,310501,70731,129297,4273547,4013948,532069,510913,808906,765691,330103,660,631
2021-11-03T23:59:59+01:00,50579,47725,314376,299319,419784,384940,427782,417250,486273,492427,530826,529236,356914,398343,248516,318906,73280,134666,42231,39758,284645,273401,389385,356199,401802,391082,461289,466540,510045,509120,347480,387418,242308,310347,70698,129210,4262401,4007720,531802,510764,808901,765678,329575,658,631
2021-11-02T23:59:59+01:00,50261,47407,313056,298363,418127,383746,426522,416385,485221,491711,530211,528745,356766,398155,248439,318804,73261,134601,41858,39416,283814,272714,388619,355498,401196,390532,460798,466063,509672,508736,347299,387217,242221,310205,70668,129134,4252000,4001279,531492,510576,808897,765662,328921,658,631
2021-11-01T23:59:59+01:00,49867,47035,311574,297256,416491,382643,425207,415509,484203,490993,529677,528369,356641,398027,248389,318739,73247,134566,41607,39136,283146,272111,387949,354952,400640,390082,460344,465696,509359,508476,347184,387097,242164,310092,70647,129072,4241879,3996570,531260,510357,808865,765648,327957,657,631
2021-10-31T23:59:59+01:00,49810,47001,311389,297146,416283,382530,425007,415383,484083,490914,529620,528325,356626,398019,248387,318734,73247,134564,41550,39093,283031,272051,387845,354874,400556,390027,460295,465663,509327,508454,347173,387088,242161,310087,70643,129067,4240749,3996015,531198,510317,808862,765644,327787,657,631
2021-10-30T23:59:59+02:00,49756,46962,311191,297019,415965,382371,424787,415228,483874,490753,529500,528267,356605,397994,248382,318724,73244,134558,41513,39084,282929,271980,387735,354803,400466,389962,460237,465601,509285,508435,347166,387080,242158,310081,70639,129063,4239070,3995470,531151,510258,808861,765641,327626,657,631
2021-10-29T23:59:59+02:00,49536,46733,310161,296310,414655,381498,423667,414528,482976,490127,528991,527979,356531,397921,248340,318677,73232,134535,41384,38981,282441,271616,387252,354414,400046,389672,459888,465321,509082,508283,347108,387028,242138,310043,70632,129049,4231462,3992668,530853,510100,808857,765636,326752,657,631
2021-10-28T23:59:59+02:00,49090,46304,308378,294996,412606,380098,422052,413380,481682,489153,528263,527449,356375,397752,248275,318593,73221,134493,41075,38692,281491,270775,386299,353607,399281,389021,459277,464798,508618,507966,346960,386841,242069,309946,70610,128994,4219285,3986561,530427,509797,808842,765608,325130,657,631
2021-10-27T23:59:59+02:00,48765,45985,307496,294220,411528,379238,421195,412680,480969,488628,527851,527144,356277,397584,248214,318496,73203,134454,40787,38401,280748,270095,385658,352999,398794,388539,458855,464371,508321,507681,346802,386663,241987,309822,70583,128933,4211941,3981087,530129,509607,808838,765578,324542,657,631
2021-10-26T23:59:59+02:00,48360,45572,306422,293264,410378,378306,420304,412004,480271,488029,527434,526823,356154,397447,248142,318397,73176,134403,40427,38034,279877,269168,384905,352275,398237,387982,458415,463914,507959,507378,346655,386502,241886,309666,70558,128864,4203797,3974601,529917,509446,808827,765562,323868,657,631
2021-10-25T23:59:59+02:00,48205,45436,305915,292818,409810,377889,419827,411669,479863,487751,527246,526663,356111,397390,248129,318372,73169,134396,40361,37973,279651,268982,384661,352103,398064,387850,458268,463797,507857,507302,346634,386469,241875,309647,70555,128853,4200159,3973375,529855,509402,808825,765558,323342,657,631
2021-10-24T23:59:59+02:00,47994,45256,305366,292343,409126,377379,419318,411255,479448,487438,527027,526475,356048,397307,248097,318346,73161,134383,40171,37812,279193,268517,384202,351707,397715,387530,458001,463543,507689,507123,346544,386374,241837,309582,70543,128834,4196021,3970132,529698,509269,808822,765544,322747,657,631
2021-10-23T23:59:59+02:00,47960,45223,305206,292211,408917,377235,419163,411117,479336,487351,526953,526428,356029,397283,248093,318340,73161,134380,40133,37770,279102,268411,384084,351634,397636,387455,457930,463481,507653,507091,346525,386360,241836,309576,70542,128833,4194850,3969482,529637,509204,808820,765541,322600,657,631
2021-10-22T23:59:59+02:00,47706,44992,304432,291650,408039,376549,418429,410574,478765,486877,526598,526179,355973,397214,248074,318306,73155,134368,39881,37528,278546,267891,383591,351199,397222,387094,457627,463210,507430,506918,346458,386296,241814,309534,70536,128823,4189260,3965859,529366,509036,808818,765523,321955,657,631
2021-10-21T23:59:59+02:00,47234,44541,303328,290778,406834,375591,417451,409780,477939,486237,526059,525804,355848,397076,248007,318205,73134,134315,39303,36967,277482,266841,382688,350328,396498,386324,456995,462642,507011,506555,346300,386094,241721,309375,70510,128772,4180788,3958022,529091,508661,808812,765510,320987,657,631
2021-10-20T23:59:59+02:00,47013,44290,302727,290235,406161,374979,416907,409333,477509,485867,525773,525570,355754,396953,247937,318112,73109,134261,38887,36592,276734,266085,382070,349667,395978,385721,456570,462192,506655,506236,346124,385893,241622,309234,70472,128696,4175618,3951587,528948,508487,808808,765498,320630,656,631
2021-10-19T23:59:59+02:00,46730,44013,302184,289763,405660,374521,416541,408998,477229,485594,525542,525364,355637,396825,247873,318017,73076,134207,38436,36139,275847,265257,381364,348958,395503,385183,456163,461732,506320,505914,345939,385663,241517,309086,70435,128613,4171371,3944751,528826,508316,808801,765484,320290,656,630
2021-10-18T23:59:59+02:00,46539,43823,301658,289299,405169,374089,416191,408661,476960,485356,525320,525162,355546,396723,247821,317922,73055,134165,38149,35880,275204,264570,380817,348316,395083,384692,455825,461344,506032,505637,345783,385513,241431,308958,70402,128564,4167565,3939442,528682,508133,808796,765466,319928,656,630
2021-10-17T23:59:59+02:00,46428,43706,301339,289044,404908,373837,415977,408496,476810,485200,525221,525037,355482,396668,247800,317874,73041,134130,37901,35624,274695,264066,380450,347939,394802,384358,455582,461115,505871,505469,345693,385403,241394,308888,70379,128512,4165397,3935785,528606,507977,808789,765431,319716,656,630
2021-10-16T23:59:59+02:00,46399,43674,301263,288982,404834,373780,415935,408452,476766,485163,525196,525021,355476,396660,247796,317868,73039,134128,37861,35580,274589,263957,380370,347869,394744,384285,455542,461071,505843,505445,345685,385394,241391,308883,70378,128507,4164916,3935170,528592,507918,808789,765429,319645,656,630
2021-10-15T23:59:59+02:00,46249,43513,300831,288638,404464,373460,415641,408193,476524,484939,525040,524886,355424,396620,247779,317836,73030,134113,37631,35334,274029,263375,379963,347479,394406,383943,455265,460791,505647,505275,345623,385320,241351,308836,70373,128486,4162092,3931430,528470,507705,808785,765419,319340,656,630
2021-10-14T23:59:59+02:00,45919,43180,300046,287939,403815,372798,415128,407733,476098,484530,524722,524605,355309,396490,247719,317741,72999,134052,37077,34769,272786,262110,379157,346517,393721,383111,454618,460147,505223,504858,345390,385096,241240,308676,70342,128436,4156604,3922731,528211,507202,808769,765364,318743,656,629
2021-10-13T23:59:59+02:00,45607,42901,299475,287389,403335,372291,414737,407336,475763,484199,524460,524358,355186,396347,247650,317640,72971,133992,36746,34486,272017,261306,378557,345770,393199,382477,454198,459684,504856,504493,345214,384896,241142,308486,70306,128357,4152026,3916390,528031,506929,808765,765318,318319,656,629
2021-10-12T23:59:59+02:00,45280,42622,298822,286845,402813,371754,414334,406949,475454,483892,524208,524123,355078,396208,247601,317550,72944,133941,36452,34197,271184,260446,377865,345050,392660,381913,453778,459256,504493,504147,344992,384677,241035,308334,70265,128248,4147344,3909794,527853,506705,808756,765294,317968,655,626
2021-10-11T23:59:59+02:00,45035,42397,298242,286362,402330,371295,413928,406591,475150,483590,523970,523926,354969,396091,247529,317455,72908,133875,36166,33942,270430,259713,377194,344372,392174,381359,453396,458810,504160,503845,344799,384482,240939,308185,70222,128161,4143214,3903918,527676,506422,808745,765268,317510,655,626
2021-10-10T23:59:59+02:00,44877,42267,297883,286082,401990,370989,413696,406338,474972,483399,523827,523796,354919,396035,247505,317416,72890,133845,35999,33815,269953,259293,376737,343907,391844,381016,453107,458526,503938,503668,344703,384381,240883,308116,70205,128128,4140807,3900303,527533,506299,808736,765234,317151,655,626
2021-10-09T23:59:59+02:00,44847,42241,297784,286006,401904,370931,413635,406286,474924,483351,523801,523779,354911,396021,247503,317412,72889,133844,35949,33761,269836,259188,376637,343809,391761,380941,453049,458472,503903,503638,344693,384367,240877,308108,70204,128126,4140301,3899599,527498,506226,808733,765223,317038,655,626
2021-10-08T23:59:59+02:00,44606,42032,297282,285599,401453,370555,413335,405989,474644,483121,523590,523612,354848,395960,247466,317360,72871,133830,35741,33484,269274,258627,376214,343379,391385,380563,452773,458149,503725,503480,344628,384284,240843,308063,70193,128114,4136912,3895781,527373,506062,808729,765204,316638,655,626
2021-10-07T23:59:59+02:00,44225,41609,296306,284732,400669,369785,412689,405372,474130,482629,523184,523295,354719,395785,247373,317249,72839,133764,35089,32824,267894,257233,375223,342196,390576,379566,452063,457401,503178,502979,344373,384003,240704,307883,70134,128023,4130028,3886113,527139,504870,808721,765162,315963,655,625
2021-10-06T23:59:59+02:00,43965,41349,295604,284146,400151,369281,412291,404946,473773,482315,522911,523044,354586,395633,247295,317130,72814,133687,34762,32511,267153,256424,374684,341533,390101,379026,451643,456953,502830,502622,344200,383792,240593,307737,70104,127944,4125190,3880021,527008,504757,808715,765130,315470,655,625
2021-10-05T23:59:59+02:00,43648,41052,294895,283466,399522,368658,411775,404458,473388,481913,522627,522740,354440,395476,247212,316975,72781,133576,34462,32197,266339,255583,374000,340796,389563,378415,451140,456486,502480,502266,344010,383574,240482,307564,70057,127870,4119747,3873591,526871,504613,808708,765108,314736,655,625
2021-10-04T23:59:59+02:00,43371,40812,294068,282763,398807,368063,411283,403995,472977,481518,522325,522470,354307,395303,247139,316852,72751,133485,34158,31880,265438,254648,373283,340020,388971,377819,450665,455949,502094,501899,343818,383344,240326,307397,70017,127783,4114540,3866912,526719,504501,808699,765068,313791,654,625
2021-10-03T23:59:59+02:00,43210,40663,293665,282348,398392,367699,410968,403744,472762,481285,522147,522306,354225,395208,247092,316769,72743,133447,33977,31746,264947,254224,372828,339610,388616,377426,450395,455641,501846,501667,343693,383198,240264,307304,69999,127752,4111686,3863340,526618,504389,808675,765014,313153,654,625
2021-10-02T23:59:59+02:00,43174,40626,293541,282221,398273,367609,410886,403663,472700,481228,522113,522275,354211,395185,247091,316766,72741,133445,33930,31708,264808,254092,372728,339520,388538,377348,450338,455588,501815,501628,343681,383176,240262,307297,69997,127752,4110990,3862643,526540,504331,808673,764991,313004,654,625
2021-10-01T23:59:59+02:00,42963,40371,292926,281665,397708,367109,410433,403278,472364,480961,521847,522092,354127,395107,247062,316717,72729,133427,33631,31417,264148,253444,372235,339086,388155,376971,450012,455271,501589,501433,343605,383110,240237,307253,69988,127735,4107077,3858764,526395,504174,808664,764937,312208,654,625
2021-09-30T23:59:59+02:00,42559,39970,291795,280573,396701,366139,409633,402489,471699,480288,521338,521681,353959,394899,246966,316588,72704,133358,33093,30872,262951,252276,371367,338159,387449,376145,449408,454620,501116,501034,343436,382885,240157,307095,69959,127682,4099349,3851697,526052,503168,808643,764853,310747,653,625
2021-09-29T23:59:59+02:00,42218,39666,291024,279825,395959,365426,409080,401904,471199,479797,520973,521367,353777,394696,246890,316454,72674,133292,32793,30563,262201,251514,370729,337504,386989,375566,448985,454164,500764,500688,343263,382705,240064,306932,69937,127624,4093420,3846217,525891,503018,808635,764785,309722,653,624
2021-09-28T23:59:59+02:00,41883,39353,290153,278992,395160,364710,408473,401338,470674,479290,520591,521008,353568,394476,246794,316299,72634,133190,32482,30293,261336,250726,370021,336862,386479,375036,448542,453709,500411,500339,343083,382502,239968,306787,69910,127568,4087122,3840693,525765,502870,808627,764731,308515,653,624
2021-09-27T23:59:59+02:00,41467,38970,289268,278151,394362,363994,407914,400749,470196,478764,520189,520677,353408,394279,246708,316179,72603,133098,32161,29934,260317,249800,369158,336058,385816,374357,448001,453167,500006,499977,342900,382269,239877,306653,69885,127504,4081442,3834504,525599,502718,808620,764622,306750,653,624
2021-09-26T23:59:59+02:00,41091,38664,288695,277617,393860,363547,407570,400399,469898,478475,519978,520487,353298,394179,246665,316109,72584,133057,32003,29800,259809,249339,368712,335660,385475,373985,447710,452874,499799,499789,342809,382178,239819,306580,69869,127467,4077736,3831537,525456,502567,808596,764506,305819,653,624
2021-09-25T23:59:59+02:00,41037,38604,288526,277449,393705,363425,407452,400309,469804,478390,519917,520444,353286,394159,246656,316100,72582,133054,31960,29745,259643,249186,368566,335534,385354,373885,447638,452773,499737,499755,342789,382155,239809,306567,69869,127465,4076977,3830820,525382,502507,808593,764475,305380,653,624
2021-09-24T23:59:59+02:00,40838,38390,287889,276793,393054,362855,406927,399824,469354,477983,519618,520201,353181,394074,246615,316048,72576,133029,31700,29486,258979,248501,367953,334992,384905,373443,447219,452415,499414,499508,342673,382049,239765,306513,69857,127441,4073203,3827097,525233,502405,808583,764405,303658,653,623
2021-09-23T23:59:59+02:00,40201,37723,286178,275127,391569,361494,405737,398610,468305,477015,518865,519516,352882,393797,246483,315831,72532,132913,31307,29070,257679,247413,366796,334003,383965,372616,446409,451680,498817,498997,342439,381806,239653,306361,69829,127362,4063299,3821012,524824,502133,808571,764305,299501,653,623
2021-09-22T23:59:59+02:00,39866,37405,285177,274139,390713,360641,404983,397837,467637,476410,518323,519073,352651,393528,246373,315631,72482,132825,31019,28806,256897,246662,366047,333313,383336,372020,445896,451158,498351,498647,342236,381597,239548,306223,69795,127299,4056410,3815900,524607,501963,808548,764189,297543,653,623
2021-09-21T23:59:59+02:00,39449,36922,284094,273055,389747,359731,404221,397079,467009,475819,517871,518641,352426,393264,246270,315452,72428,132712,30701,28528,256039,245805,365284,332596,382697,371415,445399,450672,497934,498248,342041,381391,239441,306059,69761,127213,4048789,3810269,524447,501764,808538,764110,295824,653,623
2021-09-20T23:59:59+02:00,39095,36644,282953,271978,388693,358791,403392,396269,466304,475200,517375,518187,352180,393038,246160,315270,72384,132615,30317,28157,254915,244820,364292,331751,381904,370644,444676,450092,497474,497805,341815,381176,239333,305871,69725,127137,4041732,3803777,524301,501589,808523,763906,293373,653,622
2021-09-19T23:59:59+02:00,38934,36509,282357,271564,388116,358301,402982,395872,465960,474886,517108,517954,352092,392913,246120,315191,72373,132577,30200,28037,254401,244383,363788,331324,381478,370306,444306,449747,497191,497582,341706,381047,239276,305785,69715,127106,4038383,3800940,524157,501406,808501,763607,292166,653,622
2021-09-18T23:59:59+02:00,38879,36438,282195,271404,387917,358139,402798,395728,465848,474772,517040,517895,352076,392900,246112,315182,72371,132573,30070,27906,254086,244037,363535,331071,381240,370115,444144,449613,497097,497493,341677,381021,239257,305766,69712,127098,4037430,3799061,524041,501325,808498,763594,291694,653,622
2021-09-17T23:59:59+02:00,38548,36072,281290,270572,387124,357379,402070,395071,465235,474247,516659,517532,351926,392755,246049,315112,72347,132541,29802,27639,253341,243356,362847,330474,380647,369612,443677,449200,496760,497205,341557,380886,239207,305687,69699,127076,4032083,3795279,523705,500922,808489,763563,289641,652,622
2021-09-16T23:59:59+02:00,37978,35475,279706,269002,385768,355923,400861,393751,464217,473267,515885,516835,351608,392426,245919,314924,72299,132449,29365,27217,252192,242339,361883,329536,379818,368749,443008,448504,496244,496757,341330,380664,239108,305560,69668,127014,4021176,3788649,522954,500520,808446,763416,287103,652,620
2021-09-15T23:59:59+02:00,37599,35164,278573,267903,384869,354943,400000,392888,463543,472578,515349,516319,351384,392136,245746,314744,72260,132329,29064,26928,251333,241526,361095,328739,379129,368074,442440,447986,495738,496317,341121,380428,238971,305413,69645,126937,4013612,3782987,522663,500286,808433,763342,284998,652,620
2021-09-14T23:59:59+02:00,37286,34857,277600,266939,383927,354082,399266,392120,462935,471925,514819,515865,351140,391894,245616,314574,72217,132260,28789,26689,250549,240733,360359,328069,378520,367475,441894,447475,495318,495932,340924,380213,238860,305266,69621,126882,4006779,3777855,522333,500063,808403,763193,283184,651,619
2021-09-13T23:59:59+02:00,36898,34463,276361,265669,382973,353037,398490,391240,462238,471204,514295,515361,350918,391642,245494,314419,72178,132187,28329,26266,249420,239679,359535,327282,377918,366820,441334,446950,494859,495552,340731,379986,238760,305119,69592,126828,3998566,3770913,521609,499778,808370,763096,281895,651,619
2021-09-12T23:59:59+02:00,36754,34334,275782,265227,382498,352589,398101,390813,461912,470902,514082,515145,350811,391530,245448,314344,72167,132152,28171,26147,248889,239266,359030,326838,377548,366465,441030,446659,494610,495329,340606,379855,238701,305031,69577,126783,3995365,3767882,521442,499585,808334,762969,280822,651,617
2021-09-11T23:59:59+02:00,36675,34285,275591,265016,382272,352400,397940,390658,461778,470778,514011,515084,350781,391499,245439,314328,72165,132149,28024,26048,248607,239082,358806,326680,377398,366325,440881,446541,494542,495274,340582,379827,238693,305018,69577,126779,3994329,3766799,521353,499452,808326,762948,280209,651,615
2021-09-10T23:59:59+02:00,36347,33948,274513,264022,381313,351500,397061,389848,460979,470094,513452,514637,350574,391299,245351,314216,72147,132119,27815,25848,247697,238376,357977,325943,376612,365697,440189,446017,494050,494893,340421,379671,238612,304914,69555,126749,3988988,3763332,521211,499235,808317,762926,276265,651,615
2021-09-09T23:59:59+02:00,35909,33497,273205,262861,380261,350320,396116,388811,460179,469218,512871,514124,350335,391016,245225,314062,72112,132059,27433,25457,246623,237413,357063,325073,375795,364889,439498,445409,493463,494451,340205,379441,238491,304772,69524,126697,3980778,3757227,520907,498837,808272,762775,273582,649,611
2021-09-08T23:59:59+02:00,35507,33096,272245,261870,379456,349469,395419,388028,459548,468615,512431,513659,350132,390773,245120,313886,72083,132001,27139,25168,245697,236554,356250,324336,375110,364167,438892,444845,493013,493998,340005,379195,238376,304610,69490,126609,3974299,3751534,520684,498517,808219,762640,271487,648,609
2021-09-07T23:59:59+02:00,35132,32759,271222,260941,378623,348687,394774,387354,459016,468092,511988,513264,349940,390563,245020,313722,72049,131930,26863,24957,244819,235769,355444,323650,374459,363609,438387,444337,492568,493609,339796,378977,238289,304472,69463,126554,3968194,3746529,520443,498176,808205,762461,269580,648,608
2021-09-06T23:59:59+02:00,34734,32350,270102,259836,377676,347739,394085,386575,458416,467454,511548,512829,349718,390316,244931,313600,72019,131860,26627,24746,244046,235010,354698,322994,373844,363018,437924,443831,492155,493224,339583,378771,238209,304337,69434,126499,3960963,3741703,520306,497935,808157,762332,267703,648,608
2021-09-05T23:59:59+02:00,34578,32202,269693,259424,377366,347393,393788,386256,458183,467216,511371,512649,349647,390223,244889,313538,72003,131833,26491,24591,243616,234615,354299,322608,373489,362706,437663,443581,491958,493017,339485,378653,238167,304273,69417,126467,3958361,3739067,520203,497660,808129,762194,266898,648,608
2021-09-04T23:59:59+02:00,34519,32164,269525,259292,377244,347266,393660,386150,458106,467131,511320,512604,349635,390205,244882,313526,72003,131832,26453,24538,243449,234471,354137,322444,373342,362590,437571,443479,491892,492968,339464,378633,238159,304261,69417,126466,3957648,3738282,520149,497522,808124,762171,266481,648,608
2021-09-03T23:59:59+02:00,34201,31848,268625,258486,376501,346602,393068,385556,457528,466647,510859,512266,349464,390026,244816,313420,71980,131798,26129,24197,242427,233611,353340,321726,372671,361937,436919,442890,491404,492553,339267,378434,238073,304155,69397,126439,3953260,3733984,519445,495983,808096,762098,264225,648,608
2021-09-02T23:59:59+02:00,33835,31508,267569,257602,375633,345761,392328,384802,456839,466013,510325,511835,349198,389774,244693,313242,71955,131719,25830,23933,241399,232810,352445,320945,371930,361225,436202,442262,490838,492096,339020,378169,237964,304004,69371,126361,3947278,3728793,519159,495498,808060,761771,261463,648,607
2021-09-01T23:59:59+02:00,33508,31142,266716,256761,374871,345090,391796,384251,456367,465532,509938,511488,349020,389583,244603,313125,71931,131659,25441,23531,240307,231748,351576,320088,371240,360529,435585,441656,490310,491611,338788,377902,237833,303850,69343,126306,3941820,3721972,518973,494952,808025,761556,259886,648,603
2021-08-31T23:59:59+02:00,33110,30799,265846,255846,374129,344369,391219,383666,455854,465044,509481,511121,348828,389390,244507,312977,71899,131616,25156,23236,239352,230852,350764,319339,370575,359891,435026,441146,489787,491210,338586,377688,237745,303701,69309,126251,3936254,3716649,518783,494565,808000,761137,257982,646,603
2021-08-30T23:59:59+02:00,32563,30311,264539,254662,373125,343449,390402,382848,455098,464331,508919,510621,348599,389171,244414,312823,71863,131547,24836,22919,238190,229864,349758,318440,369783,359147,434324,440561,489229,490694,338331,377443,237620,303522,69268,126174,3928748,3710590,518666,494122,807956,760883,255226,645,601
2021-08-29T23:59:59+02:00,32373,30120,263972,254150,372642,343032,390019,382508,454803,464042,508689,510399,348502,389062,244364,312759,71853,131523,24611,22704,237472,229224,349147,317896,369286,358676,433895,440185,488920,490433,338190,377288,237560,303448,69250,126149,3925646,3706704,518546,493722,807928,760623,253999,645,601
2021-08-28T23:59:59+02:00,32283,30023,263744,253971,372465,342879,389863,382385,454678,463922,508613,510346,348478,389039,244353,312747,71852,131520,24546,22600,237154,228964,348896,317700,369066,358510,433712,440020,488791,490341,338148,377246,237540,303422,69248,126145,3924603,3705124,518505,493605,807922,760597,253436,645,601
2021-08-27T23:59:59+02:00,32052,29772,263099,253406,371948,342358,389393,381931,454222,463524,508240,510060,348349,388905,244295,312661,71833,131500,24400,22449,236550,228464,348281,317196,368594,358078,433260,439665,488488,490093,338018,377128,237485,303358,69237,126138,3920792,3701903,518436,493391,807863,760538,251759,645,601
2021-08-26T23:59:59+02:00,31669,29385,262093,252426,371092,341540,388634,381186,453534,462846,507688,509579,348117,388645,244174,312544,71805,131439,24051,22085,235068,227100,347048,316005,367475,357083,432383,438855,487815,489517,337731,376807,237321,303189,69207,126093,3914589,3693530,518191,492744,807824,760179,249081,645,599
2021-08-25T23:59:59+02:00,31304,29051,261168,251564,370339,340761,387971,380487,452898,462256,507131,509121,347879,388389,244049,312380,71770,131372,23445,21510,233015,225235,345563,314598,366284,355884,431381,437893,487012,488788,337349,376416,237167,302954,69163,126005,3908853,3681526,518059,492336,807795,760029,246467,643,597
2021-08-24T23:59:59+02:00,30985,28783,260435,250783,369731,340127,387430,379911,452414,461740,506719,508748,347669,388163,243931,312216,71744,131300,23128,21194,231801,224168,344594,313673,365499,355135,430707,437242,486452,488241,337069,376101,237033,302794,69138,125941,3903896,3674329,517772,491886,807774,759723,244667,643,593
2021-08-23T23:59:59+02:00,30463,28254,259044,249466,368698,339212,386595,379117,451633,461055,506069,508179,347386,387880,243791,312027,71717,131241,22818,20895,230314,222849,343277,312600,364547,354281,429843,436481,485745,487672,336763,375767,236897,302603,69112,125882,3896437,3666895,517623,491405,807739,759437,241298,643,592
2021-08-22T23:59:59+02:00,30317,28139,258635,249095,368342,338878,386322,378851,451395,460810,505880,508029,347289,387785,243750,311970,71700,131215,22636,20713,229592,222168,342584,311939,364012,353773,429402,436074,485422,487403,336598,375584,236833,302498,69094,125846,3894201,3662490,517474,490940,807700,759137,240293,642,588
2021-08-21T23:59:59+02:00,30066,27934,258138,248633,368023,338558,386064,378593,451190,460632,505732,507890,347234,387729,243728,311932,71697,131206,22360,20459,228849,221514,342098,311541,363606,353361,429037,435767,485192,487206,336513,375516,236806,302455,69088,125834,3891649,3659504,517330,489734,807692,759081,239570,642,588
2021-08-20T23:59:59+02:00,29874,27735,257477,247970,367282,337927,385383,378064,450595,460134,505255,507567,347088,387569,243673,311835,71680,131171,21955,20119,227041,219893,340683,310340,362486,352403,428079,434967,484472,486654,336269,375267,236704,302335,69063,125804,3888159,3651232,517006,488573,807679,758714,236696,641,588
2021-08-19T23:59:59+02:00,29542,27420,256488,247116,366276,337136,384594,377371,449884,459495,504690,507081,346847,387305,243565,311687,71646,131098,21460,19626,224272,217454,338369,308498,360778,350924,426674,433693,483311,485699,335850,374841,236510,302088,69029,125735,3882618,3636837,516639,486806,807637,758240,233601,641,587
2021-08-18T23:59:59+02:00,29255,27159,255691,246409,365571,336515,384012,376802,449286,458996,504215,506665,346574,387065,243447,311539,71614,131032,21082,19254,221793,214927,336307,306735,359124,349270,425145,432361,482165,484660,335332,374289,236278,301792,68978,125641,3877495,3623546,516459,482865,807607,757856,231537,640,587
2021-08-17T23:59:59+02:00,28937,26883,254907,245689,364949,335828,383448,376244,448794,458507,503781,506244,346371,386854,243330,311408,71587,130979,20611,18819,219042,212171,334228,304902,357431,347803,423706,431081,481038,483667,334836,373746,236041,301499,68924,125565,3872430,3608450,516158,480081,807581,757425,229821,639,583
2021-08-16T23:59:59+02:00,28645,26620,254211,245035,364378,335271,382985,375781,448355,458067,503361,505880,346186,386647,243231,311244,71556,130939,20057,18335,215866,209092,331936,302780,355903,346348,422498,429938,480088,482822,334448,373299,235855,301228,68885,125475,3868008,3590997,516002,479373,807555,757075,228075,639,581
2021-08-15T23:59:59+02:00,28448,26457,253715,244588,363945,334880,382624,375443,448055,457807,503118,505683,346072,386528,243182,311164,71545,130918,19272,17606,211851,205030,330033,301158,354636,345121,421467,428998,479301,482159,334113,372964,235730,301051,68861,125425,3865142,3573327,515858,478458,807516,756748,226904,639,579
2021-08-14T23:59:59+02:00,28379,26398,253467,244390,363709,334703,382448,375292,447898,457677,503000,505576,346022,386494,243164,311141,71542,130913,18946,17308,210776,203925,329208,300394,353914,344441,420971,428537,478912,481837,333974,372835,235692,300994,68852,125408,3863962,3566622,515785,478087,807510,756671,226204,639,579
2021-08-13T23:59:59+02:00,28122,26155,252759,243801,363208,334274,382009,374858,447462,457311,502661,505317,345894,386342,243099,311064,71530,130884,18342,16751,208886,202135,327779,299074,352644,343248,419917,427594,478162,481194,333730,372545,235579,300851,68834,125354,3860127,3554654,515713,477483,807500,756479,224659,635,579
2021-08-12T23:59:59+02:00,27924,25929,252034,243163,362586,333681,381474,374369,446924,456863,502237,504961,345711,386141,242997,310957,71517,130836,17758,16253,206285,199859,324892,296527,350625,341440,418405,426338,476936,480123,333278,372010,235334,300574,68794,125271,3856154,3537187,515521,476303,807462,755450,222413,633,577
2021-08-11T23:59:59+02:00,27689,25682,251304,242472,361959,333097,380946,373886,446458,456432,501826,504531,345485,385898,242880,310822,71489,130781,16938,15565,203233,196867,321703,293580,348447,339370,416902,424927,475653,478831,332735,371366,235085,300166,68743,125142,3851287,3515281,515301,475232,807422,754510,220874,630,576
2021-08-10T23:59:59+02:00,27443,25424,250468,241734,361242,332543,380405,373335,445959,455952,501371,504129,345288,385701,242794,310683,71466,130737,16141,14780,199025,192723,317024,289346,345453,336584,414776,422977,474049,477367,332045,370693,234786,299756,68686,125023,3846191,3485067,515015,474117,807384,753357,219330,628,576
2021-08-09T23:59:59+02:00,27245,25223,249838,241158,360659,332054,379958,372953,445547,455604,501025,503841,345127,385553,242728,310571,71446,130701,15147,13836,194475,188119,311301,284589,342687,334083,412858,421199,472426,475901,331398,370000,234510,299385,68627,124888,3842455,3454624,514835,471339,807352,752263,217834,626,572
2021-08-08T23:59:59+02:00,27073,25064,249355,240744,360262,331698,379605,372660,445241,455343,500782,503649,345019,385443,242665,310492,71429,130668,14925,13641,193122,186746,309672,283248,341367,332916,411977,420440,471851,475380,331135,369728,234381,299216,68601,124837,3839855,3445464,514677,469969,807299,751775,216601,625,571
2021-08-07T23:59:59+02:00,26924,24888,248824,240294,359862,331358,379269,372377,444947,455106,500555,503473,344947,385348,242631,310442,71421,130657,13753,12596,189440,183151,307622,281393,339642,331388,410640,419171,470923,474584,330779,369354,234250,299027,68567,124800,3836987,3425796,514570,468633,807288,751561,215717,625,568
2021-08-06T23:59:59+02:00,26698,24653,247955,239623,359076,330746,378592,371798,444291,454580,500016,503083,344713,385144,242532,310326,71410,130635,12845,11769,185691,179589,304141,278571,337515,329546,409035,417824,469622,473618,330399,368966,234090,298872,68543,124753,3834398,3406425,513201,466901,807276,750458,212233,625,565
2021-08-05T23:59:59+02:00,26374,24329,246776,238683,358172,329869,377760,371064,443543,453891,499345,502538,344429,384841,242418,310152,71369,130572,11839,10835,181200,175634,298739,274144,333383,325969,406217,415329,467359,471830,329730,368261,233827,298498,68482,124642,3827997,3378401,512935,462181,807206,746739,209215,625,564
2021-08-04T23:59:59+02:00,26000,23986,245632,237691,357168,328954,376979,370350,442913,453291,498766,502005,344156,384572,242295,309979,71342,130501,11025,10123,177712,172323,294958,271006,328966,322053,403958,413229,465645,470273,329034,367562,233551,298145,68422,124540,3821473,3351170,512590,460410,807171,744988,206563,621,563
2021-08-03T23:59:59+02:00,25536,23564,244263,236504,356254,328119,376265,369655,442257,452631,498164,501469,343864,384272,242165,309802,71298,130433,10463,9622,174216,168867,290836,267349,323844,317431,401200,410665,463296,468168,328190,366692,233199,297671,68354,124401,3813519,3318969,512425,458526,807127,742910,204658,621,562
2021-08-02T23:59:59+02:00,25218,23257,243208,235541,355401,327357,375560,369054,441681,452080,497638,501021,343600,383996,242047,309646,71272,130374,9907,9081,170567,165264,286123,263371,317958,312469,398436,408100,461055,466168,327417,365855,232903,297272,68292,124283,3807140,3285415,512175,456541,807069,740375,202779,620,560
2021-08-01T23:59:59+02:00,25059,23067,242576,234932,354800,326841,375117,368658,441245,451757,497292,500742,343458,383829,241971,309530,71258,130348,9640,8872,169012,163804,283628,261365,313316,308751,396573,406519,459574,464917,326982,365370,232731,297054,68263,124224,3803435,3267460,511871,454392,806975,737922,201408,617,556
2021-07-31T23:59:59+02:00,24949,22962,242232,234611,354518,326613,374874,368487,441054,451603,497183,500641,343424,383789,241951,309517,71257,130342,8405,7775,165232,159949,280798,258810,311221,306746,395171,405235,458425,463926,326661,364992,232597,296880,68237,124178,3801809,3244480,511681,453452,806969,737127,200756,617,556
2021-07-30T23:59:59+02:00,24659,22702,241427,233888,353937,326081,374381,368017,440589,451199,496820,500349,343286,383648,241906,309437,71244,130326,7467,6905,161476,156176,277394,255688,308187,303922,392935,403117,456573,462337,326149,364458,232387,296588,68204,124120,3797695,3219337,511310,452246,806949,733925,199148,616,554
2021-07-29T23:59:59+02:00,24312,22361,239890,232613,352766,325002,373411,367102,439729,450402,496004,499724,342952,383334,241768,309252,71206,130259,6482,6031,156609,151677,271990,251488,302262,299126,388562,399616,453516,459921,325314,363608,232074,296177,68144,124020,3790087,3185292,510628,447366,806862,728810,195710,615,554
2021-07-28T23:59:59+02:00,24010,22073,238736,231573,351881,324158,372659,366406,439088,449731,495434,499232,342697,383034,241632,309065,71171,130187,5991,5587,152833,148015,267476,247811,297808,295157,385288,396749,451419,458062,324652,362845,231805,295789,68080,123894,3783314,3154438,510087,445437,806784,726160,193781,614,551
2021-07-27T23:59:59+02:00,23737,21846,237726,230597,351032,323414,371952,365812,438500,449113,494907,498773,342452,382729,241498,308870,71135,130089,5421,5060,147795,142876,261533,242663,292492,290376,381262,393039,448230,455239,323660,361739,231438,295283,67988,123736,3776995,3112732,509530,443103,806726,722409,192131,613,549
2021-07-26T23:59:59+02:00,23504,21606,236747,229611,350239,322707,371342,365253,437943,448621,494454,498400,342219,382488,241371,308711,71111,130031,4999,4701,143436,138468,255965,237864,287308,285886,376783,389066,444702,452207,322705,360771,231108,294801,67913,123598,3771287,3073195,508898,440842,806643,718047,190727,610,549
2021-07-25T23:59:59+02:00,23145,21305,235406,228451,349293,321934,370658,364587,437363,448078,493989,497991,342020,382273,241281,308581,71090,129967,4744,4468,141584,136703,253264,235633,284794,283779,374642,387281,442604,450404,322188,360251,230903,294571,67888,123521,3764182,3058091,508518,438652,806576,713677,189325,609,549
2021-07-24T23:59:59+02:00,22896,21108,234476,227587,348567,321281,370083,364065,436833,447638,493627,497713,341904,382174,241237,308520,71087,129956,4422,4183,138683,133897,250525,233305,282223,281555,372377,385420,441362,449416,321838,359913,230758,294393,67869,123487,3760148,3039703,507752,435629,806561,713334,187477,609,549
2021-07-23T23:59:59+02:00,22478,20721,232969,226239,347233,320333,369030,363195,435951,446850,492928,497181,341668,381901,241148,308408,71066,129920,3999,3792,133183,129044,245138,228984,277735,277756,368678,382207,438705,447209,321136,359188,230503,294081,67815,123406,3752644,3004056,507280,433850,806506,711193,183963,609,549
2021-07-22T23:59:59+02:00,21972,20245,230858,224255,345475,318785,367523,361901,434631,445701,491945,496277,341233,381449,240971,308159,71022,129839,3577,3448,128827,124975,239125,224459,271333,272675,361766,376696,433237,442685,319949,357923,230062,293554,67721,123252,3740164,2961864,505689,427855,806373,704864,181175,608,547
2021-07-21T23:59:59+02:00,21463,19721,228967,222430,343772,317249,365902,360324,433053,444313,490718,495108,340680,380924,240723,307875,70968,129744,3374,3251,125055,121393,233653,220212,265791,268138,353622,369748,428615,438938,318829,356774,229600,292988,67640,123072,3729129,2926264,501930,416945,806146,700076,177881,608,545
2021-07-20T23:59:59+02:00,21160,19441,227496,220945,342534,316074,364938,359443,432188,443521,489994,494461,340339,380549,240575,307654,70939,129654,3113,2961,120707,117141,227291,215022,259953,262949,346492,363630,423904,434614,317730,355516,229185,292399,67542,122890,3719780,2882381,501522,409703,806015,695677,175735,606,544
2021-07-19T23:59:59+02:00,20846,19145,225759,219248,341218,314817,363895,358464,431372,442742,489322,493841,340043,380184,240423,307421,70894,129557,2917,2751,117942,114532,222889,211425,255323,258989,342768,360448,421277,432425,317003,354787,228884,292005,67467,122766,3709173,2857248,501098,404310,805920,691344,174143,606,544
2021-07-18T23:59:59+02:00,20691,19012,224457,217971,339595,313378,362821,357533,430548,442016,488781,493297,339810,379898,240295,307244,70872,129495,2826,2658,116437,113138,220218,209233,252963,256880,340514,358591,419238,430730,316511,354297,228724,291786,67446,122698,3699682,2844909,500559,400026,805844,687636,172764,605,540
2021-07-17T23:59:59+02:00,20292,18589,223303,216911,339013,312837,362229,357019,430027,441566,488364,493009,339705,379781,240253,307188,70869,129484,2562,2401,114365,111035,217755,206924,250488,254677,338081,356446,417786,429466,316175,353905,228589,291618,67423,122658,3694101,2827355,500356,397297,805820,686848,171297,602,540
2021-07-16T23:59:59+02:00,19748,18075,220762,214766,337274,311532,360718,355725,428559,440359,487265,492149,339299,379412,240082,307029,70844,129448,2294,2160,111247,108226,212978,202987,245944,251033,333772,352739,414437,426740,315252,352974,228238,291200,67369,122577,3683890,2799608,499595,394932,805662,683029,165023,601,539
2021-07-15T23:59:59+02:00,19106,17447,217971,212340,335363,309818,359125,354288,427215,439169,486317,491294,338893,378985,239879,306773,70802,129343,2117,2019,107331,104991,204587,196725,238425,245414,327155,347487,407350,420276,313504,351155,227689,290528,67297,122378,3668802,2752888,498993,386468,805544,675590,161887,598,539
2021-07-14T23:59:59+02:00,18260,16721,215523,210013,333655,308282,357719,352940,425987,437969,485288,490333,338437,378523,239638,306461,70748,129256,1965,1874,103707,101640,198089,191535,232693,240731,322851,343999,403165,416643,312189,349840,227279,289967,67213,122224,3653848,2719149,498407,380913,805420,668771,159169,597,535
2021-07-13T23:59:59+02:00,17606,16063,213334,207986,332048,306900,356380,351707,424809,436875,484324,489471,337995,378049,239435,306214,70713,129163,1853,1766,99938,98091,191585,186108,225536,234655,316159,337925,394753,408765,310389,347911,226673,289173,67100,122023,3639971,2676222,497848,368211,805260,659278,157079,596,531
2021-07-12T23:59:59+02:00,16586,15128,210043,204796,329979,305162,354797,350233,423563,435666,483338,488566,337579,377576,239256,305985,70673,129085,1774,1695,96830,95365,186287,181791,218544,228965,309308,331878,389643,404481,308651,346038,226078,288440,67000,121852,3621446,2637820,497290,361056,805080,650846,155274,594,529
2021-07-11T23:59:59+02:00,16077,14651,208681,203518,329225,304439,354130,349602,422995,435158,482889,488221,337388,377371,239195,305879,70651,129045,1740,1669,95406,94074,183491,179476,215533,226662,306613,329717,386808,402089,306174,343407,225698,287969,66946,121754,3615163,2622774,496649,359059,804947,640329,153438,587,525
2021-07-10T23:59:59+02:00,15602,14191,206830,201726,327753,303168,352992,348624,422262,434559,482411,487823,337218,377206,239129,305793,70641,129025,1699,1622,94098,92798,180944,177353,212490,224176,304082,327550,385641,401052,305527,342737,225518,287780,66930,121727,3606552,2605934,496005,358827,804712,638572,150757,586,525
2021-07-09T23:59:59+02:00,15277,13910,204919,199881,326141,301708,351919,347657,421356,433840,481838,487345,337011,376982,239033,305672,70626,128991,1025,966,91303,90072,177404,174119,208138,220016,299053,322943,382191,398064,304431,341506,225212,287413,66892,121663,3597368,2576886,495135,356759,804517,630964,148153,584,525
2021-07-08T23:59:59+02:00,14808,13482,201423,196888,322820,299031,349536,345663,419642,432377,480403,486273,336570,376540,238854,305423,70581,128913,907,855,86996,86298,170148,168439,199990,213606,291667,316815,375230,391840,301700,338577,224431,286472,66775,121403,3581970,2530592,491083,348080,803997,620584,143219,583,524
2021-07-07T23:59:59+02:00,14307,13028,197674,193012,319639,296160,347217,343608,418082,430900,479196,485168,336093,375975,238662,305150,70542,128807,773,759,83307,82844,162830,162709,190925,206414,283665,310241,368177,385013,298384,334954,223519,285369,66633,121156,3560618,2482522,489712,334621,803610,610568,140274,580,521
2021-07-06T23:59:59+02:00,13847,12654,194237,189631,316374,293417,344737,341310,416363,429334,477925,484032,335591,375415,238465,304860,70489,128722,651,641,79734,79256,156138,157188,183502,200201,274711,302278,361675,378910,295180,331701,222633,284277,66525,120927,3540716,2429912,486635,327630,803193,601041,137842,577,521
2021-07-05T23:59:59+02:00,13449,12317,189834,185380,312309,290072,342220,338970,414683,427783,476779,482957,335118,374898,238285,304614,70456,128636,575,546,76662,76420,151008,153084,178730,196071,267793,296000,355558,373368,291899,328252,221744,283155,66415,120756,3517821,2390773,485469,323134,802697,590673,133742,574,518
2021-07-04T23:59:59+02:00,13271,12158,185988,181503,309665,288038,340903,337893,413799,427003,476195,482462,334894,374644,238198,304488,70430,128582,543,517,74474,74547,147897,150505,176390,194023,265340,293937,352439,371154,288588,324852,221163,282489,66359,120636,3505545,2376941,484172,320833,802132,579127,129229,574,517
2021-07-03T23:59:59+02:00,12075,11100,179554,175498,305389,284574,338565,335717,411980,425193,474978,481404,334493,374198,238025,304242,70406,128539,512,498,72691,72966,145464,148621,173946,191935,262269,291208,350155,369297,286834,322866,220895,282127,66327,120587,3479138,2361178,482761,320632,801949,574635,123027,574,517
2021-07-02T23:59:59+02:00,10975,10008,175837,172029,302963,282369,336813,334010,410728,424003,474202,480713,334234,373883,237911,304060,70378,128491,473,447,69992,70275,141531,145327,169501,187884,256208,285753,344923,364586,283576,319134,220254,281354,66278,120502,3461008,2327906,481279,317841,801767,562039,120492,572,503
2021-07-01T23:59:59+02:00,9877,9079,172155,168576,298917,279067,334314,331734,408930,422421,473106,479752,333814,373419,237710,303790,70332,128411,401,374,65093,65549,135196,139979,162207,181368,245939,276882,334113,354782,278787,313854,218399,279096,66099,120189,3438406,2271476,479181,305465,801420,544293,117329,572,498
2021-06-30T23:59:59+02:00,9387,8686,168878,165487,293287,274436,330635,328393,407158,420879,472084,478781,333391,372933,237517,303489,70298,128322,319,313,61956,62695,129547,135295,155554,175363,235874,267720,320697,341491,273569,308298,216507,276770,65931,119866,3413263,2216361,477007,292639,801126,525439,113564,571,496
2021-06-29T23:59:59+02:00,8850,8163,165069,161702,288739,270161,327067,325089,405047,418794,470534,477366,332802,372295,237263,303134,70243,128213,261,242,59159,59691,124591,130872,149523,169827,224009,257006,312131,333114,267102,301102,214532,274307,65728,119520,3385685,2157016,475007,287966,800800,508020,109941,569,493
2021-06-28T23:59:59+02:00,8445,7784,161735,158237,283694,265836,323758,322241,402902,416865,469046,476052,332283,371683,237030,302825,70199,128120,201,192,56879,57335,120678,127352,145166,165740,214778,248578,306332,327699,262153,295802,212767,272071,65580,119254,3361716,2121231,471036,279333,800141,491480,106728,569,491
2021-06-27T23:59:59+02:00,8297,7661,160224,156706,281586,264025,321955,320701,401200,415506,468151,475335,331993,371392,236927,302662,70180,128071,175,172,55675,56222,118549,125640,142595,163603,210661,245183,302959,324835,258340,291790,210307,269157,65469,119059,3351679,2105726,468961,275830,799096,475326,103720,568,489
2021-06-26T23:59:59+02:00,7143,6562,156953,153366,279481,262141,319539,318459,400009,414350,467452,474637,331724,371112,236820,302504,70156,128041,164,160,55127,55630,117202,124483,141167,162362,208416,243174,300426,322418,256800,290127,209973,268747,65442,118989,3332533,2088881,466135,275738,799090,472827,103585,547,471
2021-06-25T23:59:59+02:00,5921,5446,152643,149078,276081,259185,317485,316498,398697,413102,466449,473811,331435,370776,236693,302348,70129,127992,135,139,53836,54004,114714,121779,137075,157790,199646,234718,294729,316542,255074,288005,209380,267944,65371,118873,3307557,2046331,464704,274039,799038,466238,103358,547,470
2021-06-24T23:59:59+02:00,5056,4658,148188,144944,271243,255230,313206,312713,396499,411223,465073,472674,331008,370314,236525,302110,70095,127905,116,109,51181,51405,109573,117051,129725,151133,187583,224254,283307,306301,249687,282156,207542,265596,65168,118472,3276311,1984185,462693,262233,798871,452468,101663,546,467
2021-06-23T23:59:59+02:00,4834,4452,145019,141823,267536,252067,307961,307906,394005,408875,463668,471357,330480,369695,236294,301798,70047,127798,84,79,49236,49315,105771,113135,124047,145447,177676,215579,271323,294297,245070,277335,206207,263896,65007,118112,3248719,1927776,459166,252360,798710,441768,99887,544,465
2021-06-22T23:59:59+02:00,4583,4222,141939,138693,263817,248682,301828,302470,391370,406315,462123,469871,329930,369086,236074,301445,70000,127691,54,58,47544,47567,102155,109822,119238,140862,165068,204426,260400,283986,240999,272858,204285,261484,64755,117640,3216629,1869324,457230,244624,798518,430808,98611,543,456
2021-06-21T23:59:59+02:00,4324,3976,138673,135745,259101,244772,296579,297600,388320,403440,460650,468516,329412,368522,235853,301133,69960,127579,46,50,46309,46334,99766,107598,116497,138152,158842,198645,253510,277343,235643,267016,200344,256956,64570,117263,3184848,1838279,455182,239106,798311,411008,96649,540,455
2021-06-20T23:59:59+02:00,4180,3857,137163,134235,254842,241272,293994,295357,386928,402122,459859,467768,329186,368233,235741,301000,69940,127517,40,47,45176,45405,97500,105797,114215,136161,155806,196101,249192,273261,232636,263482,199355,255701,64489,117137,3167333,1817854,453416,235552,798151,403130,95120,538,448
2021-06-19T23:59:59+02:00,3764,3506,135010,132135,252090,238945,292209,293701,385082,400554,459019,467040,328964,367980,235638,300862,69920,127485,39,45,44629,44757,96225,104529,112737,134690,154295,194660,245965,270231,231910,262631,199184,255437,64467,117084,3150982,1801845,450588,233969,798142,402842,95008,538,447
2021-06-18T23:59:59+02:00,2812,2593,131724,128994,248565,235890,288195,290287,382680,398426,457680,465880,328588,367580,235483,300627,69893,127436,39,44,43843,43841,94647,102745,110435,132019,150743,190621,239098,262939,230180,260622,198697,254797,64392,116950,3125154,1772496,446150,233439,798116,396126,94725,538,446
2021-06-17T23:59:59+02:00,2577,2370,128012,125702,242531,231440,282964,285899,377884,394437,455354,464042,327991,366857,235238,300272,69828,127323,38,44,41601,42013,90593,99265,105522,127263,142870,182940,227691,251535,224969,254678,197045,252636,64133,116530,3090300,1716740,443159,229289,797853,385205,90259,485,438
2021-06-16T23:59:59+02:00,2306,2134,124771,122294,237628,227086,278261,281637,372711,389936,452755,461898,327250,366060,234948,299858,69762,127208,38,41,39764,40410,87051,96231,101161,123428,134624,175588,215577,239610,218728,247559,195118,250308,63881,116042,3056719,1656858,437610,223680,797360,377087,87651,483,436
2021-06-15T23:59:59+02:00,1917,1802,119854,117423,231644,221937,272906,276649,367640,385303,449906,459476,326380,365081,234597,299346,69680,127024,37,39,38146,38796,83720,93181,97186,119369,127561,169206,203213,227570,212688,240761,193154,247873,63571,115469,3011965,1599492,435680,217824,796798,369397,84940,482,433
2021-06-14T23:59:59+02:00,1654,1526,115801,113258,226410,217028,267543,271674,362349,380545,446785,456881,325591,364221,234288,298957,69618,126903,33,38,37168,37906,81442,91078,94473,116844,123442,165452,196605,221061,209573,237251,192019,246399,63352,115075,2969775,1569851,433324,215544,796540,361730,82195,481,427
2021-06-13T23:59:59+02:00,1581,1441,114307,111880,223958,214920,265000,269413,360094,378583,445613,455855,325315,363916,234152,298785,69586,126829,30,38,36300,37168,79579,89401,92457,115020,120615,162837,192723,217347,206478,233804,190984,245028,63120,114662,2954770,1555815,430884,208261,796238,353486,80131,481,426
2021-06-12T23:59:59+02:00,1432,1303,111653,109130,222061,213189,263614,268131,358654,377183,444719,455088,325027,363607,234060,298682,69568,126801,30,38,35930,36762,78589,88306,91202,113719,119033,161270,189154,214041,205443,232676,189587,243371,63110,114630,2938577,1542630,429904,208250,796216,346107,79996,480,425
2021-06-11T23:59:59+02:00,1285,1167,109100,106614,219163,210565,259945,264939,355517,374448,443004,453617,324590,363155,233923,298474,69541,126746,30,37,35254,35645,76579,84922,88966,110181,114919,156121,182440,206578,203345,230302,188982,242600,63047,114531,2914141,1515069,427103,207553,796033,332646,79297,479,424
2021-06-10T23:59:59+02:00,1123,1010,104347,102198,213086,205797,252884,259109,349418,369149,438509,449841,323729,362184,233603,298028,69457,126593,28,36,33672,34155,72569,80739,84040,104667,108238,147888,170066,192919,197254,223400,187252,240454,62793,114126,2870471,1467808,419993,205804,795199,305603,75157,474,419
2021-06-09T23:59:59+02:00,974,881,100423,98484,207109,201067,246067,253394,342751,363196,434824,446818,323047,361439,233330,297645,69393,126461,27,35,32133,32894,69326,78085,80339,101497,103507,143599,158905,182136,186612,211377,185385,238208,62521,113631,2831418,1413659,411458,201820,794686,294312,70493,456,415
2021-06-08T23:59:59+02:00,792,700,95885,93933,200465,195497,239107,247377,334485,355912,429715,442143,322210,360435,232955,297158,69314,126325,26,33,31058,32035,66733,75782,77053,98767,98916,139678,151280,174622,177882,201644,183576,235954,62290,113263,2779387,1374356,405681,196896,794099,283433,65970,456,406
2021-06-07T23:59:59+02:00,633,559,92660,90829,194389,190788,232545,242130,326653,349735,426666,439695,321663,359797,232738,296831,69260,126229,25,31,30185,31186,64260,73822,74095,96604,95147,136737,143182,166812,173824,197005,182143,234142,62066,112878,2740334,1347170,399505,193590,793531,272298,61139,456,406
2021-06-06T23:59:59+02:00,595,524,91079,89512,191093,188226,229185,239352,322368,346328,425229,438614,321389,359499,232630,296673,69237,126182,25,31,29582,30629,62482,72135,72010,94583,91948,133664,137477,161002,171285,194364,181031,232741,61838,112498,2724885,1335276,392103,183876,793043,261842,58382,455,400
2021-06-05T23:59:59+02:00,513,444,89132,87496,186213,184007,226716,237218,320551,344706,424234,437701,321104,359181,232481,296506,69223,126150,25,30,29122,29868,61277,70175,70607,92429,90264,131384,132705,155651,168271,190689,180545,232082,61804,112432,2701368,1311597,391971,183409,792938,256404,57989,454,399
2021-06-04T23:59:59+02:00,413,359,86775,84964,182539,180386,222701,233267,316955,341063,421872,435504,320647,358646,232286,296277,69184,126088,25,28,28652,29191,60154,68515,69313,90336,88470,128755,129323,151987,164028,185907,179552,230815,61756,112344,2672095,1292694,388144,182634,792819,246319,57541,453,397
2021-06-03T23:59:59+02:00,321,283,83485,81884,176794,175710,215423,227154,309230,334354,414110,428636,319611,357463,231915,295824,69128,125955,23,28,27761,28174,58250,66310,66912,87576,84816,124626,122540,145302,157674,178281,177977,228780,61642,112107,2623081,1263409,377889,177284,792398,233553,54564,451,388
2021-06-02T23:59:59+02:00,271,224,81398,79713,172688,171973,211767,223986,305636,330990,412058,426800,319200,357007,231761,295617,69100,125904,22,26,27289,27690,57114,65181,65301,86291,82743,122671,117552,140408,149778,169294,177254,227823,61557,111937,2594236,1231101,376500,175310,792373,229927,53626,448,378
2021-06-01T23:59:59+02:00,172,156,77128,75884,164401,165395,202390,216246,296524,323098,403844,418959,317690,355393,231220,294877,68988,125677,22,23,25736,26273,52794,62221,60450,82991,77304,118157,110112,133175,138653,155850,175142,225080,61349,111511,2535483,1180819,364840,171195,791614,218133,46723,442,366
2021-05-31T23:59:59+02:00,150,139,74383,73394,158740,161065,195073,210264,289135,316705,398101,413985,316693,354278,230833,294356,68898,125506,22,22,24826,25210,50166,59994,57271,80452,73684,114866,105601,128716,134483,150921,173767,223352,61180,111178,2495011,1158317,355437,168826,790975,207717,40870,441,362
2021-05-30T23:59:59+02:00,139,131,73329,72324,156255,159025,192444,207905,286345,314191,396215,412239,316329,353867,230672,294116,68860,125425,22,22,24220,24422,48570,58251,55528,78590,71441,112295,102944,125846,132326,148388,172974,222415,61086,110967,2479171,1148503,352911,167513,790343,196334,37975,440,354
2021-05-29T23:59:59+02:00,136,129,72720,71731,154740,157623,190143,205875,284506,312604,395378,411469,316106,353621,230591,294037,68849,125406,21,22,23895,23894,47648,56752,54182,76709,69514,109448,100619,123043,129512,144957,172319,221507,61059,110915,2465274,1134851,352750,167446,790280,185788,37949,438,352
2021-05-28T23:59:59+02:00,132,126,71633,70616,152337,155365,186473,202331,281228,309472,393516,409700,315696,353115,230444,293823,68830,125349,21,21,23360,22890,46038,54622,52349,74141,67464,105494,96283,117151,125118,139892,171340,220195,61012,110801,2441430,1112145,351697,167231,790071,171265,37568,436,346
2021-05-27T23:59:59+02:00,121,117,68313,67598,145842,150416,178280,196069,274823,304303,387204,404011,314427,351667,229983,293292,68758,125166,19,20,22033,21205,42782,51567,48466,70324,62897,99475,89918,109630,121179,135258,168527,216487,60838,110486,2396794,1083635,344064,164490,788259,151160,31837,434,339
2021-05-26T23:59:59+02:00,117,114,66157,65412,140889,146323,172173,191001,268066,298632,380462,397319,312903,350051,229488,292592,68654,124953,19,19,21287,20285,40952,49427,46109,67586,59854,95680,85326,104501,116188,129525,164713,211134,60628,110057,2359455,1051602,330848,162907,786434,139677,29114,432,334
2021-05-25T23:59:59+02:00,116,107,64126,63414,136682,142833,167122,186702,260995,292337,375033,391925,311614,348635,229074,291941,68571,124774,19,19,20709,19619,39553,47906,44273,65567,57378,92673,81239,100114,111230,123809,159146,203854,60458,109749,2321835,1019927,323334,159482,783888,130438,27480,429,328
2021-05-24T23:59:59+02:00,114,105,62881,62201,133919,140724,163841,184285,254045,286339,370085,387241,310784,347716,228788,291554,68500,124643,19,19,20365,19207,38532,46830,42928,64080,55692,90662,79001,97592,109798,122150,158535,203063,60345,109546,2298075,1010533,312208,158174,782079,123746,25929,428,321
2021-05-23T23:59:59+02:00,109,104,62384,61684,132818,139827,162643,183249,252802,285316,368495,385811,310162,347058,228615,291326,68480,124607,19,16,20131,19019,37979,46270,42171,63379,54523,89663,77504,96223,108616,120746,157554,201839,60274,109404,2286560,1002318,311620,155090,782035,122146,25798,427,316
2021-05-22T23:59:59+02:00,106,102,61688,61059,131319,138742,160268,181624,249830,283019,366015,383580,309632,346462,228437,291059,68454,124556,18,16,19812,18594,37363,45664,41534,62848,53870,88933,76732,95073,107065,118937,156780,200868,60247,109350,2268542,995602,311603,155085,781996,118708,24327,427,316
2021-05-21T23:59:59+02:00,102,99,60348,59616,128405,136143,156970,178298,244589,278249,359915,377893,308695,345367,228142,290661,68393,124448,18,15,19447,18226,36748,44893,40878,61793,52913,87535,75003,92775,103820,114984,155640,199416,60154,109174,2232418,982549,309958,154757,780418,112107,24040,423,312
2021-05-20T23:59:59+02:00,93,97,57295,56824,122664,131261,150031,171978,234270,269486,350878,369606,306152,342621,227373,289648,68261,124228,17,15,18150,17289,34570,42645,38419,58892,50084,83755,71073,88267,99686,110325,153166,196391,59972,108819,2174358,963171,303285,152799,774458,94433,21144,418,309
2021-05-19T23:59:59+02:00,91,95,55083,54631,117651,126579,142860,165356,223721,260124,340327,358695,303502,339756,226624,288596,68110,123951,17,15,17568,16501,33345,41059,37013,56830,48066,80972,67831,84686,95797,105850,149528,191643,59710,108327,2108377,939715,297028,150818,771480,84915,19324,414,295
2021-05-18T23:59:59+02:00,87,91,52982,52665,112860,122317,136474,159784,212147,249749,330439,348890,300830,336788,225744,287397,67960,123696,17,15,17048,15895,32126,39591,35653,55036,46247,78558,64943,81457,91780,101309,146325,187565,59499,107893,2048466,919414,287648,147952,767886,76255,17343,410,294
2021-05-17T23:59:59+02:00,84,87,51947,51668,110518,120255,133658,157129,205613,243728,322863,341791,299034,334816,225155,286574,67852,123483,17,15,16589,15445,31076,38547,34477,53737,44764,76757,62674,79055,86934,95437,144859,185677,59351,107579,2021621,907682,275330,140476,764457,69555,15281,406,288
2021-05-16T23:59:59+02:00,83,84,51158,51013,109069,118932,131911,155461,202639,241041,315429,334832,298012,333685,224845,286089,67799,123385,17,15,16305,15072,30324,37764,33603,52818,43703,75440,61341,77582,83518,91355,144068,184599,59263,107437,2006258,901574,264897,133709,761210,65415,13528,402,281
2021-05-15T23:59:59+02:00,82,84,50619,50379,108065,117940,130895,154344,200702,239104,311858,331616,297389,333000,224649,285818,67779,123321,17,15,16165,14908,30069,37454,33317,52386,43216,74790,60490,76594,82921,90538,143551,183931,59227,107389,1990032,896322,264876,133562,760340,64283,12818,400,276
2021-05-14T23:59:59+02:00,81,83,49357,48950,105809,115842,127299,150889,192486,232032,305544,325727,296407,331861,224363,285370,67731,123227,17,15,15666,14477,29279,36630,32542,51192,42139,73002,58919,74642,81008,88045,142939,182938,59186,107304,1952727,886638,263172,132684,755792,58851,11771,397,274
2021-05-13T23:59:59+02:00,78,81,47437,46995,101957,112606,122575,146774,182457,223440,294931,315904,293442,328440,223552,284232,67631,123019,15,14,14805,14030,28423,35929,31782,50291,41191,71906,57409,73073,77224,83691,140167,179328,59076,107087,1901095,874065,254529,125626,749561,55001,10756,391,268
2021-05-12T23:59:59+02:00,76,79,46523,46282,100038,111172,120505,145106,179900,221329,290199,310572,292279,327169,223312,283914,67593,122934,15,13,14639,13878,28101,35710,31375,50002,40743,71530,56867,72503,75873,82058,139386,178191,58990,106927,1877976,868295,252363,123828,749070,54729,9957,387,266
2021-05-11T23:59:59+02:00,72,73,44276,44805,95995,108086,114685,140372,166524,210054,278545,299806,288877,323254,222359,282515,67443,122635,15,12,14208,13311,27087,34280,30239,48194,39436,69255,55157,70234,72778,78471,138023,176355,58831,106568,1819080,855979,242632,121138,740554,46864,8475,383,265
2021-05-10T23:59:59+02:00,71,69,43021,43826,93392,106077,111424,137737,158137,203025,270666,292694,286701,320799,221788,281656,67319,122394,15,11,13863,12867,26326,33295,29445,46931,38439,67399,53928,68505,70689,75917,136877,174840,58712,106278,1783486,847095,236586,120083,733575,39664,7503,380,256
2021-05-09T23:59:59+02:00,70,69,41897,43053,90709,104318,108758,135965,153121,199602,265141,287746,285456,319409,221411,281127,67253,122248,15,11,13546,12647,25630,32626,28717,46127,37644,66436,53000,67562,69456,74512,136279,174001,58657,106147,1764128,842512,229485,119104,727573,34884,6518,374,253
2021-05-08T23:59:59+02:00,69,69,41605,42750,89862,103585,107657,135106,151668,198384,262577,285680,284955,318869,221292,280950,67237,122216,15,11,13445,12585,25500,32534,28571,45996,37454,66243,52659,67242,68490,73588,135208,172632,58610,106054,1752058,837886,228975,118355,727348,34107,6502,367,243
2021-05-07T23:59:59+02:00,67,68,40681,42032,87924,102243,104822,132885,147046,194575,256320,280166,283613,317269,220946,280497,67185,122094,15,11,12698,12104,24672,31797,27803,44935,36588,64979,51477,65728,66240,70899,132979,169806,58521,105877,1726238,828185,225764,116081,723225,27321,5553,362,240
2021-05-06T23:59:59+02:00,63,67,38040,40306,83171,98781,98823,128129,136854,186060,239878,265753,278496,311473,219657,278810,67011,121781,15,11,12012,11585,23734,30693,26802,43584,35230,62980,49739,63749,63750,67765,130867,167040,58407,105660,1660663,817068,215859,112970,712315,18950,4645,350,238
2021-05-05T23:59:59+02:00,61,64,36150,39106,79510,96193,94221,124480,129027,179523,225122,251709,272310,304336,218082,276818,66765,121259,15,10,11778,11308,23187,29968,26197,42662,34304,61579,48584,62332,61135,64647,127921,163335,58309,105409,1594433,804742,210777,109398,706271,14978,3576,349,233
2021-05-04T23:59:59+02:00,61,62,35043,37996,76782,93868,90711,121434,123451,174789,214488,241428,266823,297887,216639,274977,66556,120792,15,10,11615,11104,22777,29426,25734,41890,33580,60486,47473,61055,58409,61458,125556,160398,58160,105173,1545350,792826,205652,106759,700181,11829,2922,344,229
2021-05-03T23:59:59+02:00,60,61,34171,36944,74491,92044,87835,119080,119011,171144,207827,235424,263543,294023,215842,273888,66434,120497,15,10,11368,10831,22383,28846,25253,41189,32888,59521,46446,59912,55611,58112,121777,155503,57903,104734,1513580,776939,202539,105044,695241,9070,1271,340,222
2021-05-02T23:59:59+02:00,60,61,33816,36628,73312,91135,86360,117984,116583,169273,204728,232904,262580,292935,215557,273481,66367,120389,15,9,11296,10758,22192,28629,25020,40904,32543,59111,45991,59436,54421,56650,118704,151820,57819,104602,1502954,771899,199742,99477,691365,8168,404,333,213
2021-05-01T23:59:59+02:00,59,61,33497,36248,72549,90340,85286,116941,115109,167907,201641,229874,261888,292109,215347,273201,66356,120350,15,9,11282,10742,22139,28598,24955,40866,32481,59054,45909,59359,54179,56356,118546,151624,57810,104585,1487840,770585,199733,99437,691098,8120,397,332,211
2021-04-30T23:59:59+02:00,56,59,32954,35647,71342,89117,83820,115210,111323,164334,194241,222760,259898,289741,214898,272593,66296,120242,15,9,10959,10546,21777,28320,24677,40439,32153,58492,45447,58727,53282,55191,117594,150439,57755,104466,1454930,766900,199406,97445,690297,5782,195,330,207
2021-04-29T23:59:59+02:00,54,58,31453,34694,68411,87088,80185,112600,106209,160216,181420,211212,251962,280635,213701,270961,66162,119899,15,9,10650,10331,21299,27871,24247,39942,31564,57751,44643,57796,51447,52993,115743,148201,57654,104270,1399993,758053,192119,94773,684927,3461,172,320,204
2021-04-28T23:59:59+02:00,53,57,30218,34082,66540,85774,77703,110777,102784,157357,171727,202024,241107,268035,212422,269276,65966,119573,15,9,10463,10170,20995,27513,23880,39470,31137,57091,43916,56967,49311,50365,113159,144959,57529,104058,1347311,748457,188756,90212,679556,2239,140,315,192
2021-04-27T23:59:59+02:00,50,56,29459,33395,64959,84301,75687,108965,100017,154958,166993,197292,232596,258223,211276,267661,65846,119350,15,9,10338,10058,20714,27220,23643,39139,30775,56588,43225,56278,47299,47822,110517,141520,57410,103858,1313225,738627,186447,86198,671559,1518,138,308,179
2021-04-26T23:59:59+02:00,49,56,29028,33011,63859,83414,74184,107797,97724,153243,158378,189288,228403,253377,210570,266664,65753,119150,15,9,10243,9968,20496,27028,23405,38925,30476,56245,42606,55704,45491,45675,108620,139038,57314,103704,1284271,730655,185004,83095,664828,1137,132,298,174
2021-04-25T23:59:59+02:00,49,55,28776,32771,63080,82885,73117,107059,95992,152011,152987,184415,224069,248492,209980,265883,65687,119027,15,9,10187,9933,20417,26947,23317,38842,30367,56117,42444,55544,45080,45178,107939,138131,57286,103633,1271475,728980,178864,81329,656151,1005,129,295,174
2021-04-24T23:59:59+02:00,49,54,28432,32343,62138,81659,71931,105609,94439,150346,148077,179260,221282,245156,209510,265209,65653,118977,15,9,10173,9913,20376,26904,23263,38775,30286,56031,42293,55408,44836,44868,107688,137834,57265,103605,1246578,727881,178833,80629,654863,962,128,291,172
2021-04-23T23:59:59+02:00,47,54,27683,31719,60571,80142,70134,103589,91848,147700,143284,174863,216726,239601,208855,264221,65590,118862,15,9,10120,9850,20266,26817,23130,38624,30052,55821,41930,55077,44220,44108,106624,136546,57109,103330,1221659,724520,177647,78150,646325,910,127,288,169
2021-04-22T23:59:59+02:00,45,53,27065,31118,59034,78704,67667,101372,87718,144208,135237,167369,207698,228604,206816,261592,65391,118466,14,9,9995,9754,20015,26519,22774,38186,29538,55308,41178,54442,43062,42792,104628,134094,56880,102932,1180115,717024,170193,74244,637986,789,127,282,164
2021-04-21T23:59:59+02:00,45,49,26569,30597,57702,77598,65783,99737,84672,141567,128055,160551,194614,213266,204667,258707,65165,118040,14,9,9863,9667,19781,26268,22485,37861,29181,54854,40623,53905,42211,41774,102433,131299,56625,102516,1128601,710453,167304,70145,631611,714,127,278,157
2021-04-20T23:59:59+02:00,44,48,26143,30126,56533,76450,64105,98151,82119,138995,122964,155477,183141,199807,202239,255572,64928,117609,13,9,9758,9576,19561,26079,22191,37589,28770,54435,40082,53373,41392,40839,100209,128304,56286,101981,1085936,702874,163815,66892,624829,634,125,276,149
2021-04-19T23:59:59+02:00,44,47,25776,29767,55560,75632,62818,96974,79986,137070,119434,152087,177376,192966,200530,253340,64743,117279,13,9,9650,9482,19330,25857,21943,37314,28453,54041,39567,52841,40596,39932,97097,124310,55881,101266,1061362,692468,161981,64471,618220,596,124,268,149
2021-04-18T23:59:59+02:00,43,42,25467,29504,54791,75085,61693,96027,78126,135640,116067,149690,172261,187408,199515,252111,64631,117087,13,9,9576,9406,19139,25680,21765,37148,28238,53763,39308,52591,40267,39549,95884,122759,55698,100965,1047350,688592,160313,62540,607653,581,124,264,146
2021-04-17T23:59:59+02:00,42,41,25357,29411,54421,74885,61174,95673,77474,135039,115216,148949,168006,182526,198982,251385,64597,117024,13,9,9531,9347,19000,25491,21577,36919,28010,53487,39043,52323,39965,39224,95117,121834,55633,100881,1036462,684565,160284,62224,603584,570,124,263,146
2021-04-16T23:59:59+02:00,42,41,24982,29161,53428,74274,59885,94794,75844,133708,111062,144805,160362,173763,197324,249183,64489,116816,13,9,9326,9172,18608,25057,20990,36343,26898,52581,37015,50718,36637,36266,91919,118305,55231,100228,1010540,669435,159491,55296,594059,541,123,261,144
2021-04-15T23:59:59+02:00,39,37,24506,28712,52172,73105,57921,93068,72563,130866,105596,139529,152501,164789,192671,243314,64193,116200,13,9,9152,9008,18236,24633,20497,35679,26220,51782,35626,49486,34524,34214,88796,114562,54723,99371,978341,656295,157434,49705,576130,491,122,258,139
2021-04-14T23:59:59+02:00,37,34,24166,28386,51237,72169,56577,91679,70177,128703,101597,135759,143304,154406,184929,233435,63852,115534,13,9,8744,8734,17759,24125,19961,35031,25309,50905,34338,48366,32475,32056,85816,110905,54230,98509,940459,641364,154765,45483,560885,399,121,248,138
2021-04-13T23:59:59+02:00,37,34,23925,28167,50538,71635,55626,90847,68540,127288,97872,132317,131471,141280,178533,225109,63514,114945,13,9,8507,8559,17412,23713,19534,34491,24643,50111,33266,47347,31091,30689,83651,108502,53870,97964,907178,631968,150247,41089,544380,277,121,244,136
2021-04-12T23:59:59+02:00,37,33,23716,27977,49983,71121,54757,90111,67068,125997,95241,129995,124362,133251,175305,221161,63243,114454,13,9,8270,8369,17045,23414,19161,34053,24171,49576,32599,46719,29558,29146,81987,106564,53544,97443,890754,623507,148703,37834,528487,263,119,237,133
2021-04-11T23:59:59+02:00,36,33,23542,27813,49454,70700,54021,89656,65921,125189,93381,128515,118875,127228,171392,216558,63073,114157,13,9,8134,8235,16747,23135,18842,33737,23813,49194,32154,46334,28920,28478,80969,105316,53335,97124,883265,618206,144299,36005,512122,249,113,229,129
2021-04-10T23:59:59+02:00,36,33,23481,27756,49287,70562,53817,89495,65590,124917,92855,128077,116791,124696,169952,214707,63031,114058,13,9,7545,7629,15855,22347,17882,32896,22692,48161,31041,45337,28258,27767,78872,102707,53068,96688,876258,602865,143442,35626,509589,245,106,227,129
2021-04-09T23:59:59+02:00,35,33,23232,27506,48782,70070,53171,88802,64591,123790,91028,126170,107957,113747,166572,210299,62831,113700,12,9,6585,6727,14322,21023,16162,31339,20549,46191,28827,43327,26479,25940,75362,98520,52524,95848,856803,575376,136386,34109,499282,233,94,221,127
2021-04-08T23:59:59+02:00,35,33,22935,27259,48202,69578,52414,88104,63279,122704,88605,124002,97638,101742,161025,203451,62501,113131,12,9,5941,6139,13128,20002,14903,30001,18909,44476,26336,40994,23457,22970,70696,92720,51369,94081,838092,543742,127492,32173,481216,206,84,219,123
2021-04-07T23:59:59+02:00,33,32,22623,27030,47392,69116,51480,87485,61885,121716,85455,121554,88438,91444,154015,194661,62207,112574,12,9,5561,5816,12467,19324,14085,29172,17870,43426,24429,39100,20916,20445,66729,87939,50371,92462,817645,520242,121889,29695,459774,179,77,209,118
2021-04-06T23:59:59+02:00,32,32,22411,26871,46861,68732,50889,86961,60851,120939,83346,119811,80672,82632,147643,186698,61862,111948,12,9,5364,5657,12113,18963,13730,28740,17334,42861,23569,38288,19788,19415,63567,83833,49447,91072,798351,506849,118677,26736,442336,167,71,202,117
2021-04-05T23:59:59+02:00,32,31,22311,26746,46548,68383,50497,86560,60299,120245,82164,118659,76191,77537,142660,180612,61661,111633,12,9,5224,5518,11852,18710,13435,28425,17012,42485,23122,37827,19325,18945,60675,80272,48748,90006,788902,497493,116924,23941,427125,162,65,193,117
2021-04-04T23:59:59+02:00,32,31,22262,26685,46425,68109,50325,86245,60018,119743,81654,118027,74747,75826,141958,179640,61624,111551,12,9,5218,5510,11833,18696,13423,28408,16993,42468,23024,37755,18919,18624,59235,78422,48541,89694,786355,492692,116815,23938,421924,155,59,189,115
2021-04-03T23:59:59+02:00,32,31,22200,26604,46301,68000,50161,86069,59703,119431,81086,117449,73401,74190,140844,178103,61541,111403,12,9,5207,5501,11820,18677,13401,28388,16960,42421,22918,37680,18783,18473,58882,77856,48452,89547,779993,490898,116773,23938,419975,153,58,188,115
2021-04-02T23:59:59+02:00,32,31,22122,26519,46139,67832,49940,85819,59232,118977,80205,116636,71844,72308,138565,175120,61347,111043,12,9,5187,5464,11772,18633,13346,28306,16871,42272,22644,37205,18426,18110,56544,74971,47639,88446,770867,482415,114994,23296,418045,153,54,186,112
2021-04-01T23:59:59+02:00,29,30,21927,26315,45723,67312,49294,85076,58358,118038,78321,114967,68580,68880,134478,169943,61031,110471,12,9,5040,5320,11496,18369,13121,28068,16549,41964,22139,36763,17598,17359,51683,68920,45951,85972,759216,464284,108903,21922,410853,140,49,182,109
2021-03-31T23:59:59+02:00,29,30,21598,26096,45321,66784,48794,84426,57626,117098,77161,113726,66531,66559,129719,163824,60627,109747,11,9,4962,5267,11396,18246,12957,27915,16310,41695,21545,36246,16466,16456,46451,62486,44564,83978,749443,445863,101730,20983,404728,137,42,180,106
2021-03-30T23:59:59+02:00,29,29,21421,25873,44918,66164,48286,83625,56916,116045,76022,112348,64686,64539,125337,158072,60161,108849,11,9,4895,5182,11291,18119,12763,27725,15980,41372,20971,35700,15633,15653,43686,59070,43451,82180,739253,433993,97503,19616,396782,110,36,171,104
2021-03-29T23:59:59+02:00,28,29,21223,25635,44455,65612,47807,82934,56182,114963,74785,110912,62192,61790,118604,149453,59393,107458,11,9,4798,5109,11184,18002,12609,27560,15735,41048,20509,35232,14983,15111,41082,56075,42343,80350,718718,422755,94085,18933,390871,93,34,170,102
2021-03-28T23:59:59+02:00,28,29,21017,25343,43955,64918,47290,82190,55502,113956,73837,109802,60933,60354,113898,143486,58949,106701,11,9,4742,5050,11038,17851,12349,27260,15542,40802,20341,34998,14744,14865,40007,54664,41991,79809,712174,418432,86777,17607,383455,72,34,166,95
2021-03-27T23:59:59+01:00,28,29,20896,25184,43661,64554,46926,81661,54998,113269,73162,109065,59779,59270,112410,141776,58882,106619,11,9,4728,5038,11011,17831,12331,27230,15180,40371,19941,34560,14453,14655,39522,53977,41518,78992,706898,414377,86073,16954,379414,67,34,164,93
2021-03-26T23:59:59+01:00,28,28,20645,24673,42854,62850,45953,79636,53661,110247,71146,105447,57767,57380,109660,138545,58554,106101,9,9,4709,5005,10987,17779,12260,27137,15101,40261,19600,33965,13983,14003,36441,50126,39459,75734,695498,399822,82756,16735,367134,53,31,163,93
2021-03-25T23:59:59+01:00,28,25,20213,24000,41978,61084,44858,77084,52150,106716,68756,101684,55170,54743,106347,134580,57983,105108,9,9,4663,4949,10895,17676,12138,26992,14916,40042,19323,33658,13505,13509,32593,45071,36456,71183,684065,381442,78557,16141,350100,48,28,160,90
2021-03-24T23:59:59+01:00,28,25,19809,23550,41193,59809,43837,75542,50767,104790,66652,99351,52387,51826,102094,129486,57343,104031,9,9,4608,4882,10801,17534,11970,26789,14686,39754,18956,33239,13046,13061,30020,41857,33338,66345,671254,365870,73678,15043,337806,42,24,157,87
2021-03-23T23:59:59+01:00,28,25,19562,23248,40633,58888,43111,74446,49727,103276,64984,97491,50090,49485,99345,126275,56785,103192,9,9,4548,4811,10702,17408,11823,26604,14440,39440,18540,32850,12546,12554,27581,38744,29635,60414,663102,348214,70339,14455,327369,39,23,155,87
2021-03-22T23:59:59+01:00,28,25,19338,22830,39989,58004,42443,73405,48782,101890,63512,95859,48262,47596,96950,123538,56315,102426,6,8,4491,4765,10614,17291,11691,26426,14281,39200,18298,32548,12229,12180,25739,36379,25637,53940,656791,331840,67535,13899,317082,34,23,154,85
2021-03-21T23:59:59+01:00,28,25,19199,22571,39495,57247,41889,72557,48129,100733,62567,94624,47214,46570,95309,121685,55945,101848,6,8,4475,4756,10577,17243,11642,26339,14221,39113,18217,32447,12109,12044,25309,35931,25283,53380,654200,329637,65505,13486,308144,34,20,153,80
2021-03-20T23:59:59+01:00,27,25,19140,22427,39282,56753,41648,71997,47815,100097,62126,94023,46558,45805,92713,118456,55657,101363,6,8,4466,4747,10567,17231,11614,26321,14178,39078,18136,32372,11955,11884,24668,35158,24518,52297,647733,325929,65054,13298,303335,34,20,152,80
2021-03-19T23:59:59+01:00,26,24,18785,21861,38148,54628,40365,70000,46079,98010,59245,91266,42120,41935,87495,112700,54956,100287,6,8,4444,4732,10534,17181,11549,26209,14086,38905,17900,32072,11604,11603,22988,33093,22833,49732,629986,316572,57849,12935,290305,30,19,148,79
2021-03-18T23:59:59+01:00,26,23,18391,21211,36969,52473,38828,67212,43923,93538,55400,85474,38090,38133,82766,107224,53867,98633,6,8,4424,4703,10468,17078,11471,26053,13941,38718,17686,31870,11370,11420,21742,31572,21119,47133,613057,308489,52115,12322,267211,28,18,146,77
2021-03-17T23:59:59+01:00,26,22,17965,20858,36240,51553,38059,66254,42840,92180,53611,83651,35412,35341,78753,102402,52927,97162,5,8,4401,4675,10406,16983,11397,25919,13828,38530,17490,31677,11134,11194,20489,30154,19528,44724,596383,300963,47713,11611,261355,25,18,143,75
2021-03-16T23:59:59+01:00,25,22,17605,20438,35489,50481,37243,65057,41743,90506,51770,81663,33202,33322,74717,97437,52045,95848,5,6,4351,4623,10333,16853,11307,25766,13728,38292,17357,31434,10956,11011,19207,28629,18047,42396,583091,293161,43022,11176,252692,25,15,141,73
2021-03-15T23:59:59+01:00,25,22,17325,20074,34778,49499,36450,63865,40837,89026,50509,80061,31478,31488,71425,93343,51349,94717,5,6,4329,4588,10266,16730,11241,25566,13611,38004,17208,31162,10790,10852,18476,27663,16782,40533,571960,287333,39693,10527,244818,25,4,136,70
2021-03-14T23:59:59+01:00,25,21,17054,19647,33922,48290,35549,62548,39775,87198,49253,78332,30310,30248,69428,90781,50907,94040,5,6,4305,4569,10221,16652,11185,25424,13551,37782,17118,31000,10718,10766,18297,27383,16520,39971,564840,286137,37813,9396,234877,16,1,132,70
2021-03-13T23:59:59+01:00,25,21,16235,18584,32422,46248,33974,60410,37735,84118,47115,75772,28958,28891,67408,88155,50639,93651,5,6,4305,4568,10219,16646,11181,25415,13542,37774,17110,30991,10684,10735,17548,26496,15473,38517,548484,281880,37529,9395,224529,15,1,132,69
2021-03-12T23:59:59+01:00,24,20,15135,17207,29977,43595,31307,57267,34869,79265,43900,71306,26118,25701,63101,82854,49656,92250,5,5,4292,4535,10200,16584,11163,25362,13498,37655,17020,30861,10407,10507,16656,25248,14403,36989,520430,276068,36218,9383,207075,12,1,129,68
2021-03-11T23:59:59+01:00,23,20,14093,15744,27718,40899,28983,54084,32275,74874,40142,66415,22712,22225,57087,75540,47730,89424,5,5,4250,4494,10120,16465,11050,25135,13380,37345,16854,30555,10103,10294,16023,24403,13734,35711,488363,272056,34629,7940,187149,9,1,122,62
2021-03-10T23:59:59+01:00,23,20,13499,15044,26306,39283,27328,52261,30710,72552,37619,63289,19959,19668,51174,68409,46178,87093,5,5,4213,4450,10021,16298,10929,24884,13232,36925,16655,30182,9861,10109,15281,23630,13075,34685,461937,267316,32584,7196,176045,6,1,120,60
2021-03-09T23:59:59+01:00,22,19,13215,14578,25180,38242,25911,51076,29644,70898,36238,61456,18776,18545,47666,63962,45056,85304,5,5,4188,4424,9936,16131,10825,24624,13078,36608,16477,29945,9735,10005,14616,22791,12576,33910,448332,263597,30044,6358,167550,6,1,120,55
2021-03-08T23:59:59+01:00,21,19,12884,13967,24099,37129,24641,49939,28708,69417,34998,59835,17704,17662,43549,58983,43828,83318,5,5,4173,4388,9874,15933,10722,24360,12944,36250,16347,29680,9651,9921,14120,22185,12261,33467,432882,260400,28035,5965,159920,2,1,117,54
2021-03-07T23:59:59+01:00,21,19,12651,13672,23504,36276,23942,49063,28107,68547,34387,59074,17439,17409,42482,57531,43464,82758,5,5,4161,4375,9851,15891,10695,24286,12913,36080,16290,29566,9629,9892,13921,21930,12126,33263,428113,259337,26221,5622,156148,0,1,112,54
2021-03-06T23:59:59+01:00,20,19,12537,13380,23100,35540,23406,48271,27058,67014,33285,57310,17051,17079,41836,56640,43164,82290,5,5,4158,4361,9839,15864,10677,24252,12903,36039,16272,29535,9611,9852,13875,21892,12023,33052,424037,258959,26157,5338,148941,0,1,110,52
2021-03-05T23:59:59+01:00,20,19,12123,12777,22415,34336,22720,47041,26302,65381,32051,54891,16402,16244,38377,52341,41013,78853,5,5,4131,4314,9769,15764,10627,24104,12835,35844,16185,29330,9516,9782,13690,21681,11651,32439,408857,257265,24704,4490,139873,0,1,110,50
2021-03-04T23:59:59+01:00,18,19,11363,11764,21226,32609,21505,44991,24946,62727,30357,52538,15672,15525,34372,47177,37935,74170,5,5,4081,4223,9655,15471,10524,23746,12702,35309,16040,28928,9337,9627,13532,21471,11566,32293,390414,254202,22626,4396,126000,0,1,109,47
2021-03-03T23:59:59+01:00,16,19,11052,11267,20538,31391,20730,43627,24035,60976,29311,50898,15192,15020,31756,43856,34848,69400,5,5,4039,4159,9575,15300,10444,23493,12596,34888,15859,28580,9152,9500,13406,21251,11421,32022,374958,251550,21830,4230,117268,0,1,105,42
2021-03-02T23:59:59+01:00,16,19,10791,10839,19892,30418,20017,42609,23248,59587,28338,49621,14564,14369,29085,40493,30953,63184,5,5,3991,4087,9512,15133,10374,23228,12491,34456,15757,28271,9025,9397,13266,21061,11344,31876,356761,249137,20321,4226,111081,0,0,103,42
2021-03-01T23:59:59+01:00,14,18,10619,10579,19379,29613,19454,41726,22657,58516,27623,48497,14142,13914,27013,37909,26685,56287,5,5,3975,4037,9457,14978,10310,22929,12409,34081,15649,27948,8941,9335,13084,20792,11228,31693,339513,246712,19205,4226,106044,0,0,101,42
2021-02-28T23:59:59+01:00,13,18,10449,10377,18909,28963,18917,40986,22175,57660,27132,47701,13933,13671,26408,37252,26280,55684,5,5,3959,4023,9431,14945,10291,22877,12392,34011,15622,27901,8914,9311,12953,20613,11164,31544,337047,245856,18345,4189,101250,0,0,101,40
2021-02-27T23:59:59+01:00,13,17,10270,9862,18581,28099,18659,40197,21892,56677,26806,46914,13661,13370,25739,36451,25357,54267,5,5,3946,4011,9409,14924,10259,22830,12353,33929,15575,27827,8893,9295,12933,20590,11142,31524,333143,245494,17623,4040,96176,0,0,101,40
2021-02-26T23:59:59+01:00,12,16,9475,9079,17683,26661,17877,37992,20960,53829,25345,44096,13194,12970,24147,34461,23828,51959,5,5,3865,3942,9331,14764,10185,22574,12273,33563,15458,27533,8814,9215,12867,20523,11102,31454,324008,243592,17368,3966,82312,0,0,100,38
2021-02-25T23:59:59+01:00,12,16,8318,8227,16363,25054,16613,35741,19725,50946,23636,41315,12716,12569,22869,32871,22331,49676,5,5,3741,3796,9165,14447,9962,21969,12016,32707,15132,26878,8618,9064,12605,20198,10962,31185,316387,239435,16595,3105,66114,0,0,95,37
2021-02-24T23:59:59+01:00,11,15,7953,7703,15710,24022,15988,34507,19011,49435,22846,40116,12323,12233,21561,31376,20655,47049,4,5,3668,3728,9022,14156,9784,21513,11812,32078,14869,26344,8476,8925,12462,20025,10897,30973,308158,236654,15628,2171,58823,0,0,95,36
2021-02-23T23:59:59+01:00,11,15,7469,7225,14896,22846,15302,33291,18288,48027,22129,39046,12010,11908,20221,29803,19045,44498,4,5,3627,3653,8902,13952,9643,21115,11624,31498,14568,25841,8306,8781,12334,19814,10825,30736,300044,233807,14829,1505,51247,0,0,94,35
2021-02-22T23:59:59+01:00,10,13,7362,7020,14514,22230,14950,32566,17821,47018,21636,38313,11808,11658,19472,28792,17727,42543,4,5,3597,3551,8764,13661,9481,20613,11369,30753,14199,25242,8058,8586,12135,19559,10719,30426,294165,230486,14222,318,47152,0,0,91,35
2021-02-21T23:59:59+01:00,10,13,7272,6894,14189,21785,14531,31983,17406,46368,21198,37818,11702,11556,19309,28578,17479,42209,4,5,3557,3511,8680,13537,9401,20396,11297,30461,14076,24970,7998,8525,12077,19449,10648,30262,293015,228633,13852,301,43517,0,0,89,35
2021-02-20T23:59:59+01:00,10,13,7155,6844,14063,21705,14413,31847,17287,46217,21038,37634,11603,11472,18526,27660,16420,40739,4,5,3555,3505,8670,13529,9391,20375,11283,30436,14061,24959,7993,8516,12013,19385,10594,30194,288751,228249,13655,300,42322,0,0,88,34
2021-02-19T23:59:59+01:00,8,12,6853,6592,13710,21267,14042,31178,16814,45421,20332,36762,10998,11070,17479,26333,15264,39131,4,5,3475,3480,8595,13501,9348,20316,11245,30343,14002,24865,7951,8456,11793,19112,10402,29864,282369,226541,13278,298,37698,0,0,86,33
2021-02-18T23:59:59+01:00,8,12,6456,6119,13083,20123,13401,29806,15998,43552,19457,35182,10767,10853,16887,25580,14687,38247,4,5,3288,3343,8261,12962,9053,19564,10894,29299,13631,24036,7746,8147,11207,18160,9905,28710,278785,217999,12700,298,28811,0,0,83,32
2021-02-17T23:59:59+01:00,8,11,6290,5776,12638,19245,12909,28618,15298,41832,18810,33858,10537,10601,16131,24766,13911,37063,3,5,3038,3183,7920,12445,8753,18775,10527,28252,13245,23186,7512,7909,10652,17307,9469,27894,274126,209859,11968,294,22284,0,0,79,32
2021-02-16T23:59:59+01:00,8,11,5964,5474,12101,18412,12408,27549,14753,40457,18216,32826,10381,10498,15464,23937,13403,36280,3,5,2856,3063,7616,11991,8447,18051,10130,27161,12784,22286,7240,7613,9938,16133,8739,26342,270604,200340,11471,138,16146,0,0,74,29
2021-02-15T23:59:59+01:00,7,11,5857,5291,11804,17767,12141,26766,14404,39463,17868,32056,10252,10386,14906,23285,13044,35743,3,5,2767,2983,7423,11670,8230,17544,9828,26314,12432,21604,6970,7327,9241,15075,8227,25061,267504,192692,10868,92,12764,0,0,68,28
2021-02-14T23:59:59+01:00,7,11,5588,5176,11555,17496,11918,26333,14172,39015,17677,31778,10206,10334,14671,22945,12880,35350,3,5,2716,2945,7309,11503,8102,17337,9651,25981,12253,21301,6873,7202,9017,14692,8040,24525,266501,189446,9932,90,10765,0,0,66,26
2021-02-13T23:59:59+01:00,7,11,5528,5138,11504,17459,11887,26301,14143,38983,17657,31759,10192,10306,14644,22912,12866,35332,3,5,2712,2942,7304,11495,8090,17315,9634,25946,12225,21257,6841,7167,8861,14480,7687,23893,266254,187933,9928,8,10534,0,0,65,22
2021-02-12T23:59:59+01:00,7,10,5011,4821,10935,17096,11570,25750,13824,38343,17326,31120,10081,10199,14462,22699,12785,35224,3,5,2661,2909,7208,11337,7989,17083,9486,25554,12011,20810,6658,6932,8497,13919,7094,22549,264566,182784,9916,6,6867,0,0,64,21
2021-02-11T23:59:59+01:00,7,10,4549,4521,10349,16414,11157,24941,13346,37081,16838,30263,9766,9936,14182,22252,12504,34537,3,5,2492,2634,6610,10142,7299,15347,8623,22935,10954,18725,6004,6219,7447,12302,6276,20234,261334,164329,8272,3,3132,0,0,62,15
2021-02-10T23:59:59+01:00,7,10,4300,4354,10015,15966,10848,24403,13033,36198,16423,29513,9547,9798,14000,22046,12412,34330,3,5,2129,2341,5673,8676,6489,13301,7638,20025,9825,16682,5460,5631,6457,10638,5502,18181,258679,144735,7770,2,839,0,0,57,3
2021-02-09T23:59:59+01:00,7,9,4237,4256,9890,15698,10739,24000,12859,35579,16209,29041,9368,9657,13804,21833,12269,34107,3,5,1733,1988,4891,7407,5714,11501,6721,17507,8740,14684,4885,5002,5407,9076,4767,16061,256226,126162,6988,1,434,0,0,55,2
2021-02-08T23:59:59+01:00,7,9,4202,4202,9796,15488,10630,23639,12739,35121,16064,28682,9273,9590,13601,21548,12162,33910,3,5,1568,1791,4330,6412,5049,9924,5905,14978,7724,12825,4331,4471,4433,7482,4004,13973,253848,109272,6473,1,428,0,0,51,2
2021-02-07T23:59:59+01:00,7,9,4037,4135,9639,15353,10528,23474,12658,34859,15951,28489,9232,9544,13457,21367,12087,33766,3,5,1355,1545,3911,5738,4632,9045,5476,13815,7236,11862,4077,4211,4201,7086,3843,13373,252753,101476,5928,1,0,0,0,46,1
2021-02-06T23:59:59+01:00,7,9,4028,4126,9628,15337,10515,23439,12636,34809,15932,28432,9213,9531,13439,21332,11981,33570,3,5,1202,1350,3678,5434,4447,8620,5257,13231,6956,11305,3942,4076,4074,6937,3565,12918,252409,97059,5644,1,0,0,0,46,0
2021-02-05T23:59:59+01:00,7,8,3955,4057,9556,15194,10449,23189,12551,34443,15818,28149,9129,9458,13367,21260,11632,32975,3,4,1061,1119,3396,4988,4188,8036,4942,12453,6573,10577,3687,3831,3915,6705,3055,12027,250532,90616,4752,0,0,0,0,46,0
2021-02-04T23:59:59+01:00,7,8,3897,3932,9435,14878,10271,22640,12363,33648,15603,27585,9007,9347,13142,20965,11518,32768,3,2,798,786,2570,3737,3253,6291,3990,9907,5250,8359,3011,3117,3298,5720,2666,10533,246574,73333,4527,0,0,0,0,45,0
2021-02-03T23:59:59+01:00,7,8,3828,3859,9332,14657,10168,22303,12230,33139,15455,27169,8896,9232,13002,20789,11442,32602,3,2,662,617,1940,2819,2516,4857,3015,7609,4019,6302,2196,2242,2404,4231,1932,7885,243851,55282,4355,0,0,0,0,44,0
2021-02-02T23:59:59+01:00,7,8,3761,3763,9233,14461,10068,21924,12089,32575,15252,26719,8768,9116,12879,20581,11360,32337,2,2,526,487,1471,2085,1924,3653,2269,5788,3001,4715,1557,1543,1643,2788,1346,5243,240638,40064,4352,0,0,0,0,41,0
2021-02-01T23:59:59+01:00,6,8,3721,3672,9154,14230,9961,21539,11953,31940,15067,26216,8649,8969,12770,20436,11311,32159,1,0,392,353,1026,1437,1269,2438,1479,3791,1868,2989,989,983,973,1702,772,3031,237498,25505,4352,0,0,0,0,39,0
2021-01-31T23:59:59+01:00,6,8,3701,3636,9100,14121,9891,21333,11885,31643,14964,26020,8593,8910,12718,20323,11266,32030,1,0,362,332,902,1247,1079,2063,1277,3237,1634,2619,891,892,871,1518,701,2724,236000,22360,4236,0,0,0,0,38,0
2021-01-30T23:59:59+01:00,6,8,3700,3633,9090,14108,9877,21310,11872,31623,14952,26006,8589,8905,12649,20254,11200,31952,1,0,346,308,841,1163,1022,1939,1213,3047,1559,2483,863,866,852,1478,686,2671,235679,21347,4143,0,0,0,0,38,0
2021-01-29T23:59:59+01:00,6,8,3639,3616,9030,14079,9848,21258,11840,31547,14903,25939,8565,8882,12463,20031,11019,31708,1,0,279,225,720,989,877,1577,1058,2658,1347,2158,773,775,804,1424,668,2618,234455,18958,4014,0,0,0,0,37,0
2021-01-28T23:59:59+01:00,6,7,3521,3529,8827,13692,9628,20745,11608,30965,14576,25443,8428,8779,12030,19415,10664,31130,1,0,132,58,302,365,383,618,466,1156,614,970,406,428,471,822,383,1587,229673,9165,3410,0,0,0,0,35,0
2021-01-27T23:59:59+01:00,6,7,3288,3393,8534,13274,9328,20123,11225,30131,14190,24708,8212,8565,11480,18608,10241,30366,1,0,81,34,209,226,249,421,309,806,436,668,309,312,349,613,288,1165,222964,6478,2799,0,0,0,0,35,0
2021-01-26T23:59:59+01:00,5,7,3124,3295,8251,12934,9065,19554,10921,29377,13795,24074,7972,8341,10904,17693,9594,29217,1,0,75,30,194,216,233,387,293,753,405,608,294,286,322,549,261,1035,216254,5944,1956,0,0,0,0,31,0
2021-01-25T23:59:59+01:00,5,7,3036,3201,7968,12452,8775,18850,10535,28375,13315,23310,7690,8140,10287,16875,9138,28316,1,0,67,22,171,194,199,328,254,632,354,503,257,241,268,471,212,848,209948,5024,414,0,0,0,0,29,0
2021-01-24T23:59:59+01:00,5,7,2992,3180,7883,12372,8701,18724,10426,28215,13185,23127,7647,8103,10220,16762,9090,28221,1,0,66,21,167,190,196,314,251,610,345,489,248,237,266,464,208,833,208637,4908,310,0,0,0,0,28,0
2021-01-23T23:59:59+01:00,5,7,2991,3179,7881,12368,8696,18713,10424,28201,13179,23122,7639,8100,10095,16596,8761,27634,1,0,65,21,167,189,196,312,249,609,343,489,248,237,266,464,208,831,207375,4897,306,0,0,0,0,25,0
2021-01-22T23:59:59+01:00,5,7,2928,3133,7757,12254,8612,18570,10314,28028,13097,23007,7608,8064,9896,16293,8243,26610,1,0,65,20,166,189,196,312,249,609,342,489,248,237,266,464,208,831,204216,4894,304,0,0,0,0,21,0
2021-01-21T23:59:59+01:00,5,7,2843,2963,7259,11340,8129,17424,9777,26402,12491,21797,7324,7739,9263,15358,7729,25567,1,0,59,18,149,175,178,280,223,534,305,447,223,210,233,380,175,693,193204,4285,304,0,0,0,0,17,0
2021-01-20T23:59:59+01:00,5,7,2483,2619,6377,9929,7381,15466,8828,23574,11382,19724,6722,7089,8164,13590,6916,23346,1,0,57,18,147,170,175,278,214,520,292,425,211,203,227,355,161,655,173382,4111,300,0,0,0,0,16,0
2021-01-19T23:59:59+01:00,5,7,2044,2264,5475,8540,6517,13571,7807,20790,10112,17488,5971,6210,6790,11416,5896,20318,0,0,41,12,98,125,119,171,150,357,192,296,134,115,141,238,113,489,151073,2792,218,0,0,0,0,14,0
2021-01-18T23:59:59+01:00,4,7,1772,1975,4719,7157,5565,11337,6608,17198,8687,14774,5085,5332,5409,9165,4827,16845,0,0,22,7,39,47,54,79,66,163,76,147,60,54,66,131,61,221,126436,1294,94,0,0,0,0,14,0
2021-01-17T23:59:59+01:00,3,7,1497,1688,4206,6364,5057,10206,6072,15632,8046,13514,4748,4986,5035,8491,4500,15844,0,0,8,2,9,15,16,29,20,50,29,57,24,23,20,31,13,47,115864,393,89,0,0,0,0,13,0
2021-01-16T23:59:59+01:00,3,6,1331,1485,3989,6042,4877,9767,5812,14969,7717,12820,4556,4757,4820,8215,4147,15241,0,0,0,0,0,1,1,2,1,1,1,2,0,1,1,0,0,1,110598,12,9,0,0,0,0,13,0
2021-01-15T23:59:59+01:00,3,6,1181,1259,3733,5620,4622,9199,5522,14131,7312,12020,4265,4460,4630,7906,3610,14196,0,0,0,0,0,0,0,0,0,0,0,0,0,0,0,0,0,0,103720,0,4,0,0,0,0,13,0
2021-01-14T23:59:59+01:00,3,4,908,946,2986,4434,3755,7383,4578,11386,5917,9673,3464,3588,3888,6675,3128,12392,0,0,0,0,0,0,0,0,0,0,0,0,0,0,0,0,0,0,85144,0,0,0,0,0,0,13,0
2021-01-13T23:59:59+01:00,3,3,773,791,2512,3698,3171,6158,3808,9440,4824,7792,2594,2672,2930,5087,2395,9474,0,0,0,0,0,0,0,0,0,0,0,0,0,0,0,0,0,0,68154,0,0,0,0,0,0,12,0
2021-01-12T23:59:59+01:00,2,3,640,659,2102,3032,2613,5007,3048,7596,3803,6120,1863,1851,2004,3448,1697,6472,0,0,0,0,0,0,0,0,0,0,0,0,0,0,0,0,0,0,51995,0,0,0,0,0,0,0,0
2021-01-11T23:59:59+01:00,1,1,496,524,1751,2456,2094,4004,2361,5774,2829,4443,1201,1144,1203,2036,938,3690,0,0,0,0,0,0,0,0,0,0,0,0,0,0,0,0,0,0,36971,0,0,0,0,0,0,0,0
2021-01-10T23:59:59+01:00,1,1,439,455,1489,2029,1752,3277,1951,4789,2351,3724,1060,1018,1059,1788,837,3237,0,0,0,0,0,0,0,0,0,0,0,0,0,0,0,0,0,0,31273,0,0,0,0,0,0,0,0
2021-01-09T23:59:59+01:00,1,1,408,410,1364,1852,1606,2986,1798,4341,2166,3394,988,949,1004,1735,819,3194,0,0,0,0,0,0,0,0,0,0,0,0,0,0,0,0,0,0,29030,0,0,0,0,0,0,0,0
2021-01-08T23:59:59+01:00,1,1,311,281,1114,1507,1326,2315,1477,3560,1795,2776,852,841,916,1611,771,3037,0,0,0,0,0,0,0,0,0,0,0,0,0,0,0,0,0,0,24503,0,0,0,0,0,0,0,0
2021-01-07T23:59:59+01:00,1,0,146,76,405,510,488,798,597,1375,784,1211,466,486,565,972,468,1917,0,0,0,0,0,0,0,0,0,0,0,0,0,0,0,0,0,0,11268,0,0,0,0,0,0,0,0
2021-01-06T23:59:59+01:00,1,0,112,44,276,289,314,522,402,933,535,832,360,364,427,754,361,1450,0,0,0,0,0,0,0,0,0,0,0,0,0,0,0,0,0,0,7979,0,0,0,0,0,0,0,0
2021-01-05T23:59:59+01:00,1,0,87,32,196,234,247,434,324,823,451,710,344,348,410,722,354,1396,0,0,0,0,0,0,0,0,0,0,0,0,0,0,0,0,0,0,7116,0,0,0,0,0,0,0,0
2021-01-04T23:59:59+01:00,1,0,69,26,177,196,205,340,260,639,357,520,269,255,291,525,237,940,0,0,0,0,0,0,0,0,0,0,0,0,0,0,0,0,0,0,5309,0,0,0,0,0,0,0,0
2021-01-03T23:59:59+01:00,1,0,67,22,170,191,200,324,258,622,348,503,261,253,287,512,235,923,0,0,0,0,0,0,0,0,0,0,0,0,0,0,0,0,0,0,5179,0,0,0,0,0,0,0,0
2021-01-02T23:59:59+01:00,1,0,67,22,170,191,200,323,254,622,345,503,261,253,287,512,235,922,0,0,0,0,0,0,0,0,0,0,0,0,0,0,0,0,0,0,5170,0,0,0,0,0,0,0,0
2021-01-01T23:59:59+01:00,1,0,66,21,169,191,200,321,253,622,342,501,261,253,287,510,235,922,0,0,0,0,0,0,0,0,0,0,0,0,0,0,0,0,0,0,5157,0,0,0,0,0,0,0,0
2020-12-31T23:59:59+01:00,1,0,66,21,168,189,200,320,251,621,341,500,261,253,287,510,235,922,0,0,0,0,0,0,0,0,0,0,0,0,0,0,0,0,0,0,5148,0,0,0,0,0,0,0,0
2020-12-30T23:59:59+01:00,1,0,65,21,167,188,198,317,250,619,340,498,261,253,287,510,234,922,0,0,0,0,0,0,0,0,0,0,0,0,0,0,0,0,0,0,5133,0,0,0,0,0,0,0,0
2020-12-29T23:59:59+01:00,1,0,46,13,119,141,148,213,182,445,239,383,179,165,199,381,173,720,0,0,0,0,0,0,0,0,0,0,0,0,0,0,0,0,0,0,3748,0,0,0,0,0,0,0,0
2020-12-28T23:59:59+01:00,1,0,25,9,66,78,82,123,101,253,118,234,98,93,104,200,102,388,0,0,0,0,0,0,0,0,0,0,0,0,0,0,0,0,0,0,2076,0,0,0,0,0,0,0,0
2020-12-27T23:59:59+01:00,0,0,12,3,18,26,37,47,36,89,37,96,33,29,41,73,31,145,0,0,0,0,0,0,0,0,0,0,0,0,0,0,0,0,0,0,753,0,0,0,0,0,0,0,0
