Datum,<24_1_m,<24_1_w,25-34_1_m,25-34_1_w,35-44_1_m,35-44_1_w,45-54_1_m,45-54_1_w,55-64_1_m,55-64_1_w,65-74_1_m,65-74_1_w,75-84_1_m,75-84_1_w,>84_1_m,>84_1_w,<24_2_m,<24_2_w,25-34_2_m,25-34_2_w,35-44_2_m,35-44_2_w,45-54_2_m,45-54_2_w,55-64_2_m,55-64_2_w,65-74_2_m,65-74_2_w,75-84_2_m,75-84_2_w,>84_2_m,>84_2_w,bp_1,bp_2,mo_1,mo_2,az_1,az_2,ja
2021-05-22T23:59:59+02:00,70094,71702,131472,137576,159140,183879,258458,292233,361135,379148,295091,333306,213501,276919,56137,106448,22017,21815,36368,44541,40098,62841,54319,89477,76279,90905,107111,120158,151842,197759,48986,92562,2231810,970204,305451,151926,766203,112031,23009
2021-05-21T23:59:59+02:00,68700,70141,128738,135133,156051,180753,253315,287517,356011,374152,294377,332445,213252,276571,56092,106368,21637,21399,35816,43822,39508,61827,53391,88081,74633,88699,104534,117079,151102,196807,48914,92428,2197291,959556,303970,151621,765788,105791,22801
2021-05-20T23:59:59+02:00,65400,67102,123251,130420,149070,174507,244112,279463,348000,366703,292297,330186,212625,275738,55997,106191,20365,20372,33840,41916,37365,59214,50658,84555,70980,84641,101002,113109,148986,194231,48780,92157,2141556,942027,299385,149864,760142,90159,20213
2021-05-19T23:59:59+02:00,62957,64708,118349,125839,141512,167761,234430,270659,338075,356460,290416,328091,212012,274866,55874,105960,19783,19640,32746,40581,36090,57394,48717,81985,67877,81291,97396,108941,145679,189876,48567,91755,2079040,919562,293401,148146,757346,82286,18416
2021-05-18T23:59:59+02:00,60591,62497,113618,121632,134963,162016,223149,260446,328937,347303,288186,325560,211258,273818,55747,105759,19225,18930,31620,39197,34827,55677,46917,79623,64895,78023,93798,104792,142795,186225,48395,91386,2020755,900261,284371,145329,753990,74229,16598
2021-05-17T23:59:59+02:00,59364,61352,111290,119598,132148,159273,216522,254314,321823,340665,286651,323843,210755,273085,55668,105596,18709,18392,30624,38221,33699,54435,45445,77865,62703,75637,89044,99037,141665,184720,48269,91136,1994515,889259,272333,137943,750760,67918,14573
2021-05-16T23:59:59+02:00,58512,60601,109870,118295,130406,157596,213441,251560,314615,333861,285832,322892,210482,272655,55622,105519,18369,17973,29901,37456,32863,53540,44361,76548,61423,74206,85640,94987,141070,183890,48202,91022,1979524,883409,261999,131275,747611,64000,12859
2021-05-15T23:59:59+02:00,57911,59905,108878,117327,129386,156435,211309,249477,311319,330895,285292,322281,210309,272407,55608,105465,18211,17790,29648,37150,32591,53107,43866,75881,60611,73279,84997,94137,140654,183323,48173,90986,1963533,878292,261987,131135,746755,62906,12163
2021-05-14T23:59:59+02:00,56465,58289,106563,115213,125729,152868,202777,242167,305759,325650,284501,321319,210059,272027,55567,105391,17652,17316,28887,36333,31854,51903,42763,74049,59032,71391,83238,91733,140142,182530,48144,90916,1926825,868922,260339,130289,742246,57597,11167
2021-05-13T23:59:59+02:00,54238,56045,102774,112048,120980,148725,192316,233192,295782,316270,282035,318440,209374,271044,55488,105220,16680,16818,28103,35661,31112,51010,41843,73007,57475,69721,79077,86918,138050,179756,48053,90732,1876037,856705,251881,123363,736108,53863,10177
2021-05-12T23:59:59+02:00,53210,55208,100903,110680,118987,147124,189838,231097,290874,310643,281336,317696,209163,270763,55457,105146,16495,16659,27813,35446,30746,50726,41436,72639,56917,69123,77777,85292,137398,178823,47978,90597,1853509,851243,249741,121642,735634,53599,9473
2021-05-11T23:59:59+02:00,50690,53529,96778,107516,113216,142333,175900,219405,280093,300415,278510,314377,208362,269548,55339,104898,15991,15962,26817,34029,29656,48952,40132,70329,55151,66916,74797,81773,136240,177246,47858,90289,1795648,839289,240155,119008,727292,45887,8046
2021-05-10T23:59:59+02:00,49257,52416,94198,105494,110044,139733,167083,212015,272893,293739,276654,312261,207856,268770,55237,104697,15619,15443,26115,33096,28935,47723,39157,68436,53902,65258,72790,79265,135247,175919,47758,90048,1760728,830640,234171,117999,720452,38936,7228
2021-05-09T23:59:59+02:00,47934,51495,91558,103796,107400,137991,161916,208443,267630,288932,275713,311184,207521,268300,55184,104567,15246,15171,25447,32446,28235,46923,38404,67500,52919,64329,71642,77884,134743,175206,47713,89942,1741812,826217,227135,117047,714597,34327,6251
2021-05-08T23:59:59+02:00,47584,51142,90693,103082,106362,137134,160393,207180,265259,286984,275280,310724,207415,268139,55172,104540,15130,15102,25327,32357,28089,46801,38211,67291,52510,63976,70634,76855,133843,174041,47674,89863,1730057,821683,226634,116311,714378,33557,6245
2021-05-07T23:59:59+02:00,46535,50313,88731,101759,103501,134843,155366,203083,259662,281871,274160,309375,207135,267732,55126,104444,14303,14533,24533,31640,27362,45725,37316,66007,51269,62422,68268,74066,132013,171679,47601,89729,1704799,812332,223484,114095,710270,26818,5313
2021-05-06T23:59:59+02:00,43669,48345,83924,98251,97512,130078,143928,193546,244690,268278,269870,304513,206067,266291,54983,104192,13528,13926,23627,30565,26385,44343,35934,64031,49505,60427,65732,70843,130258,169384,47509,89534,1640407,801576,213750,111038,699804,18603,4406
2021-05-05T23:59:59+02:00,41586,46966,80212,95647,92901,126344,135165,186175,230686,254620,264607,298288,204728,264599,54790,103752,13259,13588,23124,29869,25789,43410,35007,62619,48346,59001,62948,67530,127772,166216,47430,89336,1575271,789726,208736,107536,693932,14720,3354
2021-05-04T23:59:59+02:00,40318,45674,77483,93362,89403,123276,129183,180969,220052,244122,260090,292887,203509,263036,54620,103357,13072,13348,22741,29332,25332,42648,34278,61494,47179,57654,60144,64262,125783,163735,47316,89145,1527218,778260,203663,104946,687962,11625,2724
2021-05-03T23:59:59+02:00,39306,44470,75129,91516,86552,120942,124406,177042,213623,238142,257304,289561,202836,262090,54522,103103,12799,13034,22350,28768,24857,41926,33597,60514,46087,56457,56980,60319,122599,159654,47109,88779,1495975,762684,200575,103257,683125,8886,1094
2021-05-02T23:59:59+02:00,38906,44083,73921,90659,85103,119880,121819,175065,210789,235804,256525,288643,202594,261727,54463,103007,12719,12959,22163,28555,24630,41625,33262,60116,45602,55921,55216,58291,120250,156713,47037,88671,1485823,757787,197825,97789,679328,8010,236
2021-05-01T23:59:59+02:00,38531,43663,73134,89837,84019,118839,120326,173653,207763,232805,255944,287935,202418,261475,54454,102978,12701,12943,22115,28527,24575,41587,33195,60060,45520,55837,54964,57978,120116,156555,47029,88656,1470887,756500,197823,97752,679055,7966,232
2021-04-30T23:59:59+02:00,37892,42953,71923,88605,82543,117130,115879,169586,200965,226002,254300,285967,202027,260955,54405,102888,12338,12729,21792,28253,24310,41156,32884,59485,45040,55231,53995,56715,119310,155551,46988,88560,1438403,752919,197501,95779,678265,5658,73
2021-04-29T23:59:59+02:00,36187,41863,68974,86599,78992,114520,110361,165145,187693,213614,247701,278362,201075,259581,54298,102591,12006,12478,21321,27817,23901,40646,32291,58748,44220,54274,52038,54362,117738,153642,46904,88392,1384357,744291,190330,93134,673035,3391,54
2021-04-28T23:59:59+02:00,34798,41168,67101,85267,76496,112682,106815,162158,177423,203613,237874,266888,199983,258147,54139,102324,11808,12292,21021,27471,23557,40184,31868,58083,43447,53414,49746,51519,115506,150840,46804,88209,1332310,734998,187008,88653,667746,2178,31
2021-04-27T23:59:59+02:00,33919,40364,65525,83804,74545,110921,103983,159713,172659,198643,229791,257563,199080,256821,54040,102143,11674,12162,20739,27187,23339,39857,31485,57577,42727,52658,47524,48727,113203,147818,46712,88049,1299032,725329,184736,84695,659933,1474,31
2021-04-26T23:59:59+02:00,33407,39912,64429,82936,73065,109761,101509,157882,163665,190027,226350,253544,198519,255999,53967,101968,11572,12066,20543,27014,23110,39648,31184,57242,42061,52012,45576,46368,111613,145710,46635,87926,1270523,717554,183310,81693,653296,1095,29
2021-04-25T23:59:59+02:00,33103,39633,63637,82417,71991,109019,99715,156627,157093,183659,223529,250298,197997,255328,53913,101862,11511,12027,20471,26947,23027,39563,31079,57124,41896,51843,45108,45798,111026,144908,46612,87865,1258026,715936,177200,79964,644784,968,28
2021-04-24T23:59:59+02:00,32687,39113,62692,81199,70821,107566,98112,154947,151815,178074,221305,247577,197615,254768,53883,101821,11497,12010,20426,26904,22978,39501,30990,57038,41741,51687,44856,45487,110809,144653,46595,87839,1233482,714879,177179,79272,643523,924,27
2021-04-23T23:59:59+02:00,31811,38378,61117,79681,69063,105517,95373,152247,146872,173349,217314,242657,197034,253933,53837,101722,11444,11947,20309,26821,22843,39347,30754,56827,41377,51341,44180,44667,109826,143445,46471,87627,1208992,711573,176015,76845,635085,873,26
2021-04-22T23:59:59+02:00,31082,37665,59547,78217,66561,103250,90733,148385,138876,165536,208955,232424,195354,251745,53667,101389,11300,11818,20074,26544,22497,38921,30242,56318,40614,50701,42954,43268,107977,141122,46300,87317,1168095,704233,168660,73037,626816,762,26
2021-04-21T23:59:59+02:00,30517,37084,58174,77071,64671,101640,87557,145591,131162,157960,196659,217945,193603,249355,53475,101024,11165,11717,19843,26306,22220,38597,29882,55875,40069,50177,42020,42149,105915,138461,46107,86982,1117349,697839,165797,69010,620526,700,26
2021-04-20T23:59:59+02:00,30016,36535,56994,75928,62995,100018,84879,142922,125676,152324,185751,205053,191608,246797,53284,100664,11055,11624,19625,26110,21936,38326,29463,55448,39550,49675,41141,41070,103775,135626,45849,86543,1075461,690471,162347,65785,613819,625,25
2021-04-19T23:59:59+02:00,29614,36124,56015,75112,61700,98828,82652,140891,121970,148696,180304,198477,190170,244916,53131,100384,10921,11518,19413,25895,21693,38055,29139,55048,39052,49155,40262,40055,100799,131773,45536,85962,1051273,680336,160535,63416,607358,589,25
2021-04-18T23:59:59+02:00,29259,35826,55232,74563,60549,97861,80657,139413,118513,146105,175526,193233,189323,243848,53044,100222,10837,11430,19221,25724,21524,37892,28928,54773,38806,48917,39886,39614,99624,130272,45394,85731,1037469,676557,158968,61503,596919,578,25
2021-04-17T23:59:59+02:00,29133,35731,54829,74353,60052,97509,79978,138787,117447,145068,171550,188630,188872,243261,53018,100167,10781,11354,19087,25538,21328,37669,28694,54482,38550,48671,39575,39259,98900,129393,45346,85665,1026731,672607,158946,61190,592890,560,25
2021-04-16T23:59:59+02:00,28695,35428,53820,73732,58783,96617,78273,137382,113046,140581,164349,180231,187502,241431,52933,100007,10549,11150,18691,25132,20766,37098,27530,53537,36488,47052,36337,36359,96009,126134,45025,85129,1001299,658083,158190,54432,583503,535,25
2021-04-15T23:59:59+02:00,28142,34902,52525,72528,56776,94839,74849,134371,107223,134846,156715,171420,183537,236361,52692,99486,10357,10954,18316,24693,20274,36464,26811,52706,35074,45799,34186,34271,93093,122545,44626,84439,969409,645290,156144,48901,565839,481,25
2021-04-14T23:59:59+02:00,27740,34511,51615,71604,55413,93436,72416,132143,102851,130660,147581,160974,176633,227458,52418,98934,9900,10642,17865,24192,19743,35833,25848,51791,33818,44692,32012,31967,90358,119128,44239,83745,932052,630737,153470,44716,551045,385,24
2021-04-13T23:59:59+02:00,27460,34252,50905,71047,54495,92612,70667,130649,98460,126496,136085,148012,171070,220148,52143,98445,9637,10439,17524,23775,19326,35302,25160,50988,32761,43685,30615,30569,88381,116928,43968,83303,899299,621816,148992,40346,534835,264,24
2021-04-12T23:59:59+02:00,27220,34022,50342,70529,53640,91876,69129,129282,95531,123789,128828,139781,168632,217096,51917,98026,9375,10221,17169,23482,18962,34855,24678,50461,32055,43046,29056,28980,86826,115066,43710,82876,883100,613516,147475,37111,519244,254,24
2021-04-11T23:59:59+02:00,27002,33840,49827,70116,52916,91409,67935,128437,93443,122037,122534,132886,165982,213855,51785,97779,9224,10071,16865,23202,18662,34553,24303,50078,31638,42683,28382,28276,85860,113873,43541,82611,875759,608303,143110,35340,503094,242,23
2021-04-10T23:59:59+02:00,26923,33771,49673,69992,52709,91255,67602,128156,92862,121507,120033,129852,165089,212652,51748,97689,8552,9390,15969,22445,17722,33696,23145,49026,30597,41742,27704,27549,83835,111315,43316,82229,868827,593081,142265,34975,500600,238,23
2021-04-09T23:59:59+02:00,26632,33485,49198,69512,52056,90563,66542,126966,90797,119254,110972,118556,162426,209158,51585,97402,7465,8385,14438,21086,15978,32133,20918,47016,28559,39829,25870,25694,80478,107230,42888,81550,849615,565873,135252,33483,490417,224,21
2021-04-08T23:59:59+02:00,26307,33212,48605,69011,51316,89851,65158,125841,88155,116719,100438,106258,157643,203214,51322,96922,6716,7720,13255,20045,14710,30777,19216,45266,26053,37478,22906,22680,75939,101621,42002,80133,831157,534818,126412,31565,472587,198,17
2021-04-07T23:59:59+02:00,25935,32948,47801,68569,50410,89236,63649,124770,84603,113808,91216,95774,151524,195471,51077,96442,6294,7348,12577,19353,13883,29952,18153,44163,24053,35489,20370,20155,72119,96922,41214,78823,811009,511660,120851,29106,451555,166,16
2021-04-06T23:59:59+02:00,25681,32760,47297,68192,49846,88711,62528,123951,82248,111724,82968,86333,146148,188667,50808,95909,6078,7169,12223,19002,13546,29508,17590,43586,23173,34711,19247,19066,68932,92769,40493,77714,791939,498512,117661,26204,434352,155,16
2021-04-05T23:59:59+02:00,25563,32618,46990,67840,49461,88302,61944,123228,80885,110396,77979,80620,141982,183461,50633,95643,5926,7011,11947,18752,13262,29199,17266,43217,22740,34265,18771,18562,65967,89094,40002,76919,782584,489339,115872,23473,419268,152,15
2021-04-04T23:59:59+02:00,25514,32550,46862,67562,49287,87987,61672,122715,80320,109738,76537,78862,141379,182623,50605,95576,5923,7002,11934,18745,13251,29184,17251,43198,22602,34176,18384,18212,64491,87199,39869,76716,780078,484584,115775,23473,414115,144,15
2021-04-03T23:59:59+02:00,25442,32464,46740,67449,49130,87812,61321,122372,79768,109136,75067,77101,140430,181286,50537,95454,5915,6993,11918,18729,13229,29161,17212,43153,22498,34094,18240,18065,64134,86626,39807,76605,773760,482827,115737,23473,412192,144,14
2021-04-02T23:59:59+02:00,25357,32372,46578,67286,48897,87550,60812,121898,78875,108274,73331,74944,138413,178640,50383,95168,5893,6954,11874,18688,13176,29081,17116,42972,22222,33632,17862,17709,61684,83598,39175,75712,764706,474431,113967,22839,410285,144,13
2021-04-01T23:59:59+02:00,25122,32110,46154,66780,48252,86795,59924,120944,76956,106585,69358,70596,135175,174486,50137,94715,5717,6769,11620,18451,12953,28858,16794,42657,21713,33178,17013,16920,56703,77280,37841,73707,753123,456640,107940,21473,403205,129,11
2021-03-31T23:59:59+02:00,24769,31849,45743,66265,47776,86153,59178,119945,75779,105351,67036,67892,130811,168850,49805,94114,5633,6712,11516,18327,12804,28712,16534,42358,21094,32656,15837,16002,51408,70627,36750,72137,743473,438517,100866,20533,397156,126,10
2021-03-30T23:59:59+02:00,24577,31582,45338,65639,47281,85347,58445,118856,74637,103989,64927,65572,126768,163439,49434,93360,5563,6618,11411,18206,12606,28530,16195,42024,20520,32095,14982,15190,48589,67079,35864,70625,733357,426870,96677,19200,389337,98,7
2021-03-29T23:59:59+02:00,24349,31295,44880,65094,46812,84646,57695,117736,73372,102553,61914,62036,120671,155617,48816,92206,5467,6546,11317,18100,12446,28366,15951,41688,20052,31628,14329,14639,45852,63843,35009,69148,713001,415797,93289,18574,383582,81,7
2021-03-28T23:59:59+02:00,24102,30949,44386,64410,46308,83911,57007,116731,72439,101443,59990,59843,116680,150446,48456,91583,5408,6478,11172,17956,12194,28060,15782,41467,19885,31401,14087,14404,44726,62342,34755,68745,706545,411563,86018,17306,376301,64,7
2021-03-27T23:59:59+01:00,23965,30757,44100,64046,45929,83372,56500,116042,71710,100696,58887,58756,115298,148849,48407,91521,5395,6466,11142,17935,12175,28030,15375,40977,19517,31010,13807,14207,44134,61467,34408,68137,701339,407547,85322,16655,372353,51,7
2021-03-26T23:59:59+01:00,23672,30089,43261,62377,44979,81302,55111,112862,69701,97365,56746,56769,112817,145829,48152,91103,5375,6428,11120,17885,12105,27938,15292,40870,19153,30380,13329,13593,40619,57013,32892,65591,690063,393166,82029,16440,360219,48,7
2021-03-25T23:59:59+01:00,23219,29272,42363,60586,43906,78719,53540,109258,67358,93840,54060,54072,109766,142072,47703,90298,5324,6367,11027,17777,11985,27800,15113,40638,18863,30071,12827,13073,36212,51147,30657,62140,678727,375200,77861,15848,343620,44,6
2021-03-24T23:59:59+01:00,22747,28730,41608,59321,42910,77192,52082,107301,65294,91582,51161,51046,105801,137215,47187,89401,5262,6296,10930,17635,11817,27598,14875,40331,18502,29672,12371,12610,33113,47143,28181,58228,666033,359847,73010,14751,331713,41,2
2021-03-23T23:59:59+01:00,22472,28349,41028,58430,42220,76094,51016,105753,63639,89754,48848,48598,103170,134232,46756,88695,5198,6222,10832,17503,11669,27417,14619,40013,18091,29268,11858,12131,30178,43270,25162,53277,658075,342579,69713,14164,321443,40,1
2021-03-22T23:59:59+01:00,22188,27868,40410,57553,41571,75057,50064,104325,62178,88153,46989,46699,100924,131610,46389,88053,5126,6168,10757,17378,11537,27253,14456,39780,17848,28951,11556,11764,27814,40170,21843,47781,651879,326603,66920,13616,311408,38,1
2021-03-21T23:59:59+01:00,22024,27538,39910,56799,41041,74201,49404,103166,61236,86975,45911,45642,99367,129827,46089,87564,5111,6159,10722,17328,11489,27165,14399,39689,17764,28848,11433,11642,27358,39669,21544,47297,649332,324450,64902,13204,302632,38,1
2021-03-20T23:59:59+01:00,21954,27355,39699,56281,40800,73671,49086,102500,60785,86399,45197,44824,96865,126670,45845,87135,5103,6152,10711,17318,11462,27148,14354,39650,17670,28764,11273,11480,26637,38804,20891,46325,642908,320764,64460,13015,297869,38,1
2021-03-19T23:59:59+01:00,21530,26627,38538,54211,39532,71685,47249,100356,57820,83628,40726,40926,91983,121143,45291,86250,5082,6139,10680,17259,11398,27043,14266,39477,17420,28463,10936,11213,24679,36376,19543,44185,625273,311545,57279,12653,285111,36,1
2021-03-18T23:59:59+01:00,21071,25802,37293,52059,37999,68776,44978,95703,53971,78167,36713,37104,87467,115851,44427,84875,5056,6102,10614,17158,11318,26891,14116,39283,17202,28279,10696,11029,23172,34450,18143,42043,608496,303548,51552,12046,262374,32,1
2021-03-17T23:59:59+01:00,20596,25388,36574,51128,37224,67820,43852,94258,52154,76378,33900,34136,83679,111190,43644,83656,5027,6072,10555,17062,11248,26755,13998,39096,16986,28089,10477,10808,21719,32735,16833,40013,591961,296173,47189,11343,256591,29,1
2021-03-16T23:59:59+01:00,20188,24893,35809,50058,36428,66605,42671,92570,50307,74431,31682,32046,79845,106401,42927,82565,4972,6014,10484,16933,11157,26598,13901,38857,16843,27862,10311,10628,20222,30931,15608,38024,578969,288477,42510,10911,248107,28,1
2021-03-15T23:59:59+01:00,19864,24451,35089,49085,35651,65367,41738,91087,49039,72879,29938,30154,76612,102358,42393,81621,4948,5970,10423,16808,11089,26398,13784,38565,16696,27598,10143,10470,19310,29734,14575,36431,567939,282723,39194,10266,240351,25,0
2021-03-14T23:59:59+01:00,19553,23924,34196,47885,34789,64057,40646,89206,47849,71270,28752,28914,74661,99833,42046,81068,4923,5947,10372,16726,11032,26248,13728,38338,16605,27456,10068,10385,19127,29431,14329,35904,560867,281541,37331,9133,230607,17,0
2021-03-13T23:59:59+01:00,18641,22805,32748,46050,33307,62094,38601,86263,45881,69065,27497,27617,72684,97251,41868,80794,4923,5947,10370,16721,11028,26242,13723,38332,16600,27448,10021,10344,18258,28355,13428,34657,544571,277319,37049,9132,221695,17,0
2021-03-12T23:59:59+01:00,17358,21198,30252,43397,30715,58871,35630,81217,42776,64909,24700,24484,68418,91946,41134,79699,4912,5911,10351,16661,11009,26186,13679,38217,16502,27295,9752,10145,17216,26898,12545,33375,516680,271584,35740,9122,204430,16,0
2021-03-11T23:59:59+01:00,16162,19469,28014,40789,28453,55632,32942,76732,39079,60241,21327,21000,62423,84545,39613,77406,4865,5866,10274,16544,10898,25945,13556,37900,16328,27018,9458,9928,16542,25996,11949,32197,484819,267629,34155,7690,184991,13,0
2021-03-10T23:59:59+01:00,15484,18624,26540,39180,26862,53803,31342,74311,36469,57174,18638,18485,56462,77227,38412,75555,4822,5808,10179,16376,10787,25687,13406,37482,16125,26688,9231,9744,15718,25112,11398,31300,458551,262928,32120,6991,174033,12,0
2021-03-09T23:59:59+01:00,15155,18061,25348,38154,25526,52593,30261,72611,35095,55429,17478,17403,52895,72643,37511,74049,4791,5770,10096,16200,10677,25431,13243,37163,15969,26474,9104,9639,14996,24195,10984,30630,445071,259260,29606,6159,165662,11,0
2021-03-08T23:59:59+01:00,14771,17365,24200,37085,24338,51437,29322,71097,33882,53887,16410,16560,48654,67394,36548,72451,4775,5717,10030,16000,10573,25174,13104,36804,15851,26243,9034,9550,14445,23538,10734,30259,429680,256125,27659,5770,158187,4,0
2021-03-07T23:59:59+01:00,14513,17007,23598,36249,23638,50559,28749,70226,33329,53219,16156,16319,47517,65851,36284,72019,4761,5702,10010,15959,10546,25086,13071,36632,15795,26151,9014,9516,14230,23258,10622,30093,424962,255081,25852,5432,154542,0,0
2021-03-06T23:59:59+01:00,14377,16641,23167,35537,23119,49741,27639,68604,32268,51576,15850,16083,46804,64836,36076,71696,4757,5682,9998,15938,10531,25052,13061,36590,15777,26120,8994,9479,14183,23217,10524,29889,420919,254708,25789,5151,147428,0,0
2021-03-05T23:59:59+01:00,13912,15930,22479,34386,22458,48471,26860,66934,31046,49241,15228,15330,42889,59896,34467,68959,4727,5621,9928,15840,10476,24904,12994,36394,15695,25919,8901,9424,13992,22997,10179,29304,405777,253044,24344,4318,138482,0,0
2021-03-04T23:59:59+01:00,13071,14757,21281,32693,21283,46406,25461,64179,29429,47164,14515,14615,38261,53797,32160,65367,4676,5517,9819,15547,10383,24540,12865,35874,15558,25572,8755,9294,13838,22789,10113,29174,387474,250152,22274,4228,124807,0,0
2021-03-03T23:59:59+01:00,12717,14178,20590,31500,20528,45039,24539,62435,28457,45671,14050,14142,35124,49671,29693,61496,4632,5442,9736,15368,10303,24289,12758,35441,15367,25264,8603,9175,13704,22561,9982,28924,372137,247548,21507,4067,116298,0,0
2021-03-02T23:59:59+01:00,12426,13675,19949,30550,19819,44015,23747,61036,27533,44473,13427,13536,31913,45478,26463,56239,4578,5360,9674,15205,10237,24013,12659,35016,15265,24984,8485,9080,13561,22368,9918,28796,354123,245197,20057,4066,110208,0,0
2021-03-01T23:59:59+01:00,12217,13337,19442,29736,19271,43169,23158,59953,26855,43401,13022,13101,29265,42092,22866,50273,4555,5299,9624,15044,10170,23720,12579,34612,15168,24720,8408,9025,13364,22071,9827,28650,337045,242834,18998,4066,105223,0,0
2021-02-28T23:59:59+01:00,12018,13098,18960,29089,18770,42399,22668,59111,26387,42655,12824,12895,28638,41379,22523,49756,4536,5284,9604,15012,10149,23668,12562,34546,15142,24685,8385,9002,13223,21867,9778,28532,334646,242007,18141,4032,100489,0,0
2021-02-27T23:59:59+01:00,11796,12452,18644,28287,18516,41628,22381,58091,26061,41930,12559,12612,27855,40433,21744,48507,4525,5271,9580,14993,10117,23607,12523,34472,15103,24619,8367,8986,13211,21852,9777,28528,330748,241663,17421,3932,95431,0,0
2021-02-26T23:59:59+01:00,10891,11523,17781,26831,17741,39349,21440,55174,24594,39351,12195,12324,25998,38100,20527,46582,4434,5186,9505,14839,10047,23337,12438,34098,14986,24365,8292,8915,13145,21772,9743,28473,321667,239779,17168,3859,81668,0,0
2021-02-25T23:59:59+01:00,9612,10515,16468,25218,16496,37039,20155,52163,22953,36827,11802,12037,24496,36159,19302,44691,4306,5022,9344,14527,9846,22703,12181,33246,14681,23800,8117,8774,12882,21431,9626,28252,314072,235776,16399,3025,65562,0,0
2021-02-24T23:59:59+01:00,9173,9894,15835,24179,15883,35771,19412,50612,22185,35779,11447,11724,22985,34331,17903,42468,4224,4924,9206,14250,9670,22237,11990,32620,14425,23312,7990,8646,12747,21257,9569,28061,305952,233071,15439,2118,58288,0,0
2021-02-23T23:59:59+01:00,8613,9303,15030,23023,15227,34519,18660,49198,21499,34829,11182,11425,21394,32430,16574,40279,4181,4838,9078,14024,9532,21817,11798,32049,14118,22866,7845,8506,12629,21046,9508,27845,297882,230276,14641,1465,50758,0,0
2021-02-22T23:59:59+01:00,8475,9044,14645,22406,14873,33792,18187,48157,21030,34172,11004,11186,20449,31169,15486,38613,4147,4713,8931,13720,9361,21290,11531,31305,13741,22324,7634,8327,12432,20795,9421,27560,292060,226998,14032,294,46691,0,0
2021-02-21T23:59:59+01:00,8368,8868,14307,21967,14461,33211,17763,47471,20619,33749,10904,11096,20281,30943,15259,38301,4099,4659,8852,13589,9284,21071,11459,31011,13628,22077,7573,8276,12369,20683,9360,27409,290929,225177,13664,281,43068,0,0
2021-02-20T23:59:59+01:00,8234,8811,14191,21882,14346,33086,17639,47300,20464,33588,10798,11008,19385,29845,14342,37031,4096,4653,8843,13580,9273,21050,11444,30985,13615,22071,7570,8268,12297,20607,9317,27360,286692,224808,13468,280,41882,0,0
2021-02-19T23:59:59+01:00,7896,8522,13845,21433,13970,32391,17157,46494,19717,32720,10266,10675,18173,28300,13383,35668,4004,4628,8777,13553,9230,20987,11412,30891,13550,21986,7528,8212,12052,20294,9153,27073,280333,223109,13093,280,37272,0,0
2021-02-18T23:59:59+01:00,7442,7919,13221,20321,13333,30986,16319,44544,18870,31314,10092,10494,17517,27466,12888,34889,3797,4441,8439,13009,8938,20220,11064,29842,13199,21261,7326,7900,11424,19264,8730,26055,276779,214687,12514,280,28408,0,0
2021-02-17T23:59:59+01:00,7245,7484,12778,19454,12832,29754,15623,42764,18262,30184,9888,10273,16652,26510,12240,33857,3517,4225,8095,12504,8650,19384,10680,28768,12830,20530,7102,7667,10816,18333,8361,25350,272087,206589,11783,279,22015,0,0
2021-02-16T23:59:59+01:00,6850,7107,12272,18616,12350,28653,15087,41434,17708,29292,9747,10170,15923,25592,11812,33173,3308,4072,7790,12037,8340,18637,10271,27658,12392,19734,6843,7362,10038,17066,7719,23948,268521,197144,11287,127,16061,0,0
2021-02-15T23:59:59+01:00,6727,6865,11979,17985,12080,27850,14725,40431,17382,28601,9629,10069,15303,24870,11529,32716,3208,3965,7594,11702,8122,18123,9963,26806,12047,19092,6569,7087,9302,15909,7270,22818,265434,189550,10685,83,12705,0,0
2021-02-14T23:59:59+01:00,6435,6724,11739,17707,11859,27405,14494,39985,17196,28361,9587,10020,15051,24500,11388,32361,3153,3918,7479,11537,7989,17919,9792,26459,11876,18819,6462,6956,9081,15506,7108,22324,264435,186350,9751,83,10707,0,0
2021-02-13T23:59:59+01:00,6363,6678,11698,17676,11828,27373,14470,39956,17178,28339,9574,9995,15022,24473,11381,32346,3148,3913,7472,11532,7979,17899,9774,26424,11847,18778,6439,6924,8916,15273,6770,21723,264201,184860,9750,6,10480,0,0
2021-02-12T23:59:59+01:00,5768,6315,11177,17305,11523,26825,14149,39291,16863,27743,9474,9921,14829,24248,11319,32254,3092,3866,7379,11379,7874,17650,9617,26035,11637,18338,6258,6703,8532,14668,6220,20462,262513,179760,9740,5,6831,0,0
2021-02-11T23:59:59+01:00,5237,5949,10625,16645,11111,25978,13664,38054,16399,26969,9183,9675,14545,23796,11066,31607,2894,3495,6746,10164,7204,15859,8745,23376,10607,16483,5647,6027,7449,12892,5512,18389,259353,161537,8103,3,3126,0,0
2021-02-10T23:59:59+01:00,4965,5738,10278,16193,10819,25436,13330,37135,16011,26311,8995,9547,14373,23584,10979,31415,2473,3099,5820,8695,6407,13741,7744,20452,9554,14731,5136,5456,6406,11137,4856,16526,256718,142275,7643,1,827,0,0
2021-02-09T23:59:59+01:00,4889,5614,10156,15920,10712,25024,13151,36493,15800,25886,8821,9419,14172,23372,10861,31212,2034,2637,5023,7428,5628,11894,6839,17890,8503,12987,4584,4819,5326,9460,4232,14662,254289,123984,6866,1,425,0,0
2021-02-08T23:59:59+01:00,4847,5546,10068,15697,10601,24659,13031,36001,15668,25588,8734,9358,13953,23055,10776,31060,1831,2362,4464,6433,4978,10254,6007,15337,7512,11370,4073,4296,4300,7775,3578,12786,251944,107389,6353,1,421,0,0
2021-02-07T23:59:59+01:00,4659,5466,9928,15563,10500,24481,12945,35733,15566,25420,8699,9314,13798,22846,10717,30949,1586,2047,4044,5774,4578,9347,5571,14174,7047,10513,3833,4049,4075,7371,3441,12237,250849,99717,5809,1,0,0,0
2021-02-06T23:59:59+01:00,4650,5453,9916,15548,10486,24441,12925,35682,15548,25369,8681,9297,13776,22813,10617,30755,1404,1799,3818,5497,4398,8891,5346,13571,6766,9993,3714,3944,3953,7214,3170,11794,250505,95301,5526,1,0,0,0
2021-02-05T23:59:59+01:00,4568,5369,9847,15409,10421,24171,12834,35307,15435,25114,8606,9230,13705,22733,10273,30169,1239,1513,3534,5069,4138,8299,5041,12780,6372,9323,3476,3724,3796,6976,2688,10946,248628,88941,4635,0,0,0,0
2021-02-04T23:59:59+01:00,4501,5218,9717,15083,10256,23589,12633,34502,15225,24631,8491,9123,13472,22422,10179,29997,918,1067,2680,3800,3228,6508,4052,10164,5078,7355,2852,3055,3203,5952,2342,9566,244698,71840,4413,0,0,0,0
2021-02-03T23:59:59+01:00,4423,5122,9602,14861,10151,23215,12496,33968,15071,24250,8388,9004,13314,22216,10110,29786,755,834,2022,2873,2494,5027,3098,7790,3868,5570,2064,2212,2353,4462,1714,7208,241803,54359,4246,0,0,0,0
2021-02-02T23:59:59+01:00,4352,5015,9500,14652,10048,22810,12344,33387,14869,23845,8282,8883,13191,22001,10032,29534,599,655,1526,2124,1912,3788,2332,5927,2870,4172,1453,1483,1602,2973,1193,4803,238572,39424,4244,0,0,0,0
2021-02-01T23:59:59+01:00,4307,4903,9409,14414,9941,22385,12203,32737,14689,23392,8168,8748,13092,21864,9989,29368,455,469,1048,1465,1262,2520,1501,3841,1784,2659,911,945,964,1822,682,2772,235436,25109,4244,0,0,0,0
2021-01-31T23:59:59+01:00,4285,4856,9355,14300,9869,22182,12135,32431,14598,23215,8116,8698,13039,21748,9950,29248,415,431,918,1270,1078,2132,1294,3262,1556,2354,824,855,859,1628,619,2487,233962,21988,4133,0,0,0,0
2021-01-30T23:59:59+01:00,4285,4853,9345,14287,9853,22157,12123,32411,14585,23205,8114,8693,12973,21672,9909,29200,397,399,853,1185,1024,2006,1225,3072,1485,2230,802,832,840,1588,606,2438,233647,20987,4088,0,0,0,0
2021-01-29T23:59:59+01:00,4215,4839,9295,14255,9821,22105,12093,32337,14538,23143,8092,8666,12762,21412,9756,28998,320,299,730,1008,880,1633,1072,2685,1279,1938,723,746,791,1532,591,2392,232434,18622,3963,0,0,0,0
2021-01-28T23:59:59+01:00,4079,4717,9088,13859,9604,21582,11849,31752,14231,22699,7962,8571,12287,20717,9457,28503,152,81,291,375,372,630,468,1168,589,861,390,417,468,889,337,1446,227658,8934,3368,0,0,0,0
2021-01-27T23:59:59+01:00,3819,4535,8784,13448,9305,20923,11472,30911,13857,22044,7758,8364,11690,19830,9099,27853,93,51,199,229,244,430,307,814,422,592,293,303,346,658,254,1059,220989,6294,2768,0,0,0,0
2021-01-26T23:59:59+01:00,3632,4409,8500,13089,9043,20340,11157,30129,13464,21490,7537,8142,11057,18837,8524,26805,88,47,185,219,226,390,293,757,389,542,281,277,316,585,232,944,214292,5771,1928,0,0,0,0
2021-01-25T23:59:59+01:00,3533,4277,8202,12596,8748,19610,10758,29119,12985,20802,7293,7951,10390,17925,8133,26031,79,37,164,195,196,331,250,631,340,450,242,237,264,502,187,766,208027,4871,390,0,0,0,0
2021-01-24T23:59:59+01:00,3484,4249,8118,12514,8677,19486,10647,28943,12860,20646,7260,7913,10321,17816,8092,25939,78,35,160,191,194,318,248,610,331,437,234,234,262,494,183,752,206735,4761,293,0,0,0,0
2021-01-23T23:59:59+01:00,3482,4247,8118,12513,8673,19477,10646,28931,12853,20641,7256,7912,10184,17633,7777,25372,78,35,160,191,193,318,247,610,330,437,234,234,262,494,183,752,205486,4758,292,0,0,0,0
2021-01-22T23:59:59+01:00,3411,4195,7995,12400,8592,19326,10538,28771,12781,20534,7226,7882,9956,17288,7291,24393,78,35,159,191,193,318,247,610,330,437,234,234,262,494,183,752,202350,4757,292,0,0,0,0
2021-01-21T23:59:59+01:00,3293,3948,7475,11467,8122,18150,9980,27099,12193,19425,6960,7577,9257,16206,6850,23465,71,32,143,175,177,285,222,535,293,400,211,207,229,407,156,632,191235,4175,292,0,0,0,0
2021-01-20T23:59:59+01:00,2871,3497,6587,10024,7372,16110,9000,24226,11123,17598,6398,6917,8099,14344,6157,21453,70,32,142,169,174,284,214,518,282,382,200,199,220,381,146,597,171540,4010,290,0,0,0,0
2021-01-19T23:59:59+01:00,2373,3023,5670,8639,6492,14126,7979,21371,9885,15581,5664,6032,6668,11973,5271,18707,46,22,95,123,117,175,151,351,181,270,122,112,141,261,99,441,149289,2707,211,0,0,0,0
2021-01-18T23:59:59+01:00,2055,2619,4879,7224,5532,11782,6753,17667,8494,13184,4823,5161,5237,9555,4331,15522,25,11,36,46,54,83,66,154,68,133,59,53,61,140,56,208,124772,1253,89,0,0,0,0
2021-01-17T23:59:59+01:00,1738,2243,4358,6447,5032,10595,6212,16060,7863,12037,4498,4819,4870,8862,4034,14580,11,3,6,14,15,32,19,44,25,49,25,23,15,36,12,42,114198,371,87,0,0,0,0
2021-01-16T23:59:59+01:00,1542,1984,4145,6154,4851,10120,5946,15374,7534,11386,4329,4626,4659,8570,3692,14002,0,0,0,0,2,3,0,0,1,2,0,1,0,0,0,2,108946,11,4,0,0,0,0
2021-01-15T23:59:59+01:00,1370,1701,3889,5751,4597,9537,5657,14512,7119,10632,4051,4361,4476,8250,3182,12999,0,0,0,0,0,0,0,0,0,0,0,0,0,0,0,1,102115,1,2,0,0,0,0
2021-01-14T23:59:59+01:00,1038,1274,3116,4540,3743,7634,4677,11699,5742,8523,3308,3531,3781,6991,2759,11338,0,0,0,0,0,0,0,0,0,0,0,0,0,0,0,0,83720,0,0,0,0,0,0
2021-01-13T23:59:59+01:00,878,1074,2620,3776,3147,6353,3901,9641,4630,6853,2433,2629,2865,5330,2113,8614,0,0,0,0,0,0,0,0,0,0,0,0,0,0,0,0,66879,0,0,0,0,0,0
2021-01-12T23:59:59+01:00,733,905,2192,3092,2585,5161,3136,7784,3628,5360,1731,1789,1966,3665,1499,5913,0,0,0,0,0,0,0,0,0,0,0,0,0,0,0,0,51157,0,0,0,0,0,0
2021-01-11T23:59:59+01:00,584,727,1821,2491,2073,4131,2403,5847,2673,3867,1092,1091,1168,2163,822,3331,0,0,0,0,0,0,0,0,0,0,0,0,0,0,0,0,36298,0,0,0,0,0,0
2021-01-10T23:59:59+01:00,511,622,1548,2047,1726,3378,1977,4829,2219,3250,975,972,1024,1898,732,2913,0,0,0,0,0,0,0,0,0,0,0,0,0,0,0,0,30632,0,0,0,0,0,0
2021-01-09T23:59:59+01:00,476,561,1422,1871,1580,3069,1820,4366,2047,2965,907,908,968,1845,717,2876,0,0,0,0,0,0,0,0,0,0,0,0,0,0,0,0,28407,0,0,0,0,0,0
2021-01-08T23:59:59+01:00,362,410,1168,1504,1308,2400,1494,3584,1698,2441,788,804,885,1717,679,2745,0,0,0,0,0,0,0,0,0,0,0,0,0,0,0,0,23995,0,0,0,0,0,0
2021-01-07T23:59:59+01:00,172,110,402,519,472,812,607,1404,750,1065,448,474,555,1053,411,1737,0,0,0,0,0,0,0,0,0,0,0,0,0,0,0,0,10991,0,0,0,0,0,0
2021-01-06T23:59:59+01:00,130,65,263,292,309,528,408,959,518,736,339,358,421,821,324,1330,0,0,0,0,0,0,0,0,0,0,0,0,0,0,0,0,7801,0,0,0,0,0,0
2021-01-05T23:59:59+01:00,100,49,189,238,242,442,324,843,442,634,327,342,405,786,318,1277,0,0,0,0,0,0,0,0,0,0,0,0,0,0,0,0,6958,0,0,0,0,0,0
2021-01-04T23:59:59+01:00,83,39,168,198,200,348,255,636,352,466,248,253,285,558,210,857,0,0,0,0,0,0,0,0,0,0,0,0,0,0,0,0,5156,0,0,0,0,0,0
2021-01-03T23:59:59+01:00,81,35,162,193,196,332,254,622,342,450,243,250,281,546,208,840,0,0,0,0,0,0,0,0,0,0,0,0,0,0,0,0,5035,0,0,0,0,0,0
2021-01-02T23:59:59+01:00,81,35,162,193,196,332,253,622,341,450,243,250,281,546,208,840,0,0,0,0,0,0,0,0,0,0,0,0,0,0,0,0,5033,0,0,0,0,0,0
2021-01-01T23:59:59+01:00,81,35,161,193,196,331,253,622,340,448,242,249,281,545,208,840,0,0,0,0,0,0,0,0,0,0,0,0,0,0,0,0,5025,0,0,0,0,0,0
2020-12-31T23:59:59+01:00,81,35,161,191,196,331,253,621,340,447,242,249,281,545,208,840,0,0,0,0,0,0,0,0,0,0,0,0,0,0,0,0,5021,0,0,0,0,0,0
2020-12-30T23:59:59+01:00,80,35,161,189,194,329,253,620,340,446,242,249,281,545,208,840,0,0,0,0,0,0,0,0,0,0,0,0,0,0,0,0,5012,0,0,0,0,0,0
2020-12-29T23:59:59+01:00,56,24,114,143,147,223,184,446,239,344,159,159,199,412,152,654,0,0,0,0,0,0,0,0,0,0,0,0,0,0,0,0,3655,0,0,0,0,0,0
2020-12-28T23:59:59+01:00,29,17,65,77,83,126,103,254,112,208,92,92,102,217,93,364,0,0,0,0,0,0,0,0,0,0,0,0,0,0,0,0,2034,0,0,0,0,0,0
2020-12-27T23:59:59+01:00,14,8,17,24,37,53,35,84,35,82,32,28,36,80,30,137,0,0,0,0,0,0,0,0,0,0,0,0,0,0,0,0,732,0,0,0,0,0,0
