Datum,<24_1_m,<24_1_w,25-34_1_m,25-34_1_w,35-44_1_m,35-44_1_w,45-54_1_m,45-54_1_w,55-64_1_m,55-64_1_w,65-74_1_m,65-74_1_w,75-84_1_m,75-84_1_w,>84_1_m,>84_1_w,<24_2_m,<24_2_w,25-34_2_m,25-34_2_w,35-44_2_m,35-44_2_w,45-54_2_m,45-54_2_w,55-64_2_m,55-64_2_w,65-74_2_m,65-74_2_w,75-84_2_m,75-84_2_w,>84_2_m,>84_2_w,bp_1,bp_2,mo_1,mo_2,az_1,az_2,ja
2021-07-11T23:59:59+02:00,221595,215081,324629,300599,350240,346347,419417,432160,479733,485567,335582,375551,238398,305158,70486,128868,95211,93830,180018,176264,211661,223253,302144,325549,382063,397685,302901,339782,223639,285525,66421,120779,3587337,2591852,492700,353964,800754,631995,149152
2021-07-10T23:59:59+02:00,219483,213011,323326,299468,349240,345486,418779,431638,479316,485219,335436,375404,238341,305083,70478,128851,93968,92595,177639,174252,208875,220953,299854,323593,380987,396706,302282,339135,223465,285345,66407,120755,3579545,2576009,492090,353766,800543,630361,146913
2021-07-09T23:59:59+02:00,217369,210979,321826,298116,348280,344617,417975,431000,478811,484795,335253,375200,238249,304974,70464,128818,90670,89320,174319,171173,204770,216973,295058,319162,377698,393832,301231,337940,223172,284996,66372,120691,3570732,2547642,491245,351731,800370,623331,144911
2021-07-08T23:59:59+02:00,213585,207706,318671,295558,346021,342718,416321,429614,477423,483774,334843,374777,238086,304737,70427,128745,86399,85568,167332,165711,196921,210747,287994,313258,370962,387770,298589,335082,222415,284082,66261,120440,3556141,2502430,487233,343529,799899,613545,140265
2021-07-07T23:59:59+02:00,209477,203504,315610,292798,343762,340736,414799,428180,476253,482709,334382,374235,237905,304475,70390,128647,82678,82118,160231,160150,188075,203731,280196,306839,364067,381083,295341,331533,221529,283002,66129,120211,3535473,2455290,485906,330491,799542,603897,137473
2021-07-06T23:59:59+02:00,205658,199828,312426,290142,341346,338496,413120,426657,475008,481606,333894,373692,237715,304188,70337,128562,79072,78520,153693,154772,180788,197600,271430,299012,357683,375083,292187,328330,220650,281920,66021,119986,3515978,2403567,482938,323709,799152,594569,135139
2021-07-05T23:59:59+02:00,200942,195331,308469,286874,338879,336218,411476,425137,473891,480553,333425,373186,237545,303946,70304,128479,75993,75657,148661,150748,176122,193530,264616,292816,351667,369593,288969,324923,219777,280820,65913,119817,3493561,2364929,481807,319382,798693,584421,131126
2021-07-04T23:59:59+02:00,197037,191413,305894,284895,337606,335163,410621,424376,473318,480084,333217,372937,237457,303824,70280,128429,73806,73785,145603,148228,173830,191519,262218,290784,348606,367412,285720,321609,219206,280170,65860,119700,3481708,2351351,480534,317108,798147,573139,126694
2021-07-03T23:59:59+02:00,189479,184432,301684,281479,335310,333022,408829,422592,472130,479036,332821,372497,237285,303578,70257,128386,72025,72212,143212,146378,171425,189472,259187,288095,346344,365572,283977,319636,218940,279813,65829,119652,3455677,2335832,479141,316930,797969,568681,120562
2021-07-02T23:59:59+02:00,184713,179931,299317,279311,333594,331351,407594,421420,471367,478360,332566,372188,237170,303398,70229,128339,69341,69531,139376,143146,167060,185493,253196,282730,341203,360923,280762,315967,218303,279046,65782,119569,3437805,2303128,477698,314200,797796,556256,118080
2021-07-01T23:59:59+02:00,180022,175627,295359,276083,331156,329131,405845,419869,470302,477426,332160,371742,236973,303135,70187,128262,64436,64783,133172,137889,159875,179085,243065,273987,330504,351245,276026,310735,216466,276818,65605,119260,3415649,2247403,475647,302000,797467,538736,115047
2021-06-30T23:59:59+02:00,176328,172232,289837,271524,327535,325841,404095,418363,469302,476473,331748,371266,236786,302841,70155,128179,61261,61914,127605,133267,153311,173151,233120,264913,317345,338183,270861,305251,214592,274510,65439,118942,3391005,2192877,473516,289548,797171,520130,111344
2021-06-29T23:59:59+02:00,172057,168019,285385,267330,324038,322587,402026,416317,467789,475079,331165,370641,236539,302492,70101,128073,58451,58903,122758,128921,147393,167677,221357,254304,308859,329888,264493,298149,212638,272070,65237,118598,3363928,2134216,471555,284937,796851,502943,107834
2021-06-28T23:59:59+02:00,168372,164236,280468,263095,320772,319767,399912,414410,466320,473789,330652,370039,236308,302185,70058,127979,56149,56538,118900,125465,143084,163628,212203,245941,303114,324527,259578,292887,210881,269849,65092,118338,3340414,2098811,467604,276420,796203,486506,104670
2021-06-27T23:59:59+02:00,166752,162618,278400,261314,318990,318251,398243,413061,465452,473098,330366,369754,236206,302029,70040,127931,54950,55432,116807,123786,140558,161533,208150,242608,299800,321696,255806,288935,208437,266957,64982,118152,3330591,2083603,465564,272991,795170,470518,101709
2021-06-26T23:59:59+02:00,162397,158237,276324,259447,316605,316037,397068,411923,464760,472400,330101,369469,236101,301872,70015,127901,54406,54846,115503,122661,139162,160321,205938,240631,297308,319320,254286,287293,208105,266549,64956,118082,3311680,2067071,462766,272911,795162,468039,101577
2021-06-25T23:59:59+02:00,156928,152882,272973,256534,314568,314089,395777,410690,463771,471585,329817,369138,235977,301720,69988,127853,53111,53218,113056,119992,135124,155806,197251,232244,291665,313505,252575,285195,207519,265748,64885,117966,3286983,2024965,461360,271250,795116,461515,101358
2021-06-24T23:59:59+02:00,151737,148038,268236,252663,310346,310357,393637,408851,462420,470480,329403,368682,235813,301489,69955,127768,50479,50634,108006,115335,127896,149242,185340,221879,280324,303357,247250,279408,205699,263424,64682,117567,3256301,1963496,459397,259610,794951,447890,99753
2021-06-23T23:59:59+02:00,148409,144793,264605,249575,305165,305615,391166,406545,461038,469177,328879,368069,235586,301181,69909,127666,48540,48542,104243,111466,122277,143640,175531,213290,268454,291479,242683,274653,204375,261737,64522,117209,3229205,1907779,455922,249827,794797,437278,97981
2021-06-22T23:59:59+02:00,145122,141483,260948,246238,299089,300235,388560,404024,459514,467715,328341,367473,235370,300832,69862,127561,46836,46796,100681,108197,117531,139104,163008,202212,257635,281259,238649,270201,202467,259338,64272,116742,3197513,1849828,454036,242170,794616,426426,96726
2021-06-21T23:59:59+02:00,141622,138327,256300,242392,293890,295409,385560,401187,458055,466371,327825,366920,235146,300527,69822,127452,45619,45583,98319,106005,114810,136426,156830,196482,250801,274664,233353,264416,198569,254849,64088,116372,3166117,1819111,452022,236682,794400,406825,94789
2021-06-20T23:59:59+02:00,140002,136746,252233,239063,291381,293235,384196,399895,457282,465647,327609,366652,235038,300397,69802,127393,44529,44691,96141,104268,112605,134498,153864,194008,246560,270652,230458,261006,197622,253642,64007,116253,3149297,1799271,450290,233194,794225,399279,93281
2021-06-19T23:59:59+02:00,137463,134333,249523,236781,289631,291625,382378,398347,456446,464916,327390,366405,234935,300262,69782,127361,43994,44056,94885,103025,111149,133056,152383,192587,243364,267664,229752,260168,197454,253383,63985,116200,3133184,1783496,447501,231626,794219,399009,93194
2021-06-18T23:59:59+02:00,133270,130305,246043,233766,285669,288269,380019,396248,455110,463758,327020,366010,234782,300028,69755,127312,43220,43158,93334,101267,108879,130415,148869,188587,236573,260478,228045,258179,196973,252751,63910,116067,3107623,1754521,443143,231113,794190,392364,92927
2021-06-17T23:59:59+02:00,129376,126846,240171,229418,280578,283935,375304,392303,452845,461950,326444,365303,234547,299675,69690,127201,41019,41357,89347,97844,104091,125719,141108,180985,225295,249190,222879,252295,195329,250605,63651,115646,3073334,1699346,440199,227037,793942,381565,88628
2021-06-16T23:59:59+02:00,125921,123257,235315,225116,275924,279713,370188,387850,450289,459836,325720,364515,234261,299266,69625,127088,39213,39791,85847,94861,99792,121949,132938,173718,213285,237377,216707,245259,193425,248301,63399,115157,3040191,1640086,434722,221487,793437,373611,86049
2021-06-15T23:59:59+02:00,120659,118106,229382,220032,270624,274771,365156,383253,447473,457441,324863,363553,233916,298754,69544,126906,37607,38201,82551,91864,95856,117949,125956,167390,201026,225444,210727,238521,191486,245889,63089,114593,2995880,1583268,432817,215721,792887,366011,83361
2021-06-14T23:59:59+02:00,116385,113715,224203,215162,265299,269834,359910,378531,444369,454871,324081,362706,233605,298367,69482,126786,36662,37319,80319,89810,93187,115468,121893,163696,194495,218998,207647,235044,190365,244435,62876,114207,2954059,1553976,430491,213506,792625,358508,80641
2021-06-13T23:59:59+02:00,114827,112264,221782,213078,262784,267597,357673,376593,443204,453841,323807,362401,233470,298199,69451,126713,35810,36598,78487,88163,91202,113679,119089,161116,190692,215336,204596,231642,189336,243075,62646,113797,2939195,1540168,428070,206318,792314,350372,78614
2021-06-12T23:59:59+02:00,112043,109397,219899,211362,261414,266327,356251,375198,442317,453074,323521,362096,233378,298097,69433,126686,35443,36195,77509,87080,89966,112405,117545,159571,187179,212061,203566,230520,187942,241425,62636,113768,2923118,1527188,427098,206311,792290,343023,78495
2021-06-11T23:59:59+02:00,109379,106773,217029,208764,257782,263170,353137,372485,440609,451602,323085,361648,233246,297891,69405,126631,34776,35091,75533,83749,87761,108899,113479,154466,180545,204674,201485,228164,187343,240662,62575,113670,2898895,1499942,424324,205638,792103,329676,77820
2021-06-10T23:59:59+02:00,104503,102245,211024,204055,250789,257400,347115,367230,436160,447856,322231,360682,232927,297443,69321,126481,33200,33617,71575,79617,82880,103448,106863,146335,168313,191134,195458,221321,185628,238539,62324,113269,2855648,1453222,417321,203923,791255,302838,73739
2021-06-09T23:59:59+02:00,100499,98455,205227,199373,244076,251748,340521,361326,432516,444861,321567,359946,232663,297068,69257,126351,31680,32376,68373,76985,79217,100309,102190,142099,157280,180476,184905,209416,183773,236302,62053,112779,2817009,1399624,409063,199980,790747,291679,69130
2021-06-08T23:59:59+02:00,95831,93789,198664,193852,237150,245780,332319,354093,427450,440224,320739,358954,232294,296587,69176,126215,30615,31531,65800,74711,75967,97606,97643,138224,149753,173056,176257,199770,181977,234074,61821,112413,2765436,1360705,403338,195088,790172,280963,64660
2021-06-07T23:59:59+02:00,92492,90573,192663,189180,230635,240580,324522,347954,424422,437802,320205,358327,232081,296262,69122,126120,29759,30693,63356,72779,73032,95465,93908,135312,141737,165322,172247,195189,180574,232284,61605,112035,2726708,1333789,397247,191833,789602,270003,59866
2021-06-06T23:59:59+02:00,90897,89231,189398,186660,227315,237841,320282,344573,423008,436731,319936,358039,231970,296102,69098,126074,29165,30144,61603,71117,70975,93486,90762,132277,136105,159589,169738,192586,179476,230894,61377,111656,2711443,1322044,389917,182253,789106,259675,57168
2021-06-05T23:59:59+02:00,88883,87125,184555,182457,224854,235693,318471,342937,422008,435803,319645,357715,231821,295935,69084,126042,28720,29417,60433,69212,69599,91389,89104,130063,131389,154305,166756,188946,178995,230241,61343,111591,2688119,1298580,389801,181786,788774,254512,56813
2021-06-04T23:59:59+02:00,86460,84547,180931,178890,220886,231768,314916,339337,419657,433628,319189,357186,231630,295706,69046,125979,28262,28754,59335,67581,68345,89339,87356,127482,128068,150680,162538,184206,178012,228981,61295,111505,2659098,1279965,386023,181022,788653,244480,56459
2021-06-03T23:59:59+02:00,83110,81427,175235,174281,213674,225728,307282,332690,411952,426798,318168,356022,231262,295263,68991,125848,27379,27754,57465,65431,65992,86634,83767,123427,121379,144054,156234,176655,176454,226968,61182,111268,2610532,1251015,375832,175773,788227,231823,53612
2021-06-02T23:59:59+02:00,81012,79223,171227,170625,210086,222639,303745,329382,409928,424970,317763,355577,231109,295059,68963,125799,26930,27284,56361,64349,64452,85398,81751,121523,116450,139205,148391,167731,175741,226018,61097,111098,2582084,1219068,374458,173815,788195,228235,52838
2021-06-01T23:59:59+02:00,76688,75365,163032,164119,200818,214978,294711,321566,401775,417195,316264,353978,230573,294331,68852,125574,25392,25877,52090,61431,59678,82154,76388,117078,109084,132053,137347,154401,173649,223301,60890,110673,2523841,1169303,362908,169743,787434,216514,46096
2021-05-31T23:59:59+02:00,73942,72884,157413,159839,193560,209060,287369,315236,396059,412243,315275,352877,230191,293815,68762,125403,24491,24837,49513,59256,56566,79680,72841,113855,104648,127666,133230,149544,172289,221594,60721,110344,2483588,1147069,353569,167504,786816,206258,40413
2021-05-30T23:59:59+02:00,72889,71824,154967,157835,190973,206729,284628,312744,394182,410512,314917,352470,230031,293581,68725,125323,23903,24073,47958,57562,54865,77864,70662,111346,102024,124835,131091,147038,171502,220668,60629,110136,2467830,1137396,351066,166199,786208,195045,37683
2021-05-29T23:59:59+02:00,72287,71236,153466,156439,188684,204706,282796,311163,393346,409735,314695,352226,229952,293503,68714,125305,23582,23554,47051,56075,53535,75994,68754,108518,99728,122057,128306,143634,170853,219764,60602,110084,2453990,1123903,350922,166138,786133,184553,37663
2021-05-28T23:59:59+02:00,71199,70119,151090,154188,185047,201191,279532,308029,391488,407972,314285,351728,229805,293290,68695,125248,23059,22557,45456,53962,51724,73454,66731,104600,95440,116196,123970,138620,169884,218460,60556,109970,2430274,1101492,349879,165925,785914,170094,37291
2021-05-27T23:59:59+02:00,67889,67113,144636,149275,176898,194961,273175,302893,385198,402307,313027,350288,229347,292760,68625,125066,21749,20881,42232,50932,47866,69671,62216,98632,89130,108734,120083,134039,167103,214782,60384,109658,2385888,1073250,342305,163204,784128,150214,31583
2021-05-26T23:59:59+02:00,65748,64942,139702,145207,170829,189920,266445,297245,378471,395629,311511,348687,228862,292067,68524,124856,21017,19976,40424,48807,45530,66952,59209,94858,84578,103662,115139,128346,163331,209467,60177,109234,2348736,1041526,329154,161649,782330,138823,28866
2021-05-25T23:59:59+02:00,63726,62965,135528,141743,165796,185646,259398,290984,373066,390262,310236,347292,228458,291425,68443,124678,20451,19319,39032,47306,43713,64944,56757,91891,80541,99320,110253,122701,157832,202273,60011,108934,2311356,1010283,321673,158249,779818,129666,27237
2021-05-24T23:59:59+02:00,62490,61765,132791,139663,162538,183246,252485,285018,368149,385597,309413,346376,228172,291045,68372,124551,20111,18922,38021,46247,42380,63477,55106,89901,78332,96836,108855,121067,157234,201497,59903,108739,2287704,1001076,310649,156969,778050,123038,25702
2021-05-23T23:59:59+02:00,61991,61252,131701,138784,161346,182217,251248,284000,366565,384171,308802,345720,228000,290822,68352,124515,19886,18741,37480,45701,41641,62794,53961,88921,76866,95493,107697,119685,156261,200285,59837,108602,2276260,993042,310079,153924,778001,121463,25579
2021-05-22T23:59:59+02:00,61297,60632,130231,137721,158990,180605,248294,281719,364096,381965,308279,345127,227823,290556,68327,124464,19570,18320,36873,45104,41006,62270,53314,88204,76107,94358,106153,117895,155496,199318,59810,108548,2258412,986398,310061,153922,777960,118059,24123
2021-05-21T23:59:59+02:00,59969,59200,127345,135146,155736,177296,243090,276976,358024,376295,307348,344040,227527,290160,68267,124357,19211,17957,36265,44342,40361,61231,52370,86821,74405,92089,102933,113967,154365,197875,59718,108373,2222528,973486,308432,153601,776400,111510,23842
2021-05-20T23:59:59+02:00,56921,56413,121635,130300,148838,171010,232820,268262,349030,368042,304820,341304,226762,289158,68135,124138,17920,17028,34109,42109,37926,58350,49569,83076,70503,87624,98851,109388,151924,194880,59541,108019,2164766,954371,301815,151677,770465,93961,20960
2021-05-19T23:59:59+02:00,54724,54225,116642,125643,141700,164429,222323,258935,338535,357193,302188,338444,226019,288122,67986,123862,17344,16250,32894,40535,36526,56300,47571,80318,67282,84068,94995,104948,148312,190180,59281,107527,2099129,931115,295585,149719,767529,84509,19136
2021-05-18T23:59:59+02:00,52643,52270,111870,121404,135371,158877,210788,248593,328701,347434,299525,335483,225147,286925,67834,123608,16829,15655,31702,39089,35190,54519,45781,77940,64412,80859,91015,100442,145136,186137,59070,107092,2039459,911026,286278,146879,763973,75944,17165
2021-05-17T23:59:59+02:00,51613,51281,109554,119365,132594,156236,204300,242617,321164,340379,297751,333523,224563,286106,67727,123400,16398,15218,30675,38055,34040,53245,44315,76162,62180,78480,86206,94611,143681,184259,58920,106777,2012796,899464,274072,139443,760594,69347,15111
2021-05-16T23:59:59+02:00,50833,50625,108127,118052,130859,154582,201348,239947,313749,333450,296736,332397,224256,285624,67675,123303,16119,14850,29931,37284,33175,52331,43263,74862,60861,77022,82809,90566,142898,183189,58834,106638,1997535,893458,263679,132717,757383,65234,13364
2021-05-15T23:59:59+02:00,50300,49994,107131,117071,129851,153477,199428,238027,310204,330259,296118,331710,224060,285354,67655,123239,15981,14689,29678,36981,32886,51902,42780,74218,60025,76044,82216,89754,142385,182525,58798,106591,1981429,888243,263663,132572,756519,64117,12662
2021-05-14T23:59:59+02:00,49053,48583,104895,114990,126277,150044,191268,230995,303927,324408,295145,330578,223773,284908,67608,123145,15483,14267,28900,36171,32125,50723,41710,72448,58470,74105,80325,87281,141780,181542,58758,106504,1944395,878694,261976,131697,751988,58712,11628
2021-05-13T23:59:59+02:00,47146,46646,101088,111787,121595,145954,181290,222451,293355,314637,292184,327163,222962,283770,67508,122939,14626,13825,28052,35479,31366,49833,40777,71373,56978,72551,76575,82960,139037,177956,58648,106289,1893003,866249,253426,124702,745807,54889,10621
2021-05-12T23:59:59+02:00,46239,45945,99180,110367,119551,144307,178755,220349,288625,309325,291021,325896,222720,283448,67470,122854,14462,13674,27737,35263,30971,49549,40340,71002,56449,71988,75253,81354,138265,176837,58562,106129,1870013,860594,251271,122931,745323,54621,9824
2021-05-11T23:59:59+02:00,44006,44475,95186,107306,113776,139595,165449,209117,277031,298607,287638,322003,221767,282047,67320,122556,14039,13109,26733,33843,29853,47769,39051,68739,54747,69730,72194,77792,136924,175020,58405,105773,1811383,848455,241622,120266,736882,46768,8367
2021-05-10T23:59:59+02:00,42764,43511,92609,105317,110544,136981,157093,202127,269199,291526,285472,319563,221193,281189,67195,122317,13699,12667,25980,32863,29069,46522,38068,66890,53535,68002,70124,75260,135785,173518,58286,105487,1775972,839653,235608,119226,729983,39604,7407
2021-05-09T23:59:59+02:00,41651,42744,89952,103585,107902,135226,152103,198729,263718,286631,284240,318182,220817,280661,67130,122171,13390,12452,25294,32201,28344,45720,37284,65933,52599,67054,68903,73862,135193,172691,58232,105356,1756788,835111,228547,118241,724051,34866,6422
2021-05-08T23:59:59+02:00,41360,42449,89111,102860,106829,134390,150681,197529,261193,284594,283741,317642,220697,280482,67114,122139,13289,12391,25166,32112,28199,45593,37097,65742,52266,66741,67956,72950,134136,171336,58185,105263,1744890,830549,228042,117502,723832,34091,6412
2021-05-07T23:59:59+02:00,40435,41735,87195,101530,104028,132192,146087,193746,254977,279105,282414,316048,220351,280024,67062,122016,12545,11908,24349,31388,27443,44541,36237,64488,51093,65238,65721,70278,131932,168538,58096,105085,1719265,820967,224853,115268,719727,27315,5462
2021-05-06T23:59:59+02:00,37801,40019,82482,98084,98075,127465,135958,185270,238608,264744,277309,310282,219064,278343,66888,121699,11862,11393,23418,30287,26453,43196,34888,62495,49366,63280,63248,67179,129849,165806,57983,104867,1653912,809993,214996,112188,708980,18967,4553
2021-05-05T23:59:59+02:00,35923,38829,78851,95508,93503,123830,128164,178761,223905,250746,271135,303156,217494,276353,66642,121175,11631,11120,22887,29566,25859,42277,33967,61102,48223,61877,60661,64091,126943,162143,57885,104619,1587865,797850,209952,108648,703022,15003,3481
2021-05-04T23:59:59+02:00,34825,37727,76139,93210,90014,120799,122619,174043,213325,240506,265661,296719,216057,274513,66434,120706,11471,10920,22489,29031,25406,41520,33266,60033,47133,60619,57963,60940,124596,159227,57735,104386,1538950,786119,204855,106034,697001,11880,2832
2021-05-03T23:59:59+02:00,33961,36678,73867,91406,87150,118460,118193,170418,206699,234518,262396,292867,215259,273434,66313,120412,11229,10651,22101,28460,24933,40824,32590,59070,46115,59485,55199,57612,120849,154356,57479,103951,1507312,770384,201753,104335,692117,9128,1185
2021-05-02T23:59:59+02:00,33616,36361,72703,90511,85697,117370,115782,168562,203618,232018,261439,291780,214971,273025,66248,120304,11163,10582,21915,28253,24709,40540,32255,58667,45664,59015,54015,56167,117809,150700,57396,103821,1496752,765426,198968,98817,688294,8234,322
2021-05-01T23:59:59+02:00,33303,35990,71946,89724,84632,116335,114325,167208,200561,229000,260752,290962,214764,272744,66237,120266,11149,10567,21862,28223,24651,40504,32195,58610,45581,58940,53774,55876,117651,150505,57387,103804,1481764,764122,198966,98778,688031,8189,318
2021-04-30T23:59:59+02:00,32759,35388,70743,88513,83178,114618,110569,163662,193199,221908,258764,288600,214315,272138,66177,120160,10831,10374,21503,27949,24378,40083,31872,58049,45123,58313,52881,54716,116704,149323,57333,103687,1449013,760467,198640,96801,687242,5856,123
2021-04-29T23:59:59+02:00,31265,34449,67861,86510,79569,112032,105485,159578,180438,210405,250859,279518,213122,270512,66043,119814,10530,10165,21031,27504,23954,39586,31298,57311,44327,57386,51063,52536,114864,147103,57233,103494,1394382,751714,191366,94139,681932,3557,103
2021-04-28T23:59:59+02:00,30035,33840,66005,85208,77096,110226,102077,156741,170787,201257,240032,266951,211845,268828,65846,119488,10348,10011,20735,27155,23598,39121,30883,56660,43603,56568,48958,49937,112299,143888,57111,103283,1341879,742260,188031,89618,676598,2332,75
2021-04-27T23:59:59+02:00,29284,33162,64442,83752,75123,108433,99339,154361,166097,196558,231555,257168,210704,267218,65727,119266,10226,9902,20455,26867,23365,38798,30532,56166,42925,55884,46962,47404,109665,140475,56994,103084,1308005,732510,185742,85630,668684,1617,74
2021-04-26T23:59:59+02:00,28857,32784,63357,82878,73638,107282,97076,152666,157516,188573,227373,252338,209999,266231,65637,119069,10135,9815,20245,26686,23131,38582,30240,55833,42319,55312,45166,45271,107784,138005,56899,102931,1279191,724617,184307,82556,662017,1236,71
2021-04-25T23:59:59+02:00,28610,32546,62585,82360,72585,106554,95363,151452,152217,183741,223077,247497,209412,265457,65572,118948,10080,9782,20168,26612,23047,38502,30131,55709,42160,55154,44754,44776,107108,137099,56871,102861,1266531,722968,178175,80796,653510,1107,69
2021-04-24T23:59:59+02:00,28268,32120,61653,81147,71406,105116,93824,149803,147336,178614,220302,244178,208943,264788,65538,118898,10066,9765,20127,26573,22999,38438,30051,55625,42011,55019,44515,44469,106860,136806,56850,102833,1241774,721897,178150,80102,652249,1065,68
2021-04-23T23:59:59+02:00,27525,31504,60098,79647,69628,103107,91247,147184,142592,174248,215764,238651,208290,263797,65476,118783,10016,9706,20018,26488,22868,38290,29819,55421,41650,54691,43899,43714,105804,135532,56694,102559,1217033,718575,176978,77639,643765,1013,67
2021-04-22T23:59:59+02:00,26913,30904,58575,78219,67171,100907,87143,143711,134581,166786,206758,227680,206251,261168,65278,118388,9890,9610,19772,26198,22518,37859,29305,54907,40891,54055,42735,42393,103821,133097,56466,102162,1175651,711161,169557,73689,635456,887,67
2021-04-21T23:59:59+02:00,26429,30386,57258,77123,65302,99291,84124,141081,127425,159999,193722,212381,204106,258282,65053,117964,9762,9525,19541,25955,22234,37541,28956,54463,40346,53527,41897,41379,101648,130335,56216,101754,1124352,704686,166686,69634,629116,817,67
2021-04-20T23:59:59+02:00,26006,29921,56109,75985,63644,97723,81596,138519,122366,154960,182279,198972,201685,255161,64821,117543,9662,9436,19325,25769,21943,37273,28554,54056,39811,52997,41090,40454,99443,127365,55882,101218,1081924,697207,163211,66391,622382,739,66
2021-04-19T23:59:59+02:00,25645,29568,55151,75168,62373,96557,79486,136604,118859,151602,176560,192158,199980,252941,64641,117214,9555,9346,19099,25555,21704,37007,28246,53672,39312,52475,40299,39551,96362,123411,55478,100511,1057506,686932,161392,64007,615836,704,65
2021-04-18T23:59:59+02:00,25342,29308,54385,74625,61253,95617,77645,135193,115506,149217,171471,186627,198970,251716,64533,117024,9483,9272,18913,25384,21528,36843,28033,53399,39055,52228,39975,39169,95150,121873,55297,100216,1043609,683103,159726,62084,605320,691,65
2021-04-17T23:59:59+02:00,25232,29216,54014,74431,60740,95266,76995,134597,114662,148480,167235,181757,198436,250992,64498,116959,9438,9214,18775,25199,21342,36613,27809,53125,38792,51963,39680,38850,94395,120948,55233,100134,1032759,679124,159699,61770,601274,676,65
2021-04-16T23:59:59+02:00,24861,28969,53033,73826,59463,94390,75385,133272,110532,144350,159635,173019,196790,248791,64389,116751,9233,9041,18389,24782,20771,36047,26727,52236,36811,50384,36425,35977,91246,117473,54831,99480,1006956,664315,158918,54957,591803,640,65
2021-04-15T23:59:59+02:00,24384,28516,51793,72664,57515,92668,72130,130436,105072,139091,151799,164077,192146,242927,64094,116134,9060,8881,18022,24362,20282,35392,26052,51448,35430,49160,34335,33971,88164,113765,54325,98625,974842,651345,156866,49402,573956,587,64
2021-04-14T23:59:59+02:00,24040,28189,50862,71731,56180,91281,69756,128283,101101,135338,142632,153725,184419,233057,63755,115469,8657,8614,17549,23861,19752,34754,25146,50576,34153,48045,32306,31836,85201,110141,53836,97768,937063,636574,154201,45195,558769,487,63
2021-04-13T23:59:59+02:00,23803,27975,50170,71193,55245,90466,68130,126884,97384,131917,130841,140635,178041,224736,63415,114882,8424,8444,17210,23459,19334,34226,24487,49783,33092,47041,30931,30485,83086,107792,53481,97228,903929,627382,149696,40817,542305,365,63
2021-04-12T23:59:59+02:00,23595,27791,49625,70689,54387,89740,66682,125605,94767,129598,123754,132628,174821,220792,63146,114392,8188,8259,16857,23166,18969,33793,24019,49251,32426,46421,29417,28952,81433,105861,53156,96708,887589,619014,148170,37575,526463,346,63
2021-04-11T23:59:59+02:00,23425,27633,49105,70270,53661,89289,65553,124806,92920,128127,118285,126641,170907,216201,62978,114097,8058,8125,16561,22888,18654,33488,23663,48872,31982,46040,28784,28289,80417,104621,52948,96391,880163,613753,143773,35752,510171,334,62
2021-04-10T23:59:59+02:00,23364,27579,48940,70138,53463,89134,65231,124539,92398,127692,116208,124118,169475,214352,62937,113996,7474,7523,15674,22109,17696,32651,22541,47842,30872,45049,28108,27567,78329,102015,52681,95956,873193,598480,142924,35374,507657,290,60
2021-04-09T23:59:59+02:00,23119,27332,48443,69651,52829,88457,64242,123419,90581,125793,107416,113206,166108,209957,62737,113640,6516,6627,14154,20790,15980,31100,20412,45883,28678,43049,26339,25754,74841,97853,52141,95118,853860,571146,135896,33869,497386,277,55
2021-04-08T23:59:59+02:00,22826,27090,47866,69165,52084,87762,62947,122344,88170,123632,97143,101256,160589,203127,62411,113076,5877,6044,12971,19779,14724,29768,18778,44182,26187,40720,23331,22796,70215,92114,51009,93372,835283,539758,127032,31929,479391,239,49
2021-04-07T23:59:59+02:00,22515,26864,47067,68714,51168,87164,61566,121370,85054,121204,87995,91013,153609,194365,62119,112514,5498,5725,12317,19107,13914,28946,17738,43141,24285,38830,20800,20282,66277,87365,50020,91762,814987,516398,121460,29462,458073,205,45
2021-04-06T23:59:59+02:00,22307,26706,46544,68335,50583,86645,60539,120595,82957,119466,80250,82234,147267,186418,61776,111887,5309,5568,11972,18756,13566,28520,17205,42586,23428,38026,19680,19256,63136,83291,49103,90389,795771,503122,118259,26537,440698,193,42
2021-04-05T23:59:59+02:00,22211,26582,46234,67995,50204,86247,59996,119906,81782,118315,75788,77161,142281,180332,61574,111571,5171,5429,11711,18505,13273,28208,16888,42215,22984,37566,19217,18787,60279,79751,48407,89326,786382,493845,116513,23747,425502,188,39
2021-04-04T23:59:59+02:00,22163,26524,46115,67730,50036,85935,59721,119406,81276,117687,74354,75457,141582,179357,61537,111489,5168,5423,11696,18493,13262,28192,16870,42199,22889,37494,18811,18464,58846,77909,48203,89015,783863,489076,116412,23745,420316,180,35
2021-04-03T23:59:59+02:00,22101,26444,45992,67623,49875,85760,59405,119096,80709,117113,73014,73826,140471,177822,61454,111341,5160,5416,11683,18475,13239,28172,16836,42153,22784,37423,18676,18315,58496,77352,48114,88871,777524,487308,116370,23745,418374,180,34
2021-04-02T23:59:59+02:00,22025,26362,45833,67461,49659,85513,58939,118646,79835,116303,71462,71950,138199,174847,61257,110983,5142,5379,11638,18435,13186,28091,16749,42006,22512,36947,18319,17953,56163,74478,47304,87779,768445,478865,114601,23104,416450,180,33
2021-04-01T23:59:59+02:00,21824,26156,45419,66942,49022,84778,58067,117710,77957,114640,68210,68533,134132,169687,60939,110418,4999,5240,11371,18175,12963,27858,16428,41698,22014,36509,17509,17213,51356,68471,45634,85328,756841,460936,108530,21737,409287,165,28
2021-03-31T23:59:59+02:00,21498,25937,45019,66424,48534,84132,57344,116774,76805,113403,66175,66222,129394,163583,60536,109696,4920,5190,11276,18057,12806,27708,16192,41432,21427,36003,16386,16317,46167,62087,44265,83359,747116,442709,101399,20796,403188,162,25
2021-03-30T23:59:59+02:00,21325,25717,44623,65808,48034,83338,56642,115725,75674,112038,64343,64207,125024,157843,60069,108797,4853,5106,11173,17932,12615,27519,15866,41108,20853,35453,15557,15515,43419,58686,43154,81572,736977,430886,97190,19439,395269,132,21
2021-03-29T23:59:59+02:00,21127,25478,44166,65259,47560,82649,55910,114654,74462,110611,61868,61474,118308,149224,59299,107404,4758,5038,11068,17824,12464,27354,15620,40791,20398,34988,14908,14977,40839,55709,42051,79760,716524,419738,93777,18766,389380,118,21
2021-03-28T23:59:59+02:00,20924,25191,43670,64577,47048,81913,55234,113654,73525,109512,60614,60046,113618,143265,58855,106648,4704,4980,10923,17681,12213,27056,15429,40545,20232,34758,14672,14735,39762,54300,41703,79224,710023,415456,86490,17442,382009,94,21
2021-03-27T23:59:59+01:00,20807,25036,43378,64215,46690,81387,54736,112965,72860,108779,59473,58971,112142,141562,58788,106569,4691,4968,10896,17662,12195,27027,15069,40122,19836,34322,14380,14523,39278,53617,41230,78408,704794,411421,85793,16790,377998,88,21
2021-03-26T23:59:59+01:00,20556,24525,42581,62520,45729,79374,53407,109952,70857,105184,57469,57098,109398,138338,58462,106056,4671,4935,10873,17611,12126,26937,14991,40013,19501,33737,13915,13876,36223,49792,39177,75173,693461,396979,82495,16573,365774,74,21
2021-03-25T23:59:59+01:00,20125,23853,41710,60764,44643,76828,51898,106443,68473,101431,54885,54470,106095,134378,57891,105068,4625,4881,10782,17509,12008,26797,14807,39796,19229,33433,13441,13386,32392,44769,36192,70660,682070,378734,78306,15978,348803,70,19
2021-03-24T23:59:59+01:00,19729,23414,40942,59508,43637,75307,50534,104534,66394,99112,52117,51565,101854,129296,57254,103993,4571,4815,10690,17373,11844,26598,14579,39513,18864,33015,12987,12933,29833,41563,33084,65832,669319,363229,73445,14878,336652,66,15
2021-03-23T23:59:59+01:00,19483,23116,40387,58603,42921,74223,49506,103027,64750,97262,49832,49229,99105,126092,56696,103160,4512,4746,10591,17249,11698,26419,14339,39206,18453,32630,12486,12428,27409,38475,29430,59948,661249,345746,70105,14290,326263,61,14
2021-03-22T23:59:59+01:00,19265,22709,39756,57729,42259,73190,48567,101646,63281,95640,48013,47360,96714,123352,56223,102385,4452,4699,10506,17135,11569,26244,14183,38966,18215,32329,12178,12059,25582,36134,25497,53599,654983,329628,67302,13738,316028,59,14
2021-03-21T23:59:59+01:00,19130,22452,39270,56977,41715,72348,47924,100496,62343,94416,46971,46340,95074,121508,55854,101807,4439,4692,10470,17088,11525,26159,14123,38876,18135,32230,12059,11928,25154,35685,25144,53042,652421,327448,65278,13325,307147,54,13
2021-03-20T23:59:59+01:00,19069,22306,39060,56487,41478,71790,47614,99864,61905,93815,46322,45575,92482,118283,55569,101322,4430,4685,10461,17076,11498,26143,14081,38840,18053,32156,11900,11767,24515,34911,24383,51958,645980,323745,64833,13136,302347,54,13
2021-03-19T23:59:59+01:00,18717,21743,37931,54374,40203,69802,45891,97784,59034,91060,41896,41717,87280,112534,54871,100242,4410,4672,10429,17030,11435,26033,13993,38673,17818,31861,11549,11491,22851,32857,22707,49401,628279,314466,57646,12774,289369,47,13
2021-03-18T23:59:59+01:00,18325,21098,36761,52225,38666,67017,43743,93329,55195,85273,37879,37933,82558,107062,53786,98584,4390,4645,10361,16928,11357,25881,13844,38478,17599,31658,11317,11309,21607,31348,20999,46807,611392,306400,51912,12164,266339,40,13
2021-03-17T23:59:59+01:00,17907,20749,36039,51311,37908,66068,42666,91980,53413,83450,35219,35159,78541,102243,52842,97112,4367,4621,10299,16835,11285,25748,13731,38292,17402,31468,11080,11088,20371,29942,19410,44409,594785,298926,47523,11459,260504,37,13
2021-03-16T23:59:59+01:00,17551,20333,35295,50246,37095,64879,41571,90319,51579,81466,33021,33147,74540,97328,51963,95803,4317,4572,10227,16709,11195,25598,13634,38056,17266,31226,10911,10913,19098,28431,17933,42093,581603,291194,42842,11024,251894,36,11
2021-03-15T23:59:59+01:00,17274,19971,34591,49271,36308,63692,40671,88840,50323,79868,31305,31314,71264,93244,51267,94670,4296,4538,10161,16586,11129,25398,13520,37769,17117,30955,10744,10754,18375,27471,16681,40237,570509,285409,39525,10376,244049,32,0
2021-03-14T23:59:59+01:00,17006,19544,33741,48067,35409,62377,39622,87015,49077,78149,30143,30084,69274,90687,50824,93995,4271,4520,10116,16509,11072,25256,13460,37547,17027,30791,10673,10671,18193,27190,16419,39678,563418,284215,37653,9242,234149,22,0
2021-03-13T23:59:59+01:00,16201,18505,32269,46071,33844,60280,37597,83982,46961,75632,28802,28739,67261,88071,50555,93604,4271,4520,10114,16504,11069,25249,13452,37540,17021,30782,10636,10638,17452,26305,15375,38229,547090,279978,37368,9241,224110,22,0
2021-03-12T23:59:59+01:00,15099,17131,29832,43426,31183,57146,34739,79130,43757,71180,25972,25555,62964,82773,49576,92204,4260,4486,10097,16442,11051,25198,13406,37425,16931,30653,10361,10412,16573,25064,14307,36711,519115,274209,36059,9230,206680,19,0
2021-03-11T23:59:59+01:00,14063,15673,27595,40738,28866,53964,32153,74749,40014,66298,22577,22088,56972,75468,47648,89366,4219,4451,10017,16325,10941,24973,13290,37115,16767,30351,10061,10201,15944,24230,13640,35439,487145,270235,34471,7795,186790,15,0
2021-03-10T23:59:59+01:00,13469,14975,26192,39126,27222,52147,30598,72440,37502,63181,19838,19543,51063,68337,46099,87029,4186,4407,9919,16158,10823,24723,13144,36696,16568,29982,9830,10019,15202,23456,12981,34415,460776,265521,32432,7056,175724,12,0
2021-03-09T23:59:59+01:00,13185,14509,25077,38089,25813,50969,29543,70789,36124,61350,18663,18423,47558,63904,44974,85241,4162,4382,9835,15991,10720,24464,12992,36381,16395,29747,9707,9917,14542,22621,12487,33643,447204,261829,29911,6224,167254,12,0
2021-03-08T23:59:59+01:00,12856,13909,23996,36988,24547,49831,28606,69308,34895,59735,17587,17545,43449,58921,43746,83259,4147,4347,9774,15793,10618,24208,12860,36025,16269,29482,9628,9840,14048,22017,12173,33204,431771,258674,27905,5833,159657,4,0
2021-03-07T23:59:59+01:00,12623,13617,23404,36139,23851,48957,28008,68438,34290,58984,17327,17297,42384,57478,43381,82696,4135,4334,9754,15752,10591,24135,12829,35856,16212,29369,9607,9811,13851,21764,12037,33002,427033,257621,26094,5495,155899,0,0
2021-03-06T23:59:59+01:00,12510,13326,23003,35406,23323,48170,26965,66915,33194,57224,16941,16968,41740,56590,43080,82229,4132,4320,9743,15727,10573,24102,12819,35814,16194,29338,9590,9770,13805,21726,11935,32794,422979,257245,26030,5214,148725,0,0
2021-03-05T23:59:59+01:00,12100,12725,22325,34208,22643,46943,26211,65291,31963,54808,16299,16138,38281,52288,40924,78787,4104,4274,9673,15628,10524,23955,12751,35620,16109,29134,9495,9701,13621,21514,11572,32190,407805,255563,24581,4378,139691,0,0
2021-03-04T23:59:59+01:00,11340,11720,21139,32488,21428,44903,24858,62640,30273,52454,15570,15422,34281,47126,37852,74104,4058,4186,9563,15344,10422,23600,12619,35098,15965,28739,9324,9550,13465,21304,11488,32045,389394,252558,22509,4286,125836,0,0
2021-03-03T23:59:59+01:00,11035,11234,20453,31276,20659,43553,23958,60898,29236,50819,15095,14921,31674,43806,34768,69337,4018,4124,9484,15176,10343,23353,12515,34679,15789,28393,9143,9424,13341,21090,11342,31776,373973,249941,21718,4123,117168,0,0
2021-03-02T23:59:59+01:00,10772,10812,19810,30311,19946,42540,23178,59517,28269,49547,14468,14277,29001,40436,30885,63123,3970,4053,9423,15013,10275,23092,12414,34253,15688,28087,9019,9322,13204,20902,11266,31631,355816,247562,20211,4122,110995,0,0
2021-03-01T23:59:59+01:00,10600,10553,19300,29509,19386,41663,22590,58447,27558,48425,14053,13823,26934,37851,26637,56248,3955,4005,9369,14859,10213,22795,12335,33876,15583,27764,8937,9262,13023,20638,11156,31453,338636,245172,19102,4122,105967,0,0
2021-02-28T23:59:59+01:00,10433,10354,18833,28865,18857,40929,22113,57597,27073,47636,13846,13583,26329,37191,26233,55646,3939,3991,9344,14827,10195,22744,12318,33806,15557,27718,8911,9238,12893,20463,11094,31303,336201,244325,18243,4087,101200,0,0
2021-02-27T23:59:59+01:00,10254,9839,18504,27998,18599,40145,21828,56617,26745,46843,13570,13281,25662,36388,25312,54228,3928,3981,9323,14807,10164,22696,12279,33724,15515,27645,8890,9222,12884,20447,11090,31297,332296,243979,17522,3984,96119,0,0
2021-02-26T23:59:59+01:00,9458,9053,17604,26560,17818,37939,20901,53772,25287,44022,13105,12882,24076,34401,23791,51923,3847,3914,9245,14647,10090,22441,12198,33359,15399,27353,8810,9140,12817,20379,11049,31227,323196,242075,17269,3910,82246,0,0
2021-02-25T23:59:59+01:00,8300,8203,16285,24961,16552,35678,19665,50889,23582,41245,12632,12485,22797,32811,22297,49641,3725,3771,9083,14336,9871,21840,11946,32512,15076,26702,8616,8988,12558,20057,10908,30959,315585,237955,16500,3063,66054,0,0
2021-02-24T23:59:59+01:00,7935,7681,15631,23926,15923,34441,18950,49379,22792,40046,12236,12150,21494,31315,20618,47017,3652,3705,8943,14045,9697,21388,11749,31890,14815,26168,8477,8851,12417,19884,10843,30748,307354,235194,15536,2146,58758,0,0
2021-02-23T23:59:59+01:00,7451,7206,14821,22756,15239,33223,18231,47972,22074,38979,11932,11828,20158,29744,19007,44464,3612,3632,8823,13843,9562,20993,11562,31314,14516,25671,8308,8709,12291,19674,10773,30517,299262,232381,14736,1486,51199,0,0
2021-02-22T23:59:59+01:00,7344,6999,14438,22139,14890,32497,17769,46966,21580,38245,11736,11580,19412,28739,17696,42514,3582,3531,8687,13551,9398,20493,11308,30579,14144,25076,8062,8519,12093,19423,10669,30213,293417,229090,14125,304,47113,0,0
2021-02-21T23:59:59+01:00,7254,6874,14118,21700,14471,31914,17355,46312,21145,37751,11630,11479,19249,28526,17449,42181,3544,3492,8605,13428,9323,20276,11237,30289,14023,24808,8000,8457,12037,19316,10598,30052,292275,227260,13753,290,43488,0,0
2021-02-20T23:59:59+01:00,7137,6824,13993,21620,14355,31780,17236,46162,20987,37570,11531,11397,18471,27609,16394,40712,3542,3486,8595,13420,9313,20255,11223,30264,14010,24798,7995,8449,11973,19253,10545,29985,288029,226882,13556,289,42298,0,0
2021-02-19T23:59:59+01:00,6836,6571,13640,21182,13985,31112,16763,45368,20283,36702,10930,10998,17428,26278,15237,39104,3462,3463,8520,13393,9272,20198,11185,30173,13951,24704,7952,8390,11751,18980,10352,29654,281658,225177,13181,288,37679,0,0
2021-02-18T23:59:59+01:00,6441,6098,13013,20044,13345,29737,15948,43497,19413,35125,10703,10780,16838,25527,14661,38221,3277,3327,8187,12855,8980,19452,10836,29138,13586,23881,7746,8082,11166,18029,9855,28504,278096,216678,12599,288,28795,0,0
2021-02-17T23:59:59+01:00,6277,5754,12569,19164,12857,28545,15249,41774,18766,33801,10480,10529,16082,24713,13884,37031,3027,3167,7848,12343,8678,18666,10466,28095,13195,23031,7514,7846,10610,17181,9417,27688,273428,208549,11868,286,22275,0,0
2021-02-16T23:59:59+01:00,5952,5453,12032,18330,12356,27468,14704,40395,18175,32769,10328,10425,15414,23884,13377,36244,2845,3048,7547,11896,8372,17943,10071,27012,12731,22136,7244,7554,9893,16011,8691,26139,269893,199063,11372,132,16134,0,0
2021-02-15T23:59:59+01:00,5847,5276,11739,17689,12090,26685,14356,39403,17828,31999,10203,10316,14856,23231,13016,35705,2756,2968,7358,11576,8155,17439,9772,26171,12382,21455,6963,7272,9193,14956,8176,24861,266796,191428,10769,87,12767,0,0
2021-02-14T23:59:59+01:00,5580,5162,11491,17417,11869,26249,14123,38958,17637,31722,10158,10265,14622,22892,12851,35311,2706,2930,7244,11412,8028,17234,9597,25840,12205,21154,6868,7149,8973,14572,7988,24327,265795,188202,9834,86,10770,0,0
2021-02-13T23:59:59+01:00,5520,5124,11441,17381,11839,26218,14096,38926,17617,31703,10145,10238,14595,22861,12840,35294,2702,2927,7239,11405,8016,17214,9582,25807,12178,21110,6838,7116,8819,14361,7637,23701,265554,186705,9833,8,10543,0,0
2021-02-12T23:59:59+01:00,5004,4805,10870,17019,11521,25669,13777,38282,17290,31062,10035,10132,14413,22647,12760,35185,2652,2894,7147,11250,7915,16984,9432,25415,11963,20667,6658,6886,8458,13801,7045,22362,263865,181583,9822,7,6874,0,0
2021-02-11T23:59:59+01:00,4542,4506,10284,16340,11109,24863,13298,37021,16800,30203,9723,9875,14132,22200,12480,34502,2484,2621,6549,10064,7228,15255,8577,22807,10916,18593,6012,6174,7415,12186,6230,20044,260648,163208,8183,4,3135,0,0
2021-02-10T23:59:59+01:00,4295,4340,9948,15887,10801,24324,12987,36139,16384,29452,9511,9737,13951,21994,12388,34296,2125,2333,5616,8617,6435,13217,7590,19912,9797,16572,5469,5589,6435,10531,5458,18000,257999,143743,7687,2,835,0,0
2021-02-09T23:59:59+01:00,4232,4242,9825,15619,10692,23925,12817,35519,16171,28980,9333,9602,13758,21785,12247,34074,1730,1982,4841,7359,5666,11427,6674,17412,8713,14582,4892,4962,5390,8983,4730,15901,255566,125288,6910,1,431,0,0
2021-02-08T23:59:59+01:00,4199,4189,9733,15409,10583,23566,12699,35056,16031,28621,9240,9536,13557,21505,12142,33885,1566,1787,4286,6374,5009,9858,5859,14893,7697,12736,4335,4433,4412,7403,3968,13831,253214,108488,6395,1,425,0,0
2021-02-07T23:59:59+01:00,4032,4122,9577,15274,10480,23399,12620,34793,15919,28427,9200,9491,13413,21324,12070,33742,1353,1541,3867,5703,4599,8981,5435,13739,7215,11788,4079,4174,4183,7012,3810,13237,252113,100754,5851,1,0,0,0
2021-02-06T23:59:59+01:00,4023,4113,9567,15258,10467,23363,12598,34743,15902,28370,9180,9477,13395,21289,11965,33546,1201,1345,3636,5397,4413,8556,5215,13152,6935,11231,3942,4037,4059,6863,3532,12780,251769,96329,5568,1,0,0,0
2021-02-05T23:59:59+01:00,3950,4046,9495,15117,10400,23113,12513,34372,15787,28089,9097,9403,13322,21214,11616,32949,1060,1116,3356,4953,4155,7977,4898,12376,6550,10504,3681,3792,3899,6636,3030,11895,249886,89911,4676,0,0,0,0
2021-02-04T23:59:59+01:00,3893,3923,9375,14801,10223,22568,12324,33578,15570,27527,8974,9292,13098,20922,11503,32748,796,782,2534,3707,3219,6241,3949,9836,5229,8294,3002,3083,3276,5657,2638,10404,245946,72671,4452,0,0,0,0
2021-02-03T23:59:59+01:00,3825,3852,9269,14578,10119,22230,12192,33068,15419,27102,8865,9177,12956,20744,11427,32582,661,614,1914,2797,2487,4824,2985,7558,3999,6253,2195,2223,2394,4196,1911,7799,243200,54829,4284,0,0,0,0
2021-02-02T23:59:59+01:00,3759,3760,9170,14386,10023,21850,12048,32504,15218,26648,8742,9063,12834,20534,11343,32314,525,487,1445,2064,1902,3628,2244,5749,2981,4678,1554,1525,1631,2762,1330,5188,239991,39707,4282,0,0,0,0
2021-02-01T23:59:59+01:00,3718,3670,9090,14153,9917,21461,11911,31866,15037,26143,8624,8916,12726,20391,11292,32139,390,352,1005,1425,1253,2414,1461,3770,1850,2964,983,970,968,1685,762,3010,236849,25271,4282,0,0,0,0
2021-01-31T23:59:59+01:00,3700,3635,9037,14044,9848,21261,11847,31572,14937,25946,8569,8858,12675,20279,11248,32010,360,331,885,1235,1064,2043,1260,3218,1617,2598,885,879,864,1503,691,2705,235371,22145,4171,0,0,0,0
2021-01-30T23:59:59+01:00,3700,3632,9027,14032,9834,21239,11834,31552,14925,25932,8565,8853,12617,20217,11199,31947,343,307,826,1152,1007,1920,1196,3029,1542,2461,857,853,846,1463,676,2653,235057,21137,4124,0,0,0,0
2021-01-29T23:59:59+01:00,3640,3618,8967,14003,9805,21188,11802,31477,14880,25865,8541,8830,12431,19992,11019,31704,276,224,707,981,863,1560,1043,2640,1331,2136,768,763,797,1408,658,2600,233840,18759,3998,0,0,0,0
2021-01-28T23:59:59+01:00,3521,3532,8764,13615,9585,20676,11572,30900,14554,25367,8405,8730,11997,19372,10663,31123,130,57,289,359,376,605,456,1143,604,957,407,421,467,809,376,1571,229058,9028,3394,0,0,0,0
2021-01-27T23:59:59+01:00,3290,3397,8471,13200,9284,20056,11190,30066,14168,24630,8189,8518,11449,18570,10238,30361,78,33,200,221,241,410,302,796,425,659,309,307,347,603,283,1149,222361,6363,2788,0,0,0,0
2021-01-26T23:59:59+01:00,3122,3300,8190,12864,9021,19486,10885,29310,13771,24003,7953,8297,10871,17656,9591,29209,73,29,185,211,225,376,286,745,394,598,294,282,320,541,257,1019,215653,5835,1947,0,0,0,0
2021-01-25T23:59:59+01:00,3035,3205,7909,12383,8731,18779,10499,28308,13291,23241,7670,8099,10252,16840,9135,28309,65,21,165,190,193,320,247,625,342,495,257,238,266,465,209,831,209353,4929,402,0,0,0,0
2021-01-24T23:59:59+01:00,2991,3185,7824,12305,8659,18655,10390,28148,13163,23059,7629,8064,10187,16728,9087,28213,64,20,161,186,191,307,244,605,334,481,248,234,264,458,205,816,208055,4818,300,0,0,0,0
2021-01-23T23:59:59+01:00,2990,3184,7823,12302,8655,18645,10389,28136,13157,23054,7622,8062,10062,16564,8760,27626,63,20,161,186,190,306,242,605,332,481,248,234,264,458,205,815,206801,4810,298,0,0,0,0
2021-01-22T23:59:59+01:00,2928,3138,7700,12190,8572,18506,10280,27966,13077,22940,7592,8029,9864,16262,8242,26602,63,20,160,186,190,306,242,605,331,481,248,234,264,458,205,815,203658,4808,298,0,0,0,0
2021-01-21T23:59:59+01:00,2846,2969,7201,11277,8088,17364,9743,26345,12473,21724,7309,7701,9224,15301,7717,25531,57,18,145,172,173,275,217,529,294,442,222,207,233,378,175,684,192580,4221,298,0,0,0,0
2021-01-20T23:59:59+01:00,2487,2624,6322,9876,7345,15410,8791,23516,11364,19655,6709,7049,8131,13538,6904,23315,56,18,144,167,170,273,210,516,283,420,210,200,227,353,162,646,172799,4055,295,0,0,0,0
2021-01-19T23:59:59+01:00,2045,2267,5424,8496,6483,13519,7771,20728,10095,17416,5952,6165,6744,11346,5884,20260,39,11,95,124,114,170,147,352,184,292,133,115,138,235,113,479,150432,2741,214,0,0,0,0
2021-01-18T23:59:59+01:00,1770,1978,4670,7116,5529,11280,6577,17133,8666,14704,5072,5287,5359,9093,4810,16774,21,6,36,46,52,79,64,160,72,147,59,54,65,131,62,220,125776,1274,91,0,0,0,0
2021-01-17T23:59:59+01:00,1493,1690,4158,6323,5023,10149,6042,15559,8027,13442,4732,4937,4987,8419,4481,15769,8,2,8,15,15,28,18,50,26,56,23,23,19,31,13,47,115185,382,88,0,0,0,0
2021-01-16T23:59:59+01:00,1326,1485,3942,6003,4843,9709,5783,14893,7697,12749,4543,4709,4776,8144,4126,15165,0,0,0,1,1,2,1,1,1,2,0,1,1,0,0,1,109928,12,5,0,0,0,0
2021-01-15T23:59:59+01:00,1176,1259,3688,5583,4590,9144,5491,14054,7289,11950,4251,4416,4590,7837,3591,14119,0,0,0,0,0,0,0,0,0,0,0,0,0,0,0,0,103062,0,3,0,0,0,0
2021-01-14T23:59:59+01:00,901,943,2943,4398,3724,7330,4549,11314,5895,9606,3454,3553,3859,6622,3108,12316,0,0,0,0,0,0,0,0,0,0,0,0,0,0,0,0,84544,0,0,0,0,0,0
2021-01-13T23:59:59+01:00,765,788,2472,3670,3139,6111,3780,9380,4803,7733,2582,2640,2912,5041,2376,9414,0,0,0,0,0,0,0,0,0,0,0,0,0,0,0,0,67631,0,0,0,0,0,0
2021-01-12T23:59:59+01:00,634,659,2071,3013,2584,4970,3029,7562,3787,6081,1852,1821,1990,3409,1680,6422,0,0,0,0,0,0,0,0,0,0,0,0,0,0,0,0,51586,0,0,0,0,0,0
2021-01-11T23:59:59+01:00,492,524,1729,2440,2075,3970,2347,5751,2812,4413,1191,1126,1193,2000,920,3644,0,0,0,0,0,0,0,0,0,0,0,0,0,0,0,0,36645,0,0,0,0,0,0
2021-01-10T23:59:59+01:00,436,454,1471,2015,1734,3250,1937,4766,2336,3695,1050,1002,1048,1755,819,3193,0,0,0,0,0,0,0,0,0,0,0,0,0,0,0,0,30973,0,0,0,0,0,0
2021-01-09T23:59:59+01:00,404,410,1348,1839,1589,2960,1784,4319,2151,3364,975,932,989,1701,801,3151,0,0,0,0,0,0,0,0,0,0,0,0,0,0,0,0,28727,0,0,0,0,0,0
2021-01-08T23:59:59+01:00,307,282,1101,1498,1311,2294,1467,3541,1781,2750,843,827,901,1579,756,3000,0,0,0,0,0,0,0,0,0,0,0,0,0,0,0,0,24246,0,0,0,0,0,0
2021-01-07T23:59:59+01:00,144,76,394,505,476,785,589,1363,776,1200,466,478,559,961,463,1907,0,0,0,0,0,0,0,0,0,0,0,0,0,0,0,0,11143,0,0,0,0,0,0
2021-01-06T23:59:59+01:00,109,44,264,283,305,509,394,924,526,821,358,359,423,747,357,1440,0,0,0,0,0,0,0,0,0,0,0,0,0,0,0,0,7864,0,0,0,0,0,0
2021-01-05T23:59:59+01:00,85,31,186,229,238,423,316,815,443,702,342,343,406,714,350,1385,0,0,0,0,0,0,0,0,0,0,0,0,0,0,0,0,7009,0,0,0,0,0,0
2021-01-04T23:59:59+01:00,67,25,169,192,197,330,252,632,349,510,267,251,285,516,233,927,0,0,0,0,0,0,0,0,0,0,0,0,0,0,0,0,5202,0,0,0,0,0,0
2021-01-03T23:59:59+01:00,65,21,163,187,193,316,250,617,341,493,260,249,281,503,231,910,0,0,0,0,0,0,0,0,0,0,0,0,0,0,0,0,5080,0,0,0,0,0,0
2021-01-02T23:59:59+01:00,65,21,163,187,193,316,248,617,338,493,260,249,281,503,231,909,0,0,0,0,0,0,0,0,0,0,0,0,0,0,0,0,5074,0,0,0,0,0,0
2021-01-01T23:59:59+01:00,64,21,162,187,193,315,248,617,336,491,260,249,281,502,231,909,0,0,0,0,0,0,0,0,0,0,0,0,0,0,0,0,5066,0,0,0,0,0,0
2020-12-31T23:59:59+01:00,64,21,162,185,193,314,247,616,335,490,260,249,281,502,231,909,0,0,0,0,0,0,0,0,0,0,0,0,0,0,0,0,5059,0,0,0,0,0,0
2020-12-30T23:59:59+01:00,63,21,162,184,191,311,247,615,335,488,260,249,281,502,231,909,0,0,0,0,0,0,0,0,0,0,0,0,0,0,0,0,5049,0,0,0,0,0,0
2020-12-29T23:59:59+01:00,46,12,114,140,142,212,180,442,236,374,179,164,193,373,170,709,0,0,0,0,0,0,0,0,0,0,0,0,0,0,0,0,3686,0,0,0,0,0,0
2020-12-28T23:59:59+01:00,25,8,62,77,80,122,99,251,117,232,98,93,102,200,103,388,0,0,0,0,0,0,0,0,0,0,0,0,0,0,0,0,2057,0,0,0,0,0,0
2020-12-27T23:59:59+01:00,11,3,17,26,36,47,35,88,36,94,32,29,39,73,32,145,0,0,0,0,0,0,0,0,0,0,0,0,0,0,0,0,743,0,0,0,0,0,0
