Datum,<15_m,<15_w,15-24_1_m,15-24_1_w,25-34_1_m,25-34_1_w,35-44_1_m,35-44_1_w,45-54_1_m,45-54_1_w,55-64_1_m,55-64_1_w,65-74_1_m,65-74_1_w,75-84_1_m,75-84_1_w,>84_1_m,>84_1_w,<24_2_m,<24_2_w,25-34_2_m,25-34_2_w,35-44_2_m,35-44_2_w,45-54_2_m,45-54_2_w,55-64_2_m,55-64_2_w,65-74_2_m,65-74_2_w,75-84_2_m,75-84_2_w,>84_2_m,>84_2_w,bp_1,bp_2,mo_1,mo_2,az_1,az_2,ja,unb_1,unb_2
2021-08-11T23:59:59+02:00,27385,25434,249676,240649,359316,330767,378818,372039,444451,454760,500141,503109,344443,384880,242509,310529,71438,130748,199882,193434,317851,290236,345434,336722,414090,422232,472788,476106,330780,369286,233820,298648,68385,124434,3834293,3485046,513334,472109,806141,751209,217684,502,359
2021-08-10T23:59:59+02:00,27150,25182,248876,239946,358653,330255,378316,371530,443994,454312,499721,502737,344268,384696,242428,310404,71417,130709,196154,189784,313438,286236,342558,334035,412048,420352,471252,474701,330137,368642,233547,298256,68332,124324,3829452,3456717,513060,471050,806110,750082,216333,501,359
2021-08-09T23:59:59+02:00,26976,24998,248308,239440,358167,329841,377928,371195,443635,454011,499416,502481,344132,384566,242366,310301,71398,130677,192268,185881,308183,281815,339938,331701,410240,418662,469704,473295,329539,367985,233292,297900,68279,124197,3826196,3429096,512894,468344,806083,749013,215024,501,359
2021-08-08T23:59:59+02:00,26829,24861,247886,239085,357844,329538,377623,370943,443372,453774,499208,502315,344032,384471,242309,310226,71381,130647,191264,184858,306687,280587,338701,330614,409432,417947,469170,472810,329293,367731,233176,297745,68255,124152,3823998,3421214,512746,467019,806035,748552,213926,501,359
2021-08-07T23:59:59+02:00,26686,24694,247388,238647,357486,329218,377320,370675,443091,453542,498988,502150,343965,384382,242274,310178,71373,130637,187783,181428,304806,278879,337096,329156,408176,416750,468307,472065,328966,367389,233056,297574,68223,124120,3821270,3402708,512642,465770,806025,748362,213118,501,356
2021-08-06T23:59:59+02:00,26467,24461,246539,238000,356734,328625,376667,370111,442454,453030,498471,501772,343732,384179,242176,310067,71361,130616,184149,177957,301569,276206,334998,327352,406615,415443,467048,471120,328589,367010,232896,297424,68199,124076,3818759,3384083,511332,464058,806017,747285,209715,501,356
2021-08-05T23:59:59+02:00,26155,24151,245409,237103,355878,327791,375889,369419,441754,452373,497829,501254,343465,383886,242065,309896,71320,130554,179764,174079,296302,271884,330972,323868,403870,412993,464842,469365,327939,366325,232637,297065,68142,123967,3812700,3356674,511081,459484,805962,743623,206809,501,356
2021-08-04T23:59:59+02:00,25800,23817,244307,236154,354931,326916,375143,368736,441158,451792,497280,500756,343195,383624,241947,309730,71295,130484,176336,170814,292599,268793,326597,320001,401649,410933,463165,467836,327252,365633,232369,296722,68085,123866,3806459,3329792,510749,457741,805932,741884,204294,493,355
2021-08-03T23:59:59+02:00,25344,23405,242960,234986,354057,326104,374454,368064,440518,451140,496704,500233,342913,383329,241823,309557,71252,130419,172888,167408,288546,265187,321552,315445,398944,408410,460861,465761,326435,364783,232023,296261,68019,123731,3798682,3298105,510590,455877,805897,739823,202462,493,355
2021-08-02T23:59:59+02:00,25028,23098,241923,234045,353226,325376,373772,367481,439974,450607,496193,499789,342657,383062,241710,309408,71226,130360,169273,163833,283899,261265,315731,310542,396222,405881,458642,463784,325666,363954,231731,295867,67958,123616,3792472,3264915,510349,453928,805844,737307,200638,493,354
2021-08-01T23:59:59+02:00,24878,22912,241303,233447,352654,324886,373352,367105,439552,450289,495850,499514,342527,382902,241637,309292,71213,130333,167744,162402,281450,259289,311123,306846,394378,404320,457174,462552,325247,363475,231569,295654,67931,123557,3788889,3247174,510042,451807,805756,734869,199325,493,354
2021-07-31T23:59:59+02:00,24769,22808,240965,233135,352385,324667,373116,366936,439367,450141,495744,499416,342494,382865,241617,309279,71212,130328,164000,158582,278654,256762,309050,304863,392988,403038,456032,461571,324930,363101,231435,295482,67905,123511,3787311,3224405,509857,450874,805752,734083,198690,493,354
2021-07-30T23:59:59+02:00,24483,22553,240177,232431,351821,324147,372637,366482,438915,449745,495388,499126,342355,382727,241573,309201,71199,130312,160277,154839,275272,253679,306052,302071,390776,400954,454200,460006,324434,362575,231227,295192,67872,123455,3783294,3199483,509503,449684,805736,730958,197105,493,354
2021-07-29T23:59:59+02:00,24145,22219,238656,231189,350683,323093,371690,365591,438082,448970,494596,498513,342026,382422,241439,309026,71164,130250,155455,150401,269933,249537,300196,297340,386465,397504,451178,457627,323608,361739,230920,294789,67812,123359,3775876,3165860,508848,444888,805656,725883,193738,493,354
2021-07-28T23:59:59+02:00,23853,21937,237520,230167,349812,322270,370969,364923,437463,448310,494042,498037,341776,382129,241309,308841,71130,130180,151718,146779,265474,245915,295796,293415,383220,394679,449107,455793,322954,360987,230662,294407,67748,123238,3769285,3135379,508326,442984,805579,723266,191843,492,354
2021-07-27T23:59:59+02:00,23585,21713,236535,229216,348994,321544,370288,364352,436901,447708,493532,497593,341543,381836,241178,308652,71095,130082,146727,141696,259611,240826,290540,288696,379249,391019,445962,453015,321983,359896,230301,293909,67660,123082,3763112,3094131,507785,440698,805524,719551,190291,492,353
2021-07-26T23:59:59+02:00,23353,21479,235576,228265,348229,320860,369699,363810,436358,447231,493085,497235,341318,381599,241052,308498,71072,130025,142405,137327,254094,236067,285390,284241,374808,387087,442455,450003,321039,358936,229975,293436,67588,122946,3757565,3054906,507163,438457,805447,715226,188932,492,353
2021-07-25T23:59:59+02:00,22999,21179,234251,227127,347303,320114,369035,363164,435790,446704,492633,496837,341127,381387,240965,308368,71051,129962,140565,135597,251443,233876,282918,282164,372679,385326,440389,448232,320535,358425,229778,293208,67563,122870,3750627,3040082,506788,436290,805386,710883,187558,492,353
2021-07-24T23:59:59+02:00,22756,20990,233336,226285,346590,319476,368469,362652,435268,446273,492279,496563,341011,381290,240923,308306,71048,129953,137676,132810,248723,231569,280365,279967,370435,383481,439159,447250,320190,358089,229634,293030,67544,122836,3746704,3021828,506024,433297,805377,710547,185725,492,353
2021-07-23T23:59:59+02:00,22338,20604,231844,224969,345286,318564,367436,361802,434396,445492,491586,496039,340776,381021,240836,308193,71027,129917,132221,127988,243381,227304,275922,276204,366761,380309,436528,445059,319492,357369,229381,292721,67490,122755,3739343,2986501,505562,431538,805321,708418,182261,492,352
2021-07-22T23:59:59+02:00,21839,20129,229756,223022,343564,317052,365949,360534,433095,444369,490617,495155,340359,380581,240666,307952,70982,129837,127904,123960,237417,222823,269566,271168,359891,374838,431088,440579,318325,356120,228956,292205,67396,122604,3727102,2944657,503986,425579,805186,702134,179541,492,352
2021-07-21T23:59:59+02:00,21335,19614,227896,221223,341901,315552,364348,358984,431545,442996,489410,494005,339812,380067,240421,307672,70929,129744,124167,120416,231983,218604,264068,266668,351788,367941,426506,436853,317210,354974,228498,291641,67315,122426,3716301,2909329,500257,414757,804968,697366,176284,492,349
2021-07-20T23:59:59+02:00,21032,19338,226445,219770,340697,314406,363398,358122,430702,442224,488701,493372,339479,379707,240280,307454,70902,129657,119856,116214,225668,213455,258269,261516,344690,361852,421825,432559,316125,353723,228089,291060,67220,122245,3707166,2865760,499858,407570,804851,692995,174166,492,348
2021-07-19T23:59:59+02:00,20718,19045,224730,218094,339404,313178,362375,357158,429901,441456,488035,492762,339183,379351,240133,307224,70858,129559,117120,113634,221319,209886,253681,257573,340990,358697,419220,430391,315410,353002,227800,290673,67149,122123,3696707,2840885,499447,402215,804766,688697,172598,492,348
2021-07-18T23:59:59+02:00,20567,18918,223452,216847,337822,311780,361327,356255,429111,440753,487509,492223,338955,379069,240004,307046,70837,129498,115636,112255,218693,207730,251337,255489,338757,356855,417202,428713,314933,352520,227639,290455,67128,122056,3687430,2828682,498915,397948,804692,685023,171288,492,347
2021-07-17T23:59:59+02:00,20175,18497,222309,215799,337251,311245,360744,355750,428604,440310,487100,491937,338851,378954,239962,306993,70834,129488,113575,110167,216241,205434,248889,253306,336349,354731,415762,427454,314601,352129,227504,290288,67104,122016,3681934,2811268,498717,395237,804682,684240,169828,486,346
2021-07-16T23:59:59+02:00,19636,17986,219770,213668,335524,309958,359248,354461,427144,439110,486007,491075,338449,378589,239789,306834,70809,129451,110473,107376,211500,201520,244363,249684,332070,351055,412427,424745,313683,351206,227156,289875,67050,121934,3671794,2783713,497966,392906,804525,680431,163580,486,344
2021-07-15T23:59:59+02:00,18999,17365,217004,211266,333635,308270,357677,353032,425818,437943,485074,490230,338054,378168,239591,306580,70767,129348,106585,104183,203168,195303,236905,244099,325504,345847,405390,418326,311954,349406,226617,289213,66979,121737,3656899,2737366,497373,384534,804413,673028,160490,486,344
2021-07-14T23:59:59+02:00,18160,16641,214590,208965,331961,306754,356290,351702,424613,436759,484054,489283,337605,377709,239356,306270,70713,129262,102999,100871,196739,190168,231215,239456,321232,342388,401229,414715,310651,348099,226217,288656,66900,121583,3642128,2703954,496816,379019,804289,666247,157806,486,343
2021-07-13T23:59:59+02:00,17513,15990,212426,206953,330376,305405,354969,350491,423459,435690,483112,488439,337172,377244,239154,306030,70678,129173,99258,97350,190282,184797,224116,233417,314577,336348,392859,406889,308864,346176,225617,287870,66792,121386,3628483,2661373,496264,366376,804146,656802,155733,485,337
2021-07-12T23:59:59+02:00,16500,15059,209163,203784,328323,303684,353402,349032,422226,434504,482140,487543,336759,376781,238975,305804,70638,129096,96174,94643,185019,180514,217155,227765,307772,330327,387779,402623,307146,344318,225030,287138,66693,121217,3610121,2623213,495714,359272,803977,648411,153952,484,336
2021-07-11T23:59:59+02:00,15990,14589,207821,202521,327592,302979,352745,348419,421673,434011,481699,487205,336573,376580,238915,305699,70617,129056,94758,93360,182261,178218,214170,225490,305095,328178,384958,400249,304684,341702,224653,286669,66641,121119,3603972,2608312,495079,357290,803856,637949,152134,477,332
2021-07-10T23:59:59+02:00,15516,14129,205983,200755,326135,301725,351620,347453,420953,433420,481229,486808,336407,376414,238850,305613,70607,129036,93469,92098,179750,176123,211151,223012,302588,326031,383801,399217,304039,341036,224473,286483,66625,121094,3595429,2591617,494455,357066,803621,636200,149502,477,332
2021-07-09T23:59:59+02:00,15194,13853,204077,198922,324535,300285,350558,346500,420055,432713,480665,486335,336204,376194,238753,305494,70591,129002,90696,89380,176228,172906,206814,218870,297575,321437,380369,396247,302950,339814,224171,286117,66588,121030,3586343,2562706,493598,355014,803430,628624,146909,477,331
2021-07-08T23:59:59+02:00,14735,13429,200611,195957,321243,297627,348202,344526,418354,431269,479237,485274,335771,375756,238576,305250,70548,128926,86412,85626,169011,167273,198704,212485,290225,315350,373454,390060,300257,336908,223400,285187,66471,120772,3571130,2516662,489554,346388,802912,618317,142042,477,331
2021-07-07T23:59:59+02:00,14236,12973,196891,192117,318103,294784,345907,342503,416803,429809,478046,484183,335295,375200,238388,304980,70511,128823,82737,82198,161739,161588,189697,205334,282266,308802,366453,383274,296963,333316,222500,284091,66333,120526,3549982,2468845,488203,332999,802531,608370,139180,476,329
2021-07-06T23:59:59+02:00,13779,12602,193473,188752,314866,292063,343445,340223,415094,428256,476789,483055,334796,374648,238193,304691,70459,128737,79190,78644,155093,156092,182312,199142,273356,300869,359992,377211,293776,330079,221620,283004,66225,120295,3530243,2416568,485156,326032,802114,598883,136752,475,329
2021-07-05T23:59:59+02:00,13383,12267,189102,184529,310846,288746,340950,337915,413434,426720,475652,481990,334323,374130,238020,304448,70426,128652,76144,75841,149996,152021,177563,195026,266468,294620,353900,371688,290512,326641,220741,281890,66117,120126,3507552,2377646,484007,321566,801627,588553,132692,469,329
2021-07-04T23:59:59+02:00,13206,12110,185276,180673,308232,286738,339648,336848,412560,425944,475072,481510,334103,373878,237930,304324,70400,128599,73965,73973,146916,149479,175243,192995,264040,292566,350799,369486,287213,323255,220164,281228,66062,120007,3495406,2363941,482720,319281,801059,577061,128210,469,327
2021-07-03T23:59:59+02:00,12017,11057,178861,174689,303989,283297,337327,334687,410753,424140,473871,480451,333703,373432,237756,304078,70376,128556,72194,72404,144500,147608,172811,190922,260988,289853,348525,367636,285466,321276,219897,280867,66030,119958,3469144,2348274,481316,319087,800875,572581,122043,469,327
2021-07-02T23:59:59+02:00,10920,9967,175157,171236,301592,281105,335587,332990,409507,422954,473100,479769,333444,373117,237640,303896,70348,128508,69512,69739,140604,144344,168398,186906,254955,284437,343321,362940,282221,317558,219258,280098,65982,119874,3451103,2315255,479844,316315,800683,560018,119542,468,304
2021-07-01T23:59:59+02:00,9826,9045,171499,167818,297573,277844,333117,330737,407719,421380,472010,478816,333031,372660,237441,303624,70302,128430,64645,65026,134334,139037,161150,180426,244731,275609,332552,353195,277456,312298,217408,277851,65803,119562,3428700,2259151,477765,304000,800337,542357,116403,468,303
2021-06-30T23:59:59+02:00,9339,8655,168239,164762,291984,273232,329456,327411,405953,419855,470998,477850,332613,372179,237251,303328,70268,128344,61525,62182,128718,134361,154524,174432,234707,266483,319194,339955,272261,306778,215522,275531,65636,119244,3403724,2204264,475612,291221,800044,523584,112667,468,301
2021-06-29T23:59:59+02:00,8804,8134,164458,161004,287473,268991,325908,324122,403861,417782,469464,476440,332030,371544,237003,302974,70214,128235,58749,59207,123793,129969,148525,168922,222884,255821,310661,331620,265815,299602,213559,273078,65434,118899,3376338,2145214,473631,286573,799718,506224,109080,467,298
2021-06-28T23:59:59+02:00,8399,7755,161148,157558,282456,264691,322621,321281,401727,415862,467980,475133,331510,370933,236770,302663,70171,128141,56488,56872,119906,126481,144194,164851,213679,247427,304892,326237,260876,294316,211800,270850,65288,118635,3352510,2109618,469661,277998,799062,489732,105887,467,295
2021-06-27T23:59:59+02:00,8252,7632,159651,156042,280359,262891,320824,319754,400040,414504,467094,474429,331218,370642,236667,302504,70152,128092,55296,55771,117789,124783,141648,162735,209587,244060,301546,323389,257088,290332,209347,267945,65177,118447,3342560,2094256,467589,274532,798021,473650,102898,467,295
2021-06-26T23:59:59+02:00,7101,6534,156390,152710,278259,261010,318418,317522,398855,413357,466395,473724,330947,370359,236561,302345,70128,128062,54754,55191,116461,123642,140233,161506,207349,242060,299023,320987,255559,288680,209014,267537,65150,118377,3323486,2077576,464778,274445,798014,471156,102765,419,250
2021-06-25T23:59:59+02:00,5882,5418,152092,148439,274881,258066,316363,315563,397554,412116,465397,472903,330661,370025,236435,302191,70100,128014,53474,53572,113996,120955,136170,156953,198606,233628,293353,315131,253839,286569,208425,266738,65079,118258,3298604,2035207,463356,272759,797960,464599,102544,419,250
2021-06-24T23:59:59+02:00,5029,4636,147668,144328,270089,254159,312097,311800,395383,410258,464032,471772,330244,369566,236267,301955,70067,127928,50837,50992,108894,116260,128869,150335,186616,223209,281966,304926,248477,280760,206600,264402,64876,117858,3267594,1973374,461363,261030,797795,450888,100887,418,249
2021-06-23T23:59:59+02:00,4810,4429,144518,141223,266410,251026,306867,307012,392894,407922,462635,470459,329717,368949,236037,301645,70019,127825,48902,48920,105107,112362,123216,144676,176756,214570,270040,292987,243881,275962,205270,262707,64715,117498,3240151,1917275,457852,251207,797641,440211,99114,418,249
2021-06-22T23:59:59+02:00,4562,4200,141451,138105,262716,247666,300757,301586,390272,405373,461099,468980,329176,368348,235818,301296,69971,127719,47215,47184,101514,109081,118441,140119,164193,203451,259169,282721,239830,271502,203354,260302,64464,117030,3208207,1859103,455931,243521,797461,429285,97851,416,241
2021-06-21T23:59:59+02:00,4305,3955,138195,135172,258031,243789,295522,296732,387250,402508,459630,467634,328658,367793,235593,300985,69931,127607,45994,45964,99139,106874,115712,137424,157998,197703,252313,276102,234494,265685,199443,255804,64280,116656,3176585,1828260,453902,238019,797250,409571,95905,415,241
2021-06-20T23:59:59+02:00,4162,3837,136693,133673,253818,240337,292964,294504,385862,401197,458841,466890,328436,367515,235482,300852,69911,127545,44881,45053,96899,105093,113453,135452,154978,195174,248024,272062,231502,262168,198456,254554,64199,116531,3159236,1808044,452145,234488,797102,401728,94382,415,237
2021-06-19T23:59:59+02:00,3748,3488,134550,131589,251078,238030,291191,292869,384027,399636,457999,466161,328217,367265,235379,300714,69890,127513,44345,44410,95635,103842,111991,133995,153483,193743,244819,269058,230790,261324,198287,254293,64177,116478,3142968,1792171,449337,232914,797094,401454,94285,415,236
2021-06-18T23:59:59+02:00,2800,2576,131278,128457,247564,234990,287188,289472,381639,397519,456661,465000,327844,366865,235225,300478,69863,127464,43569,43503,94067,102074,109713,131337,149954,189723,237992,261817,229072,259327,197803,253655,64102,116345,3117229,1763017,444913,232396,797069,394778,94012,414,236
2021-06-17T23:59:59+02:00,2566,2353,127580,125183,241565,230564,281983,285098,376866,393545,454344,463176,327258,366147,234985,300123,69797,127352,41345,41684,90025,98612,104837,126603,142111,182070,226632,250464,223885,253407,196156,251504,63843,115926,3082604,1707523,441943,228266,796815,383908,89562,312,225
2021-06-16T23:59:59+02:00,2295,2120,124358,121792,236682,226242,277296,280847,371703,389064,451766,461047,326525,365350,234698,299713,69731,127239,39527,40097,86501,95597,100502,122792,133905,174755,214571,238592,217677,246330,194243,249187,63591,115438,3049215,1647964,436422,222673,796303,375853,86966,310,224
2021-06-15T23:59:59+02:00,1909,1789,119447,116935,230707,221115,271963,275869,366646,384437,448930,458638,325660,364382,234353,299199,69649,127056,37912,38495,83188,92564,96546,118758,126875,168396,202264,226610,211671,239563,192295,246764,63280,114869,3004607,1590879,434506,216852,795739,368205,84261,310,221
2021-06-14T23:59:59+02:00,1648,1516,115407,112785,225488,216211,266603,270900,361375,379700,445817,456051,324879,363530,234041,298810,69587,126936,36933,37608,80916,90487,93853,116252,122772,164664,195687,220135,208573,236070,191165,245295,63063,114482,2962546,1561411,432159,214586,795480,360571,81526,308,220
2021-06-13T23:59:59+02:00,1574,1431,113916,111410,223050,214114,264065,268645,359124,377749,444646,455019,324604,363226,233906,298643,69555,126862,36077,36882,79071,88826,91851,114446,119955,162073,191838,216448,205500,232641,190134,243929,62831,114071,2947584,1547495,429725,207338,795173,352392,79481,308,218
2021-06-12T23:59:59+02:00,1425,1294,111269,108666,221160,212387,262688,267373,357691,376351,443752,454251,324317,362918,233814,298540,69537,126834,35709,36480,78088,87732,90604,113161,118388,160518,188285,213151,204468,231517,188734,242274,62821,114041,2931432,1534397,428748,207329,795153,345017,79357,307,217
2021-06-11T23:59:59+02:00,1278,1157,108733,106159,218275,209773,259025,264194,354563,373629,442038,452781,323883,362468,233680,298334,69510,126779,35042,35370,76090,84372,88380,109642,114299,155384,181611,205728,202379,229154,188133,241506,62759,113944,2907069,1507008,425964,206645,794973,331594,78672,307,215
2021-06-10T23:59:59+02:00,1118,1004,103987,101759,212221,205031,251982,258385,348481,368339,437553,449014,323028,361501,233359,297888,69426,126628,33465,33890,72104,80213,83479,104156,107653,147205,169314,192119,196329,222292,186410,239374,62507,113543,2863534,1460065,418887,204912,794132,304638,74559,305,211
2021-06-09T23:59:59+02:00,970,875,100079,98065,206276,200312,245183,252683,341835,362395,433879,446000,322356,360762,233091,297510,69362,126496,31938,32640,68881,77570,79793,101001,102949,142938,158212,181399,185746,210344,184550,237133,62235,113049,2824642,1406233,410375,200944,793627,293398,69923,267,208
2021-06-08T23:59:59+02:00,787,694,95558,93534,199663,194756,238231,246684,333593,355127,428781,441346,321526,359763,232722,297027,69281,126359,30869,31790,66297,75279,76521,98285,98382,139034,150642,173933,177055,200655,182748,234892,62003,112683,2772771,1367152,404617,196046,793049,282576,65422,267,195
2021-06-07T23:59:59+02:00,629,553,92350,90438,193615,190061,231682,241452,325766,348960,425743,438909,320985,359134,232509,296703,69227,126263,30004,30943,63838,73332,73572,96133,94625,136107,142592,166161,173019,196051,181327,233085,61780,112301,2733846,1340122,398470,192759,792486,271511,60599,264,194
2021-06-06T23:59:59+02:00,591,517,90777,89124,190335,187522,228341,238696,321501,345563,424314,437836,320716,358843,232401,296545,69203,126216,29403,30390,62070,71656,71499,94137,91447,133043,136924,160395,170495,193439,180218,231688,61551,111921,2718476,1328304,391095,183133,792013,261084,57873,262,193
2021-06-05T23:59:59+02:00,511,437,88835,87114,185473,183306,225883,236563,319687,343932,423316,436923,320427,358521,232253,296377,69189,126184,28952,29639,60873,69715,70108,91998,89778,130803,132183,155080,167504,189782,179733,231031,61517,111855,2695037,1304754,390978,182668,791834,255746,57496,261,193
2021-06-04T23:59:59+02:00,411,352,86485,84592,181816,179709,221876,232616,316105,340305,420958,434733,319969,357987,232057,296149,69151,126121,28489,28972,59763,68071,68838,89928,87996,128202,128831,151436,163275,185025,178744,229766,61469,111769,2665812,1286004,387162,181898,791722,245678,57104,261,193
2021-06-03T23:59:59+02:00,318,278,83203,81531,176100,175063,214632,226529,308410,333618,413213,427878,318941,356813,231688,295703,69096,125990,27599,27965,57879,65890,66459,87194,84377,124108,122097,144780,156953,177445,177179,227743,61356,111532,2616967,1256899,376928,176603,791305,232962,54197,259,189
2021-06-02T23:59:59+02:00,269,219,81136,79374,172035,171356,210996,223386,304841,330277,411172,426049,318535,356362,231535,295497,69068,125939,27136,27486,56758,64783,64878,85924,82330,122174,117139,139901,149088,168499,176465,226790,61271,111363,2588280,1224766,375546,174640,791276,229351,53330,257,185
2021-06-01T23:59:59+02:00,172,151,76878,75554,163773,164807,201652,215663,295752,322408,402973,418226,317027,354753,230996,294763,68956,125712,25583,26072,52459,61844,60055,82645,76936,117692,109736,132712,138012,155123,174369,224061,61062,110937,2529660,1174765,363922,170544,790515,217592,46488,255,181
2021-05-31T23:59:59+02:00,150,134,74140,73081,158130,160500,194351,209713,288374,316043,397244,413265,316034,353646,230611,294244,68866,125540,24673,25019,49844,59638,56901,80123,73354,114429,105254,128281,133876,150236,173006,222345,60892,110606,2489282,1152413,354555,168229,789891,207221,40699,254,179
2021-05-30T23:59:59+02:00,139,126,73092,72017,155659,158476,191731,207366,285601,313533,395359,411527,315674,353236,230451,294009,68829,125460,24073,24239,48268,57924,55171,78276,71137,111885,102609,125426,131725,147715,172216,221412,60799,110395,2473476,1142688,352039,166923,789270,195882,37859,254,177
2021-05-29T23:59:59+02:00,136,125,72484,71428,154152,157078,189433,205337,283765,311952,394521,410753,315452,352992,230371,293931,68818,125442,23750,23716,47353,56430,53835,76405,69219,109045,100300,122637,128931,144299,171566,220507,60772,110343,2459605,1129128,351882,166859,789201,185363,37839,254,176
2021-05-28T23:59:59+02:00,132,122,71399,70311,151765,154824,185783,201806,280500,308819,392659,408989,315043,352491,230224,293716,68799,125385,23220,22715,45746,54306,52015,73852,67182,105104,95986,116750,124573,139259,170591,219201,60726,110229,2435828,1106580,350837,166646,788993,170847,37462,253,173
2021-05-27T23:59:59+02:00,121,114,68091,67301,145292,149895,177605,195564,274123,303671,386352,403318,313788,351047,229765,293185,68728,125203,21905,21035,42498,51261,48143,70047,62641,99103,89645,109257,120659,134644,167798,215503,60554,109916,2391325,1078215,343240,163906,787196,150821,31741,253,169
2021-05-26T23:59:59+02:00,117,111,65940,65127,140345,145818,171515,190507,267380,298011,379621,396634,312273,349445,229279,292490,68626,124992,21168,20126,40681,49132,45795,67317,59616,95314,85057,104155,115690,128931,164013,210176,60346,109490,2354104,1046350,330057,162339,785391,139377,29013,250,168
2021-05-25T23:59:59+02:00,116,105,63913,63142,136152,142334,166467,186225,260320,291739,374206,391256,310998,348045,228874,291846,68542,124815,20592,19462,39283,47619,43967,65306,57148,92321,80992,99788,110775,123262,158488,202951,60176,109189,2316632,1014923,322559,158921,782858,130168,27380,246,165
2021-05-24T23:59:59+02:00,113,103,62671,61933,133405,140239,163192,183817,253379,285757,369276,386589,310173,347126,228589,291462,68470,124687,20250,19063,38268,46553,42624,63826,55477,90314,78762,97285,109358,121613,157885,202166,60064,108987,2292916,1005612,311476,157627,781082,123494,25836,246,163
2021-05-23T23:59:59+02:00,108,103,62174,61417,132305,139347,161998,182786,252140,284739,367693,385161,309560,346471,228418,291236,68449,124651,20021,18877,37720,46000,41875,63130,54318,89320,77278,95922,108191,120224,156909,200950,59996,108849,2281441,997492,310897,154542,781035,121910,25711,246,162
2021-05-22T23:59:59+02:00,105,101,61482,60798,130823,138281,159632,181168,249175,282451,365221,382944,309035,345880,228241,290970,68423,124601,19704,18455,37109,45400,41236,62601,53666,88598,76511,94782,106643,118425,156137,199982,59969,108795,2263525,990803,310882,154538,780997,118493,24250,246,162
2021-05-21T23:59:59+02:00,101,97,60152,59363,127926,135691,156359,177851,243953,277689,359135,377264,308103,344791,227944,290574,68363,124494,19345,18090,36497,44632,40586,61553,52718,87206,74800,92482,103408,114481,155003,198532,59877,108620,2227531,977815,309246,154213,779431,111907,23967,240,160
2021-05-20T23:59:59+02:00,94,95,57103,56573,122198,130827,149441,171543,233658,268960,350119,368992,305574,342056,227178,289571,68231,124276,18049,17155,34328,42386,38138,58658,49907,83447,70876,87997,99297,109867,152549,195524,59697,108266,2169655,958584,302600,152275,773476,94275,21074,232,160
2021-05-19T23:59:59+02:00,93,93,54892,54383,117196,126155,142281,164938,223138,259616,339593,358117,302934,339194,226433,288532,68081,124000,17469,16372,33105,40804,36734,56597,47898,80676,67641,84429,95421,105399,148931,190812,59435,107774,2103866,935229,296356,150306,770501,84792,19246,232,147
2021-05-18T23:59:59+02:00,88,88,52800,52425,112417,121898,135913,159375,211582,249255,329733,348333,300268,336231,225558,287337,67929,123746,16952,15773,31903,39349,35391,54810,46096,78283,64764,81209,91431,100876,145741,186760,59223,107339,2044081,915068,287010,147455,766911,76181,17268,228,147
2021-05-17T23:59:59+02:00,85,85,51767,51432,110089,119846,133113,156726,205067,243246,322173,341257,298484,334267,224974,286514,67822,123533,16497,15326,30856,38305,34228,53524,44617,76490,62511,78818,86608,95026,144280,184877,59073,107024,2017324,903410,274735,139997,763502,69512,15210,227,145
2021-05-16T23:59:59+02:00,84,82,50981,50776,108649,118525,131376,155070,202101,240570,314743,334314,297466,333139,224667,286031,67770,123436,16214,14955,30109,37528,33356,52604,43555,75178,61181,77350,83199,90962,143493,183804,58986,106884,2002027,897354,264320,133240,760263,65373,13460,225,141
2021-05-15T23:59:59+02:00,84,82,50445,50145,107651,117539,130366,153962,200171,238639,311182,331109,296847,332452,224471,285761,67750,123372,16075,14792,29855,37222,33069,52173,43069,74534,60335,76369,82604,90147,142979,183138,58950,106837,1985862,892126,264303,133094,759400,64247,12751,224,140
2021-05-14T23:59:59+02:00,83,82,49191,48727,105406,115450,126780,150518,191972,231585,304882,325239,295869,331318,224186,285314,67703,123277,15577,14367,29075,36405,32303,50985,41992,72758,58778,74422,80706,87665,142369,182153,58910,106751,1948687,882513,262607,132229,754856,58831,11711,221,139
2021-05-13T23:59:59+02:00,79,81,47277,46782,101571,112226,122079,146419,181968,223016,294294,315439,292901,327901,223378,284176,67603,123070,14715,13921,28220,35710,31543,50089,41051,71670,57276,72859,76937,83329,139614,178558,58800,106535,1897184,870003,254011,125207,748636,54986,10696,217,136
2021-05-12T23:59:59+02:00,77,79,46367,46078,99659,110802,120024,144765,179426,220909,289568,310125,291738,326639,223136,283857,67565,122985,14550,13771,27902,35493,31143,49800,40608,71297,56739,72294,75605,81713,138839,177431,58714,106375,1874172,864298,251851,123426,748147,54716,9898,213,135
2021-05-11T23:59:59+02:00,73,73,44125,44607,95641,107733,114226,140042,166076,209651,277934,299374,288340,322731,222179,282455,67416,122686,14122,13205,26891,34069,30018,48005,39308,69024,55031,70030,72525,78137,137490,175604,58556,106017,1815387,852072,242164,120743,739646,46850,8429,209,133
2021-05-10T23:59:59+02:00,72,69,42873,43637,93044,105735,110976,137420,157701,202646,270071,292277,286170,320286,221604,281593,67291,122446,13778,12760,26132,33086,29224,46752,38313,67168,53807,68301,70442,75587,136349,174095,58437,105730,1779904,843221,236126,119693,732685,39655,7458,205,127
2021-05-09T23:59:59+02:00,71,69,41754,42868,90367,103990,108324,135654,152698,199233,264563,287351,284936,318904,221228,281064,67225,122300,13465,12542,25442,32420,28496,45950,37523,66210,52869,67353,69214,74188,135758,173262,58382,105599,1760637,838655,229045,118719,726706,34894,6468,203,126
2021-05-08T23:59:59+02:00,70,69,41462,42570,89523,103262,107237,134807,151256,198022,262007,285293,284435,318362,221110,280885,67209,122268,13363,12481,25314,32329,28351,45821,37334,66018,52530,67035,68252,73267,134693,171898,58335,105506,1748659,834065,228537,117976,726482,34117,6455,171,103
2021-05-07T23:59:59+02:00,68,68,40540,41855,87598,101928,104429,132600,146643,194224,255771,279790,283099,316768,220762,280428,67156,122145,12617,11997,24491,31596,27590,44760,36473,64757,51349,65525,66011,70584,132476,169091,58246,105328,1722951,824431,225338,115719,722362,27326,5502,170,101
2021-05-06T23:59:59+02:00,64,67,37898,40135,82855,98477,98445,127860,136473,185732,239339,265400,277982,310981,219475,278741,66981,121829,11931,11481,23555,30494,26597,43409,35119,62757,49613,63558,63527,67468,130372,166332,58133,105110,1657481,813371,215435,112618,711498,18963,4591,162,100
2021-05-05T23:59:59+02:00,62,64,36012,38941,79209,95896,93855,124218,128658,179209,224600,251373,271802,303849,217903,276752,66735,121306,11697,11206,23018,29771,25996,42485,34196,61360,48465,62148,60923,64365,127437,162641,58035,104859,1591339,801128,210375,109061,705475,14981,3519,162,99
2021-05-04T23:59:59+02:00,62,62,34910,37839,76491,93583,90357,121180,123102,174480,213995,241109,266319,297405,216463,274909,66526,120838,11535,11005,22615,29232,25539,41716,33483,60281,47358,60877,58209,61196,125082,159713,57885,104623,1542349,789289,205265,106435,699408,11846,2868,161,96
2021-05-03T23:59:59+02:00,61,60,34044,36787,74208,91769,87484,118836,118662,170843,207346,235112,263044,293545,215665,273827,66405,120543,11292,10735,22223,28656,25060,41019,32799,59316,46336,59739,55432,57862,121317,154825,57628,104186,1510635,773486,202157,104727,694489,9085,1215,159,95
2021-05-02T23:59:59+02:00,61,60,33693,36471,73038,90869,86021,117743,116240,168978,204254,232602,262086,292457,215380,273420,66340,120435,11221,10664,22035,28446,24834,40733,32460,58912,45885,59264,54243,56404,118261,151154,57545,104056,1500055,768486,199371,99187,690625,8187,348,158,92
2021-05-01T23:59:59+02:00,60,60,33378,36099,72278,90078,84952,116705,114779,167621,201178,229573,261397,291637,215171,273139,66329,120397,11207,10649,21982,28416,24775,40695,32399,58854,45802,59189,54001,56112,118102,150958,57536,104039,1485006,767178,199369,99147,690361,8138,344,157,92
2021-04-30T23:59:59+02:00,57,58,32838,35500,71073,88858,83494,114980,111006,164062,193790,222465,259405,289273,214723,272533,66269,120291,10887,10454,21622,28138,24501,40273,32074,58291,45341,58558,53108,54951,117154,149774,57481,103920,1452167,763509,199044,97166,689564,5798,148,154,89
2021-04-29T23:59:59+02:00,55,56,31340,34553,68162,86841,79871,112383,105908,159967,180995,210934,251484,280183,213527,270901,66133,119942,10586,10243,21147,27689,24073,39775,31490,57549,44539,57625,51278,52761,115309,147541,57381,103725,1397386,754696,191767,94491,684203,3491,128,147,87
2021-04-28T23:59:59+02:00,54,54,30107,33942,66298,85534,77395,110567,102486,157119,171321,201772,240643,267601,212247,269217,65936,119614,10403,10084,20851,27338,23711,39306,31068,56897,43814,56804,49162,50149,112734,144313,57258,103513,1344816,745181,188412,89956,678834,2265,98,140,85
2021-04-27T23:59:59+02:00,51,53,29352,33260,64726,84073,75399,108762,99734,154726,166606,197055,232145,257803,211102,267605,65816,119391,10279,9973,20570,27049,23475,38978,30711,56402,43133,56114,47162,47610,110097,140886,57141,103314,1310839,735396,186113,85952,670859,1548,97,138,81
2021-04-26T23:59:59+02:00,50,53,28923,32878,63629,83190,73904,107600,97456,153019,157999,189050,227963,252965,210398,266616,65725,119193,10184,9883,20356,26863,23239,38761,30417,56064,42521,55541,45359,45466,108208,138410,57046,103161,1281955,727452,184673,82865,664136,1169,93,136,79
2021-04-25T23:59:59+02:00,50,52,28672,32642,62855,82669,72845,106868,95730,151796,152623,184185,223635,248089,209809,265837,65659,119071,10129,9849,20277,26788,23153,38680,30307,55940,42362,55382,44945,44969,107529,137502,57018,103091,1269236,725797,178540,81098,655463,1037,90,136,78
2021-04-24T23:59:59+02:00,50,51,28330,32216,61919,81450,71660,105426,94187,150145,147728,179044,220853,244763,209339,265165,65625,119021,10114,9831,20236,26746,23103,38615,30226,55854,42213,55246,44703,44662,107280,137208,56997,103063,1244425,724715,178513,80400,654184,994,89,136,77
2021-04-23T23:59:59+02:00,48,51,27584,31595,60352,79946,69875,103410,91601,147512,142961,174659,216308,239225,208684,264175,65563,118906,10062,9769,20127,26660,22972,38465,29993,55649,41851,54916,44085,43906,106220,135927,56840,102788,1219606,721373,177336,77930,645660,942,88,134,75
2021-04-22T23:59:59+02:00,46,50,26970,30996,58818,78511,67412,101196,87484,144028,134934,167181,207283,228240,206647,261545,65365,118511,9937,9673,19878,26368,22619,38032,29480,55135,41096,54282,42917,42579,104230,133484,56612,102390,1178132,713920,169901,73990,637331,818,88,129,73
2021-04-21T23:59:59+02:00,46,48,26477,30474,57493,77412,65533,99571,84454,141394,127756,160378,194227,212922,204501,258658,65140,118085,9806,9587,19647,26122,22335,37707,29129,54686,40544,53752,42074,41562,102047,130705,56359,101980,1126731,707396,167024,69917,630964,746,88,122,72
2021-04-20T23:59:59+02:00,45,47,26052,30008,56337,76271,63862,97995,81913,138821,122680,155325,182764,199479,202077,255528,64904,117662,9703,9497,19430,25933,22044,37438,28722,54276,40005,53218,41261,40634,99833,127724,56023,101443,1084180,699869,163540,66669,624200,669,86,120,68
2021-04-19T23:59:59+02:00,45,46,25686,29655,55370,75452,62581,96823,79791,136897,119163,151949,177022,192646,200370,253296,64721,117329,9595,9406,19200,25715,21800,37167,28407,53886,39495,52689,40467,39727,96740,123763,55618,100733,1059679,689544,161713,64255,617603,633,85,115,68
2021-04-18T23:59:59+02:00,44,44,25383,29395,54601,74907,61461,95878,77943,135477,115805,149558,171918,187101,199360,252072,64611,117138,9522,9332,19013,25543,21624,37001,28191,53609,39235,52439,40139,39340,95525,122220,55437,100437,1045743,685690,160045,62324,607054,618,85,114,67
2021-04-17T23:59:59+02:00,43,43,25274,29303,54230,74713,60945,95527,77290,134880,114960,148818,167671,182224,198826,251348,64576,117073,9477,9273,18875,25355,21438,36771,27964,53334,38970,52172,39841,39020,94765,121293,55373,100353,1034876,681683,160017,62010,602996,606,85,114,67
2021-04-16T23:59:59+02:00,43,43,24902,29055,53241,74107,59663,94651,75671,133551,110822,144683,160046,173455,197173,249148,64467,116865,9269,9098,18482,24929,20861,36199,26864,52436,36960,50577,36552,36112,91586,117785,54970,99698,1009014,666707,159231,55127,593485,569,85,113,65
2021-04-15T23:59:59+02:00,39,39,24428,28602,51991,72939,57706,92924,72405,130709,105355,139408,152187,164487,192521,243276,64170,116247,9095,8936,18114,24508,20368,35542,26187,51644,35570,49350,34448,34087,88483,114066,54463,98841,976825,653659,157178,49552,575571,518,84,112,63
2021-04-14T23:59:59+02:00,37,35,24087,28277,51055,72003,56369,91538,70022,128554,101369,135644,142996,154111,184786,233401,63828,115579,8692,8665,17642,24002,19833,34900,25276,50768,34284,48228,32409,31939,85511,110424,53973,97983,938986,638804,154512,45334,560334,420,83,109,62
2021-04-13T23:59:59+02:00,37,35,23849,28062,50362,71465,55427,90717,68389,127147,97647,132215,131173,141003,178400,225074,63488,114991,8458,8495,17298,23598,19413,34368,24612,49974,33219,47216,31028,30581,83370,108054,53617,97441,905777,629529,150002,40945,543844,298,83,107,60
2021-04-12T23:59:59+02:00,36,34,23641,27876,49811,70957,54564,89985,66926,125861,95019,129891,124072,132974,175179,221126,63218,114500,8220,8309,16939,23303,19045,33932,24141,49438,32551,46590,29507,29045,81713,106121,53291,96920,889394,621123,148464,37693,527953,279,82,105,58
2021-04-11T23:59:59+02:00,35,34,23467,27717,49288,70537,53836,89532,65787,125059,93165,128414,118598,126964,171263,216524,63049,114203,8087,8175,16643,23024,18727,33624,23785,49058,32105,46206,28872,28381,80693,104876,53083,96602,881937,615841,144058,35868,511619,264,79,104,57
2021-04-10T23:59:59+02:00,35,34,23406,27660,49121,70403,53637,89374,65461,124790,92642,127980,116517,124439,169825,214676,63008,114103,7500,7572,15753,22239,17771,32785,22665,48026,30995,45213,28212,27669,78602,102272,52817,96166,874956,600542,143206,35489,509095,258,74,104,57
2021-04-09T23:59:59+02:00,34,34,23160,27412,48621,69911,52999,88693,64466,123668,90819,126075,107703,113510,166452,210274,62810,113747,6542,6674,14226,20919,16053,31230,20527,46064,28797,43208,26442,25849,75105,98105,52274,95327,855578,573150,136161,33978,498801,247,67,99,55
2021-04-08T23:59:59+02:00,34,34,22865,27167,48042,69421,52248,87998,63161,122587,88407,123910,97405,101536,160920,203437,62484,113183,5901,6087,13040,19903,14796,29891,18887,44350,26301,40874,23428,22887,70463,92349,51137,93577,836948,541656,127273,32039,480782,214,57,97,55
2021-04-07T23:59:59+02:00,32,33,22555,26942,47242,68967,51325,87389,61772,121609,85272,121475,88230,91251,153926,194656,62190,112622,5521,5766,12384,19230,13984,29064,17844,43299,24394,38978,20894,20365,66513,87587,50144,91963,816588,518225,121684,29560,459382,182,53,96,54
2021-04-06T23:59:59+02:00,31,33,22345,26781,46717,68587,50736,86865,60741,120833,83169,119734,80475,82453,147570,186697,61847,111995,5329,5608,12037,18873,13633,28633,17310,42739,23532,38171,19769,19336,63361,83501,49225,90583,797334,504889,118476,26623,441967,171,49,94,52
2021-04-05T23:59:59+02:00,31,32,22246,26657,46406,68244,50354,86468,60196,120143,81990,118582,76002,77365,142575,180601,61646,111680,5191,5469,11776,18621,13339,28321,16988,42367,23087,37711,19306,18867,60486,79953,48526,89518,787917,495574,116725,23830,426745,166,46,92,52
2021-04-04T23:59:59+02:00,31,32,22198,26597,46286,67976,50185,86155,59917,119643,81483,117951,74561,75660,141875,179626,61609,111598,5187,5463,11758,18608,13328,28305,16969,42350,22989,37639,18899,18544,59049,78107,48321,89207,785385,490786,116621,23828,421553,159,42,89,50
2021-04-03T23:59:59+02:00,31,32,22136,26516,46163,67868,50023,85980,59601,119331,80916,117374,73216,74026,140760,178089,61526,111449,5178,5455,11745,18590,13305,28285,16935,42303,22884,37565,18763,18395,58699,77546,48232,89062,779029,489006,116579,23828,419606,159,41,88,50
2021-04-02T23:59:59+02:00,31,32,22059,26433,46003,67703,49806,85732,59133,118882,80038,116562,71662,72146,138482,175113,61329,111091,5159,5418,11698,18548,13251,28203,16846,42155,22612,37087,18406,18033,56359,74667,47421,87963,769930,480535,114805,23185,417680,159,39,87,48
2021-04-01T23:59:59+02:00,28,30,21864,26229,45586,67184,49162,84992,58258,117943,78157,114892,68403,68721,134404,169944,61012,110526,5012,5276,11427,18285,13028,27970,16524,41847,22111,36647,17591,17290,51529,68649,45745,85508,758301,462535,108723,21816,410492,145,34,85,47
2021-03-31T23:59:59+02:00,28,30,21538,26011,45185,66661,48669,84344,57531,117005,77000,113648,66364,66406,129651,163839,60610,109804,4934,5225,11331,18167,12868,27820,16285,41577,21518,36138,16463,16387,46328,62246,44370,83536,748562,444244,101578,20871,404371,142,30,83,43
2021-03-30T23:59:59+02:00,28,29,21360,25790,44787,66042,48164,83548,56825,115954,75865,112274,64529,64389,125278,158091,60143,108904,4867,5140,11226,18041,12676,27631,15957,41254,20942,35589,15627,15585,43571,58839,43255,81743,738398,432385,97363,19511,396433,113,26,78,42
2021-03-29T23:59:59+02:00,27,29,21163,25552,44327,65492,47688,82859,56091,114880,74642,110841,62043,61648,118546,149455,59373,107511,4770,5070,11121,17930,12524,27465,15710,40934,20485,35120,14975,15045,40985,55861,42150,79923,717884,421200,93943,18836,390532,98,26,78,41
2021-03-28T23:59:59+02:00,27,29,20958,25264,43829,64809,47174,82118,55412,113874,73702,109735,60784,60213,113844,143483,58929,106754,4715,5012,10975,17785,12270,27167,15519,40688,20318,34888,14736,14801,39905,54444,41802,79385,711356,416891,86636,17510,383138,78,26,77,38
2021-03-27T23:59:59+01:00,27,29,20838,25108,43537,64443,46812,81589,54912,113184,73032,108998,59631,59131,112361,141778,58862,106674,4702,5000,10948,17766,12252,27137,15158,40262,19919,34452,14443,14589,39420,53758,41329,78568,706089,412844,85936,16856,379111,72,26,77,38
2021-03-26T23:59:59+01:00,27,28,20586,24596,42735,62741,45846,79564,53578,110168,71023,105388,57622,57254,109612,138547,58536,106159,4684,4967,10925,17714,12183,27045,15080,40153,19580,33859,13977,13940,36356,49926,39273,75327,694717,398361,82631,16638,366851,59,23,76,38
2021-03-25T23:59:59+01:00,27,26,20155,23923,41862,60979,44751,77015,52066,106645,68639,101626,55031,54620,106305,134582,57966,105170,4638,4913,10834,17611,12061,26900,14896,39934,19306,33552,13502,13450,32508,44884,36279,70797,683313,380038,78437,16041,349828,54,21,74,38
2021-03-24T23:59:59+01:00,27,26,19754,23477,41084,59710,43737,75481,50690,104728,66546,99299,52250,51710,102058,129485,57329,104093,4584,4847,10741,17471,11894,26699,14665,39652,18938,33134,13046,12997,29941,41672,33167,65963,670528,364496,73565,14940,337586,48,16,72,38
2021-03-23T23:59:59+01:00,27,26,19508,23178,40524,58801,43016,74394,49658,103218,64895,97444,49964,49368,99301,126274,56770,103254,4525,4777,10642,17347,11748,26516,14419,39340,18520,32748,12543,12490,27510,38578,29504,60073,662419,346956,70225,14351,327172,45,15,70,38
2021-03-22T23:59:59+01:00,27,26,19288,22768,39888,57920,42352,73355,48714,101836,63422,95812,48133,47487,96904,123529,56298,102482,4467,4730,10556,17232,11617,26339,14261,39100,18280,32447,12233,12117,25676,36230,25557,53705,656133,330775,67419,13799,316885,42,15,68,37
2021-03-21T23:59:59+01:00,27,26,19151,22509,39397,57167,41803,72511,48061,100682,62479,94582,47089,46464,95259,121678,55929,101903,4453,4722,10520,17184,11572,26253,14201,39010,18199,32348,12114,11986,25248,35782,25203,53147,653561,328584,65392,13385,307957,42,14,67,37
2021-03-20T23:59:59+01:00,26,26,19091,22364,39187,56672,41565,71951,47750,100045,62042,93982,46437,45698,92661,118448,55643,101417,4444,4715,10511,17172,11545,26236,14158,38974,18117,32274,11955,11825,24609,35008,24441,52063,647104,324878,64943,13196,303149,42,14,67,37
2021-03-19T23:59:59+01:00,25,25,18737,21800,38055,54552,40286,69959,46018,97960,59166,91224,42003,41832,87446,112690,54942,100337,4424,4702,10478,17124,11480,26124,14067,38805,17882,31976,11603,11544,22942,32952,22761,49504,629370,315566,57742,12834,290134,36,14,64,37
2021-03-18T23:59:59+01:00,25,24,18343,21154,36880,52398,38746,67170,43865,93495,55320,85432,37975,38035,82717,107214,53855,98678,4404,4674,10411,17021,11402,25970,13917,38616,17665,31774,11370,11361,21696,31439,21050,46906,612447,307487,52004,12224,267058,33,14,64,36
2021-03-17T23:59:59+01:00,25,23,17924,20804,36155,51480,37982,66218,42784,92142,53533,83604,35303,35254,78695,102392,52911,97205,4381,4648,10349,16927,11330,25836,13804,38427,17467,31582,11133,11138,20457,30029,19461,44507,595800,299994,47608,11517,261206,30,14,62,36
2021-03-16T23:59:59+01:00,24,23,17567,20386,35409,50412,37169,65025,41687,90470,51697,81617,33101,33236,74671,97458,52031,95891,4331,4599,10276,16799,11239,25686,13706,38190,17333,31339,10963,10961,19178,28515,17980,42184,582562,292232,42922,11083,252567,29,11,61,36
2021-03-15T23:59:59+01:00,24,23,17289,20022,34704,49434,36378,63834,40783,88991,50437,80018,31383,31399,71391,93367,51333,94759,4309,4564,10210,16676,11173,25485,13592,37903,17184,31067,10796,10803,18447,27551,16723,40323,571447,286419,39599,10435,244707,28,0,59,36
2021-03-14T23:59:59+01:00,24,22,17021,19595,33851,48226,35479,62516,39728,87164,49183,78292,30221,30168,69395,90803,50888,94083,4285,4545,10165,16599,11116,25343,13532,37681,17094,30903,10725,10718,18265,27270,16461,39763,564340,285222,37723,9301,234780,18,0,55,36
2021-03-13T23:59:59+01:00,24,22,16211,18536,32355,46196,33907,60387,37691,84105,47056,75750,28874,28818,67381,88181,50619,93692,4285,4545,10163,16593,11113,25336,13523,37674,17088,30894,10688,10685,17517,26385,15416,38311,547993,280973,37438,9300,224543,17,0,55,36
2021-03-12T23:59:59+01:00,23,22,15109,17159,29913,43548,31242,57246,34828,79250,43848,71291,26041,25628,63077,82879,49639,92288,4273,4512,10144,16531,11095,25285,13477,37556,16997,30763,10411,10458,16635,25142,14346,36790,519984,275183,36126,9289,207082,14,0,53,35
2021-03-11T23:59:59+01:00,22,22,14069,15699,27668,40857,28924,54059,32241,74862,40094,66399,22644,22153,57067,75569,47709,89448,4232,4472,10063,16412,10985,25060,13360,37246,16831,30460,10109,10246,16000,24301,13678,35518,487960,271184,34536,7850,187155,11,0,51,34
2021-03-10T23:59:59+01:00,22,22,13474,15001,26261,39241,27275,52238,30679,72544,37577,63274,19897,19604,51151,68430,46158,87109,4197,4428,9964,16245,10867,24811,13212,36827,16630,30088,9873,10063,15256,23528,13019,34493,461553,266455,32489,7106,176058,9,0,50,34
2021-03-09T23:59:59+01:00,21,21,13191,14534,25140,38203,25860,51053,29616,70891,36197,61442,18719,18481,47643,63991,45033,85321,4173,4402,9880,16078,10764,24552,13059,36510,16455,29852,9749,9961,14595,22691,12523,33719,447957,262750,29964,6274,167566,9,0,50,32
2021-03-08T23:59:59+01:00,20,21,12860,13932,24056,37097,24593,49915,28680,69406,34966,59824,17639,17602,43525,59006,43805,83337,4158,4366,9819,15880,10662,24293,12926,36153,16328,29587,9666,9877,14101,22084,12209,33280,432503,259572,27959,5883,159950,4,0,49,31
2021-03-07T23:59:59+01:00,20,21,12627,13640,23462,36247,23897,49040,28079,68535,34357,59066,17377,17352,42458,57556,43438,82773,4146,4353,9799,15838,10635,24220,12894,35983,16271,29473,9644,9848,13902,21831,12073,33078,427745,258515,26144,5543,156181,0,0,48,30
2021-03-06T23:59:59+01:00,20,20,12514,13349,23060,35514,23367,48253,27032,67009,33259,57303,16991,17023,41813,56667,43137,82305,4143,4339,9788,15812,10617,24186,12884,35941,16253,29442,9627,9807,13855,21793,11970,32868,423685,258137,26080,5259,148994,0,0,48,29
2021-03-05T23:59:59+01:00,20,20,12102,12748,22379,34310,22685,47023,26276,65380,32027,54884,16346,16191,38353,52362,40981,78862,4116,4292,9718,15712,10566,24038,12816,35746,16167,29235,9531,9738,13669,21579,11599,32257,408502,256440,24629,4410,139934,0,0,48,28
2021-03-04T23:59:59+01:00,18,20,11343,11743,21191,32582,21466,44979,24920,62728,30332,52526,15616,15474,34349,47197,37901,74174,4066,4203,9605,15422,10464,23681,12683,35216,16022,28837,9356,9585,13511,21368,11515,32112,390062,253399,22555,4318,126055,0,0,48,26
2021-03-03T23:59:59+01:00,16,20,11037,11255,20502,31365,20693,43619,24015,60979,29290,50885,15141,14972,31738,43874,34816,69406,4026,4140,9526,15253,10385,23429,12577,34795,15846,28492,9174,9459,13386,21154,11369,31842,374628,250771,21762,4155,117346,0,0,44,24
2021-03-02T23:59:59+01:00,16,20,10774,10830,19857,30397,19980,42599,23229,59592,28319,49612,14514,14325,29062,40503,30930,63188,3978,4069,9464,15088,10317,23164,12474,34363,15745,28185,9049,9357,13248,20966,11292,31697,356441,248373,20252,4154,111161,0,0,43,24
2021-03-01T23:59:59+01:00,14,19,10603,10571,19345,29594,19418,41718,22640,58522,27606,48490,14099,13870,26992,37914,26675,56304,3963,4020,9410,14933,10254,22865,12393,33986,15639,27862,8967,9297,13065,20698,11177,31514,339230,245959,19139,4154,106129,0,0,43,24
2021-02-28T23:59:59+01:00,13,19,10437,10372,18878,28948,18885,40981,22162,57670,27121,47697,13892,13629,26383,37254,26270,55702,3947,4006,9386,14901,10235,22814,12376,33916,15612,27816,8941,9273,12934,20520,11114,31364,336782,245107,18280,4118,101353,0,0,43,24
2021-02-27T23:59:59+01:00,13,18,10258,9857,18549,28081,18627,40195,21877,56688,26793,46904,13616,13328,25716,36450,25348,54284,3935,3994,9365,14881,10203,22766,12337,33834,15567,27743,8919,9257,12924,20503,11109,31357,332876,244755,17558,4009,96268,0,0,43,24
2021-02-26T23:59:59+01:00,12,17,9462,9072,17647,26641,17845,37988,20948,53838,25334,44079,13149,12927,24127,34463,23824,51978,3854,3926,9287,14720,10129,22510,12256,33469,15450,27449,8839,9176,12857,20435,11068,31287,323762,242848,17305,3935,82379,0,0,43,22
2021-02-25T23:59:59+01:00,12,17,8303,8220,16325,25037,16577,35726,19710,50951,23624,41298,12675,12526,22847,32871,22329,49694,3732,3783,9125,14407,9909,21906,12002,32617,15123,26796,8643,9024,12597,20109,10927,31019,316141,238710,16534,3081,66160,0,0,42,21
2021-02-24T23:59:59+01:00,11,16,7938,7696,15670,24000,15948,34488,18996,49438,22833,40099,12280,12190,21541,31372,20649,47067,3660,3716,8985,14116,9733,21453,11800,31991,14860,26260,8502,8887,12455,19936,10862,30808,307895,235939,15570,2154,58857,0,0,42,21
2021-02-23T23:59:59+01:00,11,16,7454,7219,14853,22823,15263,33270,18276,48028,22115,39031,11973,11866,20204,29798,19035,44511,3620,3641,8865,13914,9595,21056,11613,31415,14561,25758,8332,8745,12327,19726,10792,30577,299783,233114,14770,1491,51279,0,0,42,21
2021-02-22T23:59:59+01:00,10,14,7347,7013,14469,22205,14913,32542,17814,47022,21621,38298,11775,11617,19457,28791,17721,42557,3590,3539,8728,13622,9431,20554,11359,30674,14188,25162,8085,8552,12128,19474,10688,30274,293926,229808,14160,307,47187,0,0,40,21
2021-02-21T23:59:59+01:00,10,14,7257,6888,14148,21763,14494,31959,17399,46371,21184,37804,11669,11516,19294,28578,17474,42224,3552,3499,8646,13499,9355,20338,11288,30382,14067,24893,8023,8490,12072,19367,10617,30111,292785,227972,13788,293,43556,0,0,40,21
2021-02-20T23:59:59+01:00,10,14,7140,6838,14023,21683,14378,31824,17280,46221,21026,37623,11570,11432,18512,27661,16418,40754,3550,3493,8636,13491,9345,20317,11274,30357,14054,24882,8018,8481,12007,19303,10563,30043,288531,227589,13591,292,42365,0,0,40,20
2021-02-19T23:59:59+01:00,8,13,6839,6586,13669,21244,14007,31155,16806,45423,20320,36754,10968,11031,17468,26330,15261,39145,3470,3470,8560,13464,9303,20260,11236,30266,13995,24788,7975,8421,11785,19030,10370,29712,282150,225882,13216,291,37740,0,0,37,19
2021-02-18T23:59:59+01:00,8,13,6442,6111,13042,20100,13367,29780,15990,43552,19447,35176,10738,10812,16876,25574,14684,38262,3284,3333,8226,12924,9010,19511,10886,29229,13629,23961,7770,8112,11198,18078,9873,28562,278573,217364,12634,291,28844,0,0,37,18
2021-02-17T23:59:59+01:00,8,12,6277,5768,12596,19219,12878,28590,15290,41830,18800,33850,10511,10561,16120,24760,13907,37072,3035,3173,7886,12409,8709,18721,10516,28185,13238,23111,7536,7877,10641,17226,9435,27744,273907,209218,11903,289,22311,0,0,37,18
2021-02-16T23:59:59+01:00,8,12,5951,5467,12059,18385,12374,27515,14745,40452,18207,32816,10357,10456,15452,23929,13398,36283,2852,3053,7584,11958,8403,17997,10120,27096,12773,22213,7265,7583,9923,16054,8708,26194,270373,199706,11407,134,16158,0,0,35,18
2021-02-15T23:59:59+01:00,8,12,5845,5286,11765,17742,12108,26732,14397,39458,17859,32046,10232,10346,14892,23274,13037,35744,2762,2972,7393,11636,8184,17491,9820,26253,12423,21530,6984,7298,9223,14999,8193,24913,267271,192051,10804,88,12780,0,0,35,17
2021-02-14T23:59:59+01:00,8,12,5576,5171,11517,17470,11885,26296,14163,39012,17668,31769,10187,10295,14659,22935,12872,35351,2712,2934,7279,11472,8055,17285,9644,25921,12245,21228,6889,7175,9002,14615,8005,24378,266271,188816,9868,87,10780,0,0,33,17
2021-02-13T23:59:59+01:00,8,12,5516,5133,11467,17434,11855,26265,14135,38980,17648,31750,10174,10268,14632,22904,12860,35334,2708,2931,7274,11465,8043,17265,9629,25886,12218,21185,6859,7141,8848,14403,7653,23752,266030,187315,9867,9,10552,0,0,32,16
2021-02-12T23:59:59+01:00,8,11,5000,4815,10896,17070,11537,25714,13816,38336,17320,31106,10063,10161,14448,22690,12780,35225,2658,2898,7180,11308,7942,17034,9479,25494,12001,20740,6677,6909,8487,13842,7061,22412,264333,182179,9856,7,6879,0,0,32,16
2021-02-11T23:59:59+01:00,8,10,4538,4514,10310,16389,11125,24907,13336,37072,16830,30246,9748,9900,14166,22241,12500,34541,2490,2624,6580,10116,7255,15298,8620,22882,10954,18663,6026,6196,7443,12225,6246,20092,261101,163767,8215,4,3137,0,0,30,15
2021-02-10T23:59:59+01:00,8,10,4291,4347,9975,15937,10816,24366,13024,36188,16415,29496,9534,9762,13985,22036,12408,34335,2129,2332,5643,8657,6452,13255,7629,19972,9828,16628,5481,5610,6459,10565,5470,18033,258453,144206,7716,3,835,0,0,29,2
2021-02-09T23:59:59+01:00,8,9,4228,4248,9852,15670,10707,23964,12852,35567,16203,29022,9356,9625,13790,21826,12266,34113,1733,1979,4865,7388,5680,11462,6710,17465,8741,14635,4904,4981,5412,9013,4740,15934,256008,125701,6938,1,431,0,0,28,2
2021-02-08T23:59:59+01:00,8,9,4194,4193,9759,15458,10599,23606,12734,35106,16062,28664,9264,9558,13588,21543,12157,33920,1569,1784,4308,6395,5020,9888,5888,14941,7721,12782,4344,4448,4426,7426,3977,13857,253641,108828,6424,1,425,0,0,28,2
2021-02-07T23:59:59+01:00,8,9,4029,4126,9603,15320,10496,23441,12655,34843,15950,28472,9223,9513,13443,21360,12084,33777,1354,1537,3888,5722,4607,9010,5464,13781,7236,11824,4088,4188,4196,7033,3817,13262,252540,101059,5878,1,0,0,0,28,1
2021-02-06T23:59:59+01:00,8,9,4020,4117,9593,15304,10483,23405,12633,34793,15933,28415,9203,9499,13425,21325,11979,33580,1202,1341,3655,5415,4421,8585,5244,13193,6956,11266,3951,4051,4070,6884,3538,12804,252197,96626,5593,1,0,0,0,28,0
2021-02-05T23:59:59+01:00,8,8,3947,4049,9521,15161,10416,23154,12548,34423,15818,28134,9119,9425,13352,21250,11629,32983,1061,1113,3374,4970,4161,8005,4926,12414,6570,10538,3690,3805,3909,6657,3036,11919,250310,90195,4700,0,0,0,0,27,0
2021-02-04T23:59:59+01:00,8,8,3890,3926,9401,14846,10239,22606,12360,33627,15602,27572,8995,9316,13128,20957,11516,32782,797,780,2550,3720,3226,6262,3974,9869,5244,8326,3009,3093,3284,5670,2644,10421,246369,72903,4476,0,0,0,0,26,0
2021-02-03T23:59:59+01:00,8,8,3821,3855,9298,14624,10135,22271,12227,33118,15452,27154,8886,9201,12987,20780,11440,32617,661,612,1924,2805,2493,4834,3003,7583,4012,6278,2199,2229,2399,4205,1917,7814,243640,54996,4308,0,0,0,0,26,0
2021-02-02T23:59:59+01:00,8,8,3755,3760,9198,14431,10036,21891,12084,32554,15250,26701,8761,9087,12864,20570,11357,32351,525,486,1455,2071,1905,3636,2258,5769,2992,4693,1556,1531,1637,2770,1333,5200,240424,39836,4306,0,0,0,0,26,0
2021-02-01T23:59:59+01:00,7,8,3715,3670,9118,14200,9930,21504,11947,31917,15066,26198,8643,8939,12755,20427,11306,32176,391,352,1014,1429,1255,2420,1471,3778,1857,2972,984,973,970,1691,765,3013,237285,25344,4306,0,0,0,0,25,0
2021-01-31T23:59:59+01:00,7,8,3697,3635,9065,14092,9861,21300,11881,31620,14962,26000,8587,8880,12704,20316,11261,32047,361,331,893,1239,1066,2047,1269,3226,1624,2606,886,882,866,1507,694,2707,235797,22211,4191,0,0,0,0,24,0
2021-01-30T23:59:59+01:00,7,8,3697,3632,9055,14079,9847,21278,11868,31600,14950,25986,8583,8875,12644,20252,11210,31982,344,307,833,1155,1009,1924,1205,3036,1549,2469,858,856,847,1467,679,2654,235478,21198,4140,0,0,0,0,24,0
2021-01-29T23:59:59+01:00,7,8,3637,3617,8994,14049,9818,21226,11836,31525,14902,25918,8559,8852,12457,20027,11030,31739,277,224,713,983,865,1564,1050,2646,1338,2144,769,766,798,1412,661,2601,234258,18815,4011,0,0,0,0,21,0
2021-01-28T23:59:59+01:00,7,8,3518,3531,8790,13662,9598,20714,11605,30946,14575,25419,8422,8751,12021,19406,10674,31158,131,57,294,360,377,608,460,1148,608,963,407,423,467,812,378,1571,229471,9066,3403,0,0,0,0,20,0
2021-01-27T23:59:59+01:00,7,8,3287,3396,8497,13246,9297,20091,11222,30110,14188,24682,8206,8540,11471,18600,10249,30395,79,33,203,222,243,413,306,802,429,663,309,309,347,605,284,1149,222762,6397,2794,0,0,0,0,20,0
2021-01-26T23:59:59+01:00,6,8,3121,3299,8215,12909,9034,19521,10917,29353,13791,24050,7970,8319,10893,17686,9602,29243,74,29,188,212,227,379,290,751,398,602,294,284,320,542,258,1019,216049,5868,1951,0,0,0,0,20,0
2021-01-25T23:59:59+01:00,6,8,3033,3204,7934,12427,8744,18815,10531,28351,13311,23288,7687,8119,10275,16870,9146,28342,66,21,168,191,194,323,251,631,346,497,257,240,266,465,210,831,209748,4958,406,0,0,0,0,18,0
2021-01-24T23:59:59+01:00,6,8,2989,3183,7849,12349,8670,18690,10422,28191,13183,23105,7645,8084,10210,16758,9098,28246,65,20,164,187,192,310,248,610,337,483,248,236,264,458,206,816,208444,4845,304,0,0,0,0,18,0
2021-01-23T23:59:59+01:00,6,8,2988,3182,7848,12346,8666,18680,10421,28178,13177,23100,7638,8081,10086,16593,8770,27659,64,20,164,187,191,309,246,610,335,483,248,236,264,458,206,815,207188,4837,302,0,0,0,0,17,0
2021-01-22T23:59:59+01:00,6,8,2926,3136,7724,12233,8583,18540,10311,28008,13096,22985,7608,8048,9888,16291,8252,26635,64,20,163,187,191,309,246,610,334,483,248,236,264,458,206,815,204040,4835,302,0,0,0,0,16,0
2021-01-21T23:59:59+01:00,6,8,2844,2966,7224,11319,8099,17394,9774,26384,12491,21769,7324,7720,9247,15329,7727,25563,58,18,148,173,174,278,221,534,297,443,222,209,233,378,176,684,192947,4247,302,0,0,0,0,16,0
2021-01-20T23:59:59+01:00,6,8,2485,2619,6344,9908,7354,15440,8820,23555,11381,19696,6724,7068,8153,13561,6912,23341,56,18,147,168,171,276,213,520,286,421,210,202,227,353,162,646,173130,4077,299,0,0,0,0,16,0
2021-01-19T23:59:59+01:00,6,8,2043,2264,5444,8521,6489,13546,7799,20764,10110,17456,5967,6183,6764,11369,5890,20286,40,11,98,124,115,171,150,356,187,293,133,115,139,235,113,479,150737,2759,218,0,0,0,0,16,0
2021-01-18T23:59:59+01:00,5,8,1770,1974,4689,7139,5534,11307,6601,17169,8681,14741,5084,5301,5378,9115,4816,16799,21,6,38,46,52,79,66,162,74,147,59,54,66,131,62,220,126059,1283,94,0,0,0,0,16,0
2021-01-17T23:59:59+01:00,4,8,1493,1684,4176,6345,5026,10174,6065,15594,8041,13476,4744,4952,5005,8442,4487,15792,8,2,8,15,15,28,20,51,27,56,23,23,20,31,13,47,115454,387,90,0,0,0,0,15,0
2021-01-16T23:59:59+01:00,4,7,1326,1481,3959,6024,4846,9734,5806,14928,7711,12783,4554,4724,4793,8166,4132,15188,0,0,0,1,1,2,1,1,1,2,0,1,1,0,0,1,110193,12,7,0,0,0,0,14,0
2021-01-15T23:59:59+01:00,4,7,1175,1255,3705,5602,4592,9169,5514,14089,7303,11984,4262,4430,4607,7859,3597,14142,0,0,0,0,0,0,0,0,0,0,0,0,0,0,0,0,103323,0,4,0,0,0,0,14,0
2021-01-14T23:59:59+01:00,3,4,901,942,2959,4413,3729,7353,4570,11344,5906,9638,3461,3561,3869,6634,3113,12330,0,0,0,0,0,0,0,0,0,0,0,0,0,0,0,0,84751,0,0,0,0,0,0,14,0
2021-01-13T23:59:59+01:00,3,3,765,788,2486,3681,3145,6129,3797,9405,4812,7762,2588,2648,2922,5052,2381,9426,0,0,0,0,0,0,0,0,0,0,0,0,0,0,0,0,67809,0,0,0,0,0,0,13,0
2021-01-12T23:59:59+01:00,2,3,634,657,2083,3020,2589,4981,3040,7579,3795,6098,1858,1828,1996,3417,1683,6429,0,0,0,0,0,0,0,0,0,0,0,0,0,0,0,0,51716,0,0,0,0,0,0,0,0
2021-01-11T23:59:59+01:00,1,1,493,522,1739,2444,2080,3980,2355,5761,2819,4425,1195,1131,1196,2004,923,3648,0,0,0,0,0,0,0,0,0,0,0,0,0,0,0,0,36736,0,0,0,0,0,0,0,0
2021-01-10T23:59:59+01:00,1,1,437,453,1479,2020,1739,3257,1946,4776,2343,3707,1053,1007,1051,1757,822,3195,0,0,0,0,0,0,0,0,0,0,0,0,0,0,0,0,31055,0,0,0,0,0,0,0,0
2021-01-09T23:59:59+01:00,1,1,405,409,1355,1843,1594,2967,1792,4327,2158,3376,978,936,992,1703,804,3152,0,0,0,0,0,0,0,0,0,0,0,0,0,0,0,0,28802,0,0,0,0,0,0,0,0
2021-01-08T23:59:59+01:00,1,1,308,281,1107,1501,1316,2298,1474,3548,1788,2759,845,830,904,1580,757,2999,0,0,0,0,0,0,0,0,0,0,0,0,0,0,0,0,24304,0,0,0,0,0,0,0,0
2021-01-07T23:59:59+01:00,1,0,145,76,398,507,480,788,595,1368,780,1205,467,481,560,961,464,1906,0,0,0,0,0,0,0,0,0,0,0,0,0,0,0,0,11183,0,0,0,0,0,0,0,0
2021-01-06T23:59:59+01:00,1,0,110,44,268,285,308,512,399,928,530,825,359,361,423,747,358,1439,0,0,0,0,0,0,0,0,0,0,0,0,0,0,0,0,7898,0,0,0,0,0,0,0,0
2021-01-05T23:59:59+01:00,1,0,86,31,189,230,241,426,321,819,447,705,343,345,406,714,351,1385,0,0,0,0,0,0,0,0,0,0,0,0,0,0,0,0,7041,0,0,0,0,0,0,0,0
2021-01-04T23:59:59+01:00,1,0,68,25,172,193,199,333,257,636,353,513,268,253,286,516,234,927,0,0,0,0,0,0,0,0,0,0,0,0,0,0,0,0,5234,0,0,0,0,0,0,0,0
2021-01-03T23:59:59+01:00,1,0,66,21,166,188,194,319,255,621,343,496,260,251,282,503,232,910,0,0,0,0,0,0,0,0,0,0,0,0,0,0,0,0,5108,0,0,0,0,0,0,0,0
2021-01-02T23:59:59+01:00,1,0,66,21,166,188,194,319,252,621,340,496,260,251,282,503,232,909,0,0,0,0,0,0,0,0,0,0,0,0,0,0,0,0,5101,0,0,0,0,0,0,0,0
2021-01-01T23:59:59+01:00,1,0,65,21,165,188,194,318,251,621,338,494,260,251,282,502,232,909,0,0,0,0,0,0,0,0,0,0,0,0,0,0,0,0,5092,0,0,0,0,0,0,0,0
2020-12-31T23:59:59+01:00,1,0,65,21,165,186,194,317,250,620,337,493,260,251,282,502,232,909,0,0,0,0,0,0,0,0,0,0,0,0,0,0,0,0,5085,0,0,0,0,0,0,0,0
2020-12-30T23:59:59+01:00,1,0,64,21,165,185,192,314,250,618,337,491,260,251,282,502,231,909,0,0,0,0,0,0,0,0,0,0,0,0,0,0,0,0,5073,0,0,0,0,0,0,0,0
2020-12-29T23:59:59+01:00,1,0,45,12,117,140,143,212,182,443,237,377,179,164,194,373,170,709,0,0,0,0,0,0,0,0,0,0,0,0,0,0,0,0,3698,0,0,0,0,0,0,0,0
2020-12-28T23:59:59+01:00,1,0,24,8,64,77,80,122,101,252,118,232,98,93,103,200,103,388,0,0,0,0,0,0,0,0,0,0,0,0,0,0,0,0,2064,0,0,0,0,0,0,0,0
2020-12-27T23:59:59+01:00,0,0,11,3,17,26,36,47,36,89,37,94,32,29,40,73,32,145,0,0,0,0,0,0,0,0,0,0,0,0,0,0,0,0,747,0,0,0,0,0,0,0,0
