Datum,<15_m,<15_w,15-24_1_m,15-24_1_w,25-34_1_m,25-34_1_w,35-44_1_m,35-44_1_w,45-54_1_m,45-54_1_w,55-64_1_m,55-64_1_w,65-74_1_m,65-74_1_w,75-84_1_m,75-84_1_w,>84_1_m,>84_1_w,<24_2_m,<24_2_w,25-34_2_m,25-34_2_w,35-44_2_m,35-44_2_w,45-54_2_m,45-54_2_w,55-64_2_m,55-64_2_w,65-74_2_m,65-74_2_w,75-84_2_m,75-84_2_w,>84_2_m,>84_2_w,bp_1,bp_2,mo_1,mo_2,az_1,az_2,ja,unb_1,unb_2
2021-08-04T23:59:59+02:00,25697,23692,243701,235597,354243,326290,374508,368275,440647,451377,496845,500411,342984,383431,241825,309582,71259,130433,175506,170032,290917,267397,325228,318878,400797,410148,462437,467179,326893,365283,232172,296489,68043,123806,3802339,3321127,510232,456946,805526,740984,202974,502,352
2021-08-03T23:59:59+02:00,25255,23294,242415,234470,353403,325509,373856,367634,440045,450755,496301,499912,342726,383147,241710,309427,71218,130382,172175,166724,286988,263898,320346,314466,398184,407701,460209,465159,326113,364461,231836,296056,67983,123682,3794749,3290301,510078,455104,805496,738963,201410,502,352
2021-08-02T23:59:59+02:00,24947,23007,241433,233581,352628,324822,373230,367097,439544,450254,495827,499491,342490,382895,241603,309287,71194,130325,168671,163275,283013,260507,314821,309797,395551,405241,458051,463218,325366,363651,231548,295666,67923,123569,3788862,3259168,509847,453182,805446,736479,199774,502,351
2021-08-01T23:59:59+02:00,24813,22841,240871,233035,352092,324362,372845,366730,439146,449957,495512,499238,342371,382745,241536,309177,71182,130299,167274,161967,280857,258764,310508,306354,393782,403769,456644,462056,324963,363190,231392,295460,67897,123513,3785561,3243041,509546,451066,805360,734048,198559,502,351
2021-07-31T23:59:59+02:00,24705,22740,240536,232726,351827,324147,372610,366565,438966,449809,495407,499141,342338,382708,241516,309164,71181,130294,163585,158203,278105,256264,308460,304393,392408,402511,455516,461086,324653,362821,231260,295291,67872,123468,3784008,3220604,509366,450135,805357,733263,197923,502,351
2021-07-30T23:59:59+02:00,24420,22485,239765,232044,351282,323636,372143,366119,438531,449424,495063,498857,342201,382576,241475,309091,71168,130279,159876,154496,274750,253196,305480,301620,390213,400446,453704,459531,324163,362302,231055,295006,67839,123413,3780031,3195726,509017,448947,805341,730209,196444,502,351
2021-07-29T23:59:59+02:00,24086,22152,238253,230807,350151,322590,371206,365236,437700,448657,494275,498248,341873,382273,241341,308916,71133,130217,155069,150078,269434,249072,299700,296933,385931,397015,450697,457165,323340,361469,230750,294606,67779,123318,3772668,3162194,508373,444334,805261,725139,193084,502,351
2021-07-28T23:59:59+02:00,23794,21870,237121,229787,349285,321776,370491,364573,437085,448001,493722,497774,341624,381982,241211,308731,71099,130146,151353,146472,264993,245459,295308,293015,382696,394197,448631,455335,322688,360719,230493,294224,67715,123197,3766118,3131819,507851,442431,805184,722527,191192,501,351
2021-07-27T23:59:59+02:00,23529,21653,236158,228860,348488,321070,369824,364011,436526,447408,493219,497334,341395,381689,241081,308545,71066,130048,146399,141425,259187,240411,290095,288338,378774,390575,445508,452578,321718,359631,230134,293729,67627,123042,3760081,3090952,507311,440154,805129,718820,189656,501,350
2021-07-26T23:59:59+02:00,23298,21420,235205,227908,347726,320388,369239,363471,435986,446932,492775,496980,341171,381452,240955,308391,71043,129991,142095,137070,253688,235675,284965,283906,374352,386667,442016,449587,320775,358673,229809,293260,67556,122906,3754551,3051920,506698,437920,805053,714497,188301,501,350
2021-07-25T23:59:59+02:00,22945,21124,233899,226790,346812,319650,368592,362831,435423,446415,492331,496587,340981,381242,240869,308264,71022,129935,140265,135347,251047,233500,282503,281840,372234,384914,439953,447821,320272,358164,229612,293034,67531,122831,3747728,3037177,506334,435764,804994,710161,186928,501,350
2021-07-24T23:59:59+02:00,22703,20935,233005,225965,346123,319037,368054,362330,434926,446000,491997,496326,340873,381149,240829,308204,71019,129926,137401,132586,248358,231215,279981,279661,370015,383096,438748,446852,319936,357835,229471,292858,67512,122797,3743830,3018997,505573,432776,804986,709825,185284,501,350
2021-07-23T23:59:59+02:00,22292,20559,231542,224679,344834,318137,367033,361493,434078,445230,491319,495818,340646,380886,240745,308093,70998,129891,131977,127781,243042,226967,275561,275911,366368,379938,436129,444673,319243,357120,229221,292551,67458,122717,3736579,2983754,505113,431042,804932,707697,181921,501,349
2021-07-22T23:59:59+02:00,21793,20084,229460,222732,343125,316634,365569,360238,432786,444118,490354,494941,340229,380447,240575,307853,70953,129811,127680,123770,237106,222496,269233,270885,359527,374493,430707,440199,318077,355873,228797,292035,67364,122566,3724364,2942022,503596,425135,804799,701435,179213,501,349
2021-07-21T23:59:59+02:00,21289,19569,227602,220932,341468,315136,363975,358692,431240,442752,489150,493795,339685,379935,240331,307575,70900,129718,123946,120233,231685,218282,263742,266389,351438,367605,426131,436476,316962,354728,228340,291472,67283,122389,3713578,2906745,499898,414330,804581,696676,175956,501,346
2021-07-20T23:59:59+02:00,20987,19294,226160,219487,340263,313998,363028,357836,430400,441984,488446,493168,339353,379577,240191,307357,70873,129631,119654,116038,225385,213151,257950,261244,344348,361523,421458,432187,315882,353480,227931,290891,67189,122208,3704483,2863257,499501,407150,804464,692315,173854,501,346
2021-07-19T23:59:59+02:00,20674,19003,224446,217814,338973,312771,362007,356874,429604,441216,487781,492561,339057,379222,240044,307129,70829,129533,116924,113469,221051,209597,253370,257304,340655,358379,418858,430022,315168,352759,227642,290504,67118,122086,3694050,2838456,499091,401802,804378,688021,172287,501,346
2021-07-18T23:59:59+02:00,20523,18877,223175,216573,337402,311376,360966,355973,428816,440515,487257,492023,338831,378940,239915,306952,70808,129472,115445,112093,218433,207446,251035,255223,338427,356542,416842,428350,314692,352277,227481,290286,67097,122019,3684815,2826286,498561,397540,804304,684358,170981,501,345
2021-07-17T23:59:59+02:00,20131,18456,222033,215527,336836,310842,360387,355468,428309,440072,486849,491738,338730,378825,239874,306899,70805,129462,113387,110008,215985,205155,248589,253043,336021,354421,415403,427094,314362,351887,227346,290119,67074,121980,3679330,2808897,498367,394829,804295,683581,169524,495,344
2021-07-16T23:59:59+02:00,19593,17947,219504,213405,335116,309560,358895,354182,426858,438878,485763,490878,338330,378462,239704,306742,70780,129425,110297,107220,211253,201250,244069,249431,331749,350752,412079,424391,313446,350966,227000,289707,67020,121898,3669219,2781372,497616,392504,804141,679782,163318,495,342
2021-07-15T23:59:59+02:00,18959,17327,216751,211023,333235,307879,357330,352756,425540,437712,484836,490035,337935,378045,239506,306489,70738,129322,106420,104039,202941,195049,236632,243864,325200,345555,405055,417980,311719,349174,226463,289046,66949,121701,3654400,2735136,497024,384157,804029,672403,160234,495,342
2021-07-14T23:59:59+02:00,18122,16605,214351,208727,331569,306370,355949,351431,424338,436530,483820,489090,337487,377588,239271,306180,70684,129236,102839,100733,196518,189919,230950,239228,320934,342098,400897,414374,310421,347868,226063,288490,66870,121547,3639689,2701766,496469,378644,803908,665640,157549,495,341
2021-07-13T23:59:59+02:00,17477,15955,212195,206722,329995,305026,354637,350225,423193,435465,482882,488245,337053,377123,239069,305942,70650,129147,99119,97220,190081,184563,223864,233196,314290,336068,392538,406553,308634,345948,225465,287704,66762,121350,3626094,2659280,495920,366013,803766,656209,155489,494,336
2021-07-12T23:59:59+02:00,16467,15027,208954,203565,327953,303317,353082,348774,421967,434284,481914,487354,336643,376662,238890,305716,70611,129070,96041,94514,184822,180286,216914,227550,307498,330057,387464,402295,306916,344091,224881,286972,66663,121182,3607818,2621167,495373,358916,803616,647838,153711,493,335
2021-07-11T23:59:59+02:00,15959,14558,207615,202305,327224,302611,352428,348165,421416,433795,481475,487016,336456,376462,238830,305612,70590,129030,94625,93232,182067,177991,213933,225278,304824,327914,384649,399923,304458,341477,224505,286504,66611,121084,3601690,2606287,494742,356937,803493,637387,151896,486,331
2021-07-10T23:59:59+02:00,15486,14099,205784,200546,325773,301367,351309,347202,420697,433206,481006,486619,336290,376297,238765,305526,70580,129010,93340,91976,179559,175901,210921,222804,302321,325775,383493,398891,303813,340813,224325,286318,66595,121059,3593183,2589621,494119,356713,803259,635644,149273,486,331
2021-07-09T23:59:59+02:00,15165,13823,203881,198715,324177,299929,350247,346249,419800,432499,480442,486146,336087,376078,238668,305407,70564,128976,90570,89258,176039,172684,206590,218665,297312,321184,380062,395924,302725,339594,224023,285952,66558,120995,3584107,2560736,493264,354662,803069,628069,146682,486,330
2021-07-08T23:59:59+02:00,14706,13401,200417,195760,320888,297278,347895,344283,418100,431057,479016,485087,335655,375641,238491,305163,70521,128900,86289,85511,168822,167057,198493,212289,289970,315100,373152,389746,300038,336691,223251,285024,66441,120737,3568921,2514729,489233,346055,802552,617779,141821,486,330
2021-07-07T23:59:59+02:00,14209,12948,196701,191928,317756,294438,345604,342262,416551,429599,477826,483998,335180,375087,238304,304893,70484,128797,82620,82087,161560,161378,189497,205143,282019,308557,366160,382963,296745,333100,222352,283928,66303,120491,3547811,2466950,487884,332683,802173,607843,138964,485,328
2021-07-06T23:59:59+02:00,13751,12577,193288,188567,314522,291725,343145,339986,414846,428048,476570,482872,334681,374536,238109,304604,70432,128711,79078,78541,154918,155895,182121,198957,273115,300627,359705,376904,293560,329868,221473,282841,66195,120260,3528101,2414728,484841,325723,801758,598367,136537,484,328
2021-07-05T23:59:59+02:00,13355,12242,188921,184350,310505,288416,340655,337684,413189,426515,475434,481806,334209,374020,237936,304361,70399,128627,76034,75744,149824,151829,177373,194843,266234,294384,353620,371382,290298,326430,220594,281730,66087,120091,3505440,2375831,483697,321264,801275,588045,132482,477,328
2021-07-04T23:59:59+02:00,13178,12086,185103,180494,307895,286413,339355,336619,412316,425741,474856,481327,333989,373768,237846,304237,70373,128574,73855,73877,146745,149291,175054,192813,263809,292330,350523,369180,287000,323048,220018,281069,66033,119973,3493317,2362141,482414,318978,800705,576561,128004,477,325
2021-07-03T23:59:59+02:00,11991,11035,178692,174517,303657,282976,337042,334461,410512,423939,473656,480269,333589,373324,237672,303991,70349,128531,72083,72308,144334,147422,172626,190741,260760,289617,348249,367332,285254,321071,219751,280708,66001,119924,3467083,2346481,481017,318784,800521,572084,121846,477,325
2021-07-02T23:59:59+02:00,10897,9951,174993,171069,301268,280789,335310,332771,409268,422754,472886,479588,333330,373009,237556,303809,70321,128483,69403,69644,140439,144162,168219,186728,254730,284205,343050,362639,282010,317357,219113,279939,65953,119840,3449086,2313484,479552,316013,800326,559533,119350,476,299
2021-07-01T23:59:59+02:00,9806,9032,171346,167659,297260,277535,332840,330524,407488,421182,471800,478637,332917,372551,237357,303537,70276,128405,64539,64935,134180,138863,160975,180254,244519,275387,332289,352906,277252,312104,217265,277692,65774,119528,3426730,2257432,477481,303718,799980,541888,116221,476,298
2021-06-30T23:59:59+02:00,9321,8642,168094,164611,291688,272941,329191,327210,405728,419661,470789,477672,332497,372069,237167,303242,70242,128319,61421,62094,128571,134192,154354,174266,234501,266265,318937,339678,272061,306588,215380,275373,65608,119210,3401834,2202586,475339,290947,799681,523132,112487,476,296
2021-06-29T23:59:59+02:00,8786,8121,164318,160862,287191,268708,325648,323926,403639,417593,469254,476266,331914,371434,236919,302890,70188,128210,58647,59123,123649,129803,148360,168762,222685,255607,310413,331347,265621,299415,213418,272922,65406,118865,3374495,2143573,473362,286303,799354,505784,108908,476,293
2021-06-28T23:59:59+02:00,8382,7744,161018,157424,282185,264420,322368,321089,401508,415677,467772,474962,331397,370823,236688,302579,70145,128116,56389,56790,119766,126315,144028,164691,213487,247217,304647,325969,260684,294135,211659,270697,65261,118601,3350733,2107999,469393,277734,798701,489300,105718,476,290
2021-06-27T23:59:59+02:00,8235,7621,159524,155909,280093,262621,320572,319565,399821,414319,466890,474260,331105,370534,236585,302420,70126,128067,55200,55692,117654,124618,141486,162575,209396,243851,301305,323122,256900,290156,209206,267793,65150,118413,3340801,2092652,467324,274269,797659,473232,102731,476,290
2021-06-26T23:59:59+02:00,7085,6527,156266,152582,278000,260744,318173,317335,398637,413174,466191,473554,330834,370250,236479,302261,70102,128037,54657,55112,116328,123479,140074,161347,207162,241854,298784,320725,255372,288505,208873,267385,65123,118343,3321762,2075997,464517,274182,797651,470738,102598,424,243
2021-06-25T23:59:59+02:00,5870,5413,151977,148320,274635,257815,316124,315380,397340,411935,465195,472734,330548,369917,236354,302108,70075,127989,53379,53496,113864,120795,136013,156801,198424,233426,293116,314870,253653,286394,208285,266586,65052,118224,3296949,2033657,463098,272496,797601,464184,102377,424,243
2021-06-24T23:59:59+02:00,5020,4631,147566,144216,269854,253917,311866,311623,395174,410080,463831,471606,330131,369459,236187,301873,70042,127903,50746,50916,108767,116104,128718,150186,186442,223010,281734,304672,248296,280591,206460,264250,64849,117824,3266006,1971859,461108,260781,797436,450482,100722,423,242
2021-06-23T23:59:59+02:00,4801,4425,144421,141122,266178,250791,306644,306841,392688,407749,462435,470293,329605,368843,235958,301563,69994,127800,48821,48843,104984,112212,123073,144532,176589,214379,269814,292740,243703,275796,205129,262556,64688,117464,3238612,1915812,457600,250963,797282,439814,98950,423,241
2021-06-22T23:59:59+02:00,4553,4196,141357,138006,262488,247433,300535,301421,390066,405207,460900,468815,329064,368243,235739,301214,69946,127694,47139,47109,101394,108936,118303,139977,164033,203261,258952,282481,239655,271338,203215,260153,64437,116996,3206691,1857677,455684,243281,797103,428904,97687,421,234
2021-06-21T23:59:59+02:00,4296,3951,138102,135074,257810,243562,295305,296571,387046,402341,459434,467468,328546,367688,235515,300904,69906,127582,45921,45892,99020,106735,115576,137282,157840,197519,252102,275872,234321,265525,199306,255656,64253,116622,3175095,1826864,453659,237788,796891,409199,95741,420,234
2021-06-20T23:59:59+02:00,4155,3833,136601,133581,253652,240161,292771,294360,385661,401031,458647,466726,328326,367411,235404,300771,69886,127520,44810,44984,96788,104960,113321,135316,154822,194991,247818,271833,231330,262009,198319,254407,64172,116497,3157932,1806677,451904,234261,796721,401362,94220,420,231
2021-06-19T23:59:59+02:00,3741,3484,134459,131498,250915,237856,290999,292728,383829,399470,457805,465996,328107,367161,235301,300634,69865,127488,44274,44342,95526,103709,111857,133862,153327,193563,244616,268834,230620,261166,198151,254147,64150,116444,3141675,1790820,449097,232687,796713,401089,94125,420,230
2021-06-18T23:59:59+02:00,2794,2572,131189,128366,247405,234817,287000,289333,381442,397353,456465,464835,327734,366761,235147,300398,69838,127439,43499,43437,93958,101941,109579,131205,149801,189545,237797,261605,228903,259172,197667,253509,64075,116311,3115948,1761698,444674,232169,796688,394414,93852,419,230
2021-06-17T23:59:59+02:00,2561,2349,127494,125106,241410,230396,281800,284962,376673,393381,454152,463013,327148,366043,234907,300043,69772,127327,41275,41620,89917,98481,104707,126474,141964,181892,226442,250260,223722,253257,196021,251360,63816,115892,3081376,1706238,441708,228043,796434,383549,89405,304,219
2021-06-16T23:59:59+02:00,2292,2117,124278,121719,236531,226078,277116,280712,371512,388902,451579,460884,326415,365248,234620,299633,69706,127214,39458,40037,86396,95474,100377,122668,133766,174586,214390,238396,217519,246185,194110,249046,63564,115404,3048018,1646730,436193,222451,795918,375513,86813,302,218
2021-06-15T23:59:59+02:00,1906,1787,119368,116866,230565,220953,271783,275738,366459,384278,448745,458477,325550,364280,234275,299119,69624,127031,37846,38435,83085,92443,96422,118639,126739,168232,202088,226423,211513,239419,192167,246625,63253,114835,3003442,1589675,434277,216632,795354,367872,84112,302,215
2021-06-14T23:59:59+02:00,1645,1515,115329,112721,225356,216053,266425,270771,361192,379541,445633,455892,324768,363428,233963,298730,69562,126911,36870,37549,80819,90369,93734,116139,122647,164512,195518,219953,208417,235928,191037,245157,63036,114448,2961410,1560232,431933,214397,795094,360246,81377,300,214
2021-06-13T23:59:59+02:00,1571,1430,113837,111347,222918,213956,263889,268520,358943,377591,444464,454861,324493,363124,233828,298563,69531,126838,36016,36823,78976,88714,91734,114339,119832,161923,191674,216271,205349,232505,190006,243791,62804,114037,2946455,1546341,429501,207155,794788,352075,79336,300,212
2021-06-12T23:59:59+02:00,1422,1293,111193,108603,221028,212231,262513,267249,357511,376195,443570,454093,324206,362816,233736,298460,69513,126810,35648,36421,77993,87622,90491,113054,118268,160367,188122,212975,204318,231381,188607,242136,62794,114007,2930311,1533252,428525,207146,794768,344703,79213,299,211
2021-06-11T23:59:59+02:00,1275,1156,108659,106099,218143,209619,258851,264072,354384,373473,441856,452621,323771,362366,233602,298254,69486,126755,34980,35312,75997,84268,88267,109536,114179,155237,181455,205559,202232,229019,188006,241369,62732,113910,2905956,1505884,425741,206464,794587,331289,78529,299,209
2021-06-10T23:59:59+02:00,1116,1003,103916,101701,212094,204878,251813,258268,348305,368185,437374,448854,322917,361399,233282,297808,69402,126604,33405,33833,72014,80110,83377,104055,107536,147067,169169,191959,196185,222159,186285,239239,62481,113509,2862441,1458979,418671,204731,793746,304351,74425,297,205
2021-06-09T23:59:59+02:00,968,874,100009,98010,206152,200165,245017,252570,341664,362245,433701,445842,322245,360660,233014,297429,69338,126472,31878,32586,68796,77472,79697,100904,102841,142808,158086,181252,185608,210217,184425,236999,62209,113017,2823565,1405199,410166,200766,793242,293134,69797,258,203
2021-06-08T23:59:59+02:00,786,693,95492,93481,199540,194612,238068,246575,333423,354980,428605,441188,321415,359661,232644,296945,69257,126335,30810,31736,66214,75184,76430,98190,98276,138907,150526,173800,176927,200537,182625,234764,61977,112651,2771713,1366147,404411,195874,792662,282343,65301,258,188
2021-06-07T23:59:59+02:00,628,552,92288,90387,193494,189920,231521,241344,325600,348818,425568,438752,320874,359033,232431,296620,69203,126239,29946,30891,63756,73239,73484,96036,94523,135980,142481,166034,172898,195934,181204,232961,61754,112269,2732805,1339133,398269,192592,792099,271289,60481,255,187
2021-06-06T23:59:59+02:00,590,516,90716,89074,190217,187384,228183,238590,321336,345422,424144,437677,320605,358743,232323,296462,69179,126192,29347,30339,61992,71564,71412,94042,91348,132922,136818,160275,170375,193323,180096,231564,61525,111889,2717444,1327326,390898,182974,791625,260870,57763,253,187
2021-06-05T23:59:59+02:00,510,436,88774,87061,185353,183173,225725,236456,319521,343791,423145,436763,320316,358421,232175,296294,69165,126160,28898,29592,60801,69629,70024,91907,89681,130683,132080,154964,167384,189667,179611,230907,61491,111823,2694023,1303789,390781,182509,791424,255555,57387,252,187
2021-06-04T23:59:59+02:00,410,351,86425,84539,181703,179580,221725,232513,315942,340165,420787,434577,319858,357886,231979,296066,69127,126097,28436,28926,59695,67987,68758,89840,87905,128086,128730,151322,163157,184913,178624,229644,61443,111737,2664816,1285060,386968,181741,791311,245491,57006,252,187
2021-06-03T23:59:59+02:00,317,277,83144,81481,175990,174938,214484,226431,308252,333482,413044,427725,318830,356713,231610,295621,69072,125966,27549,27919,57815,65810,66383,87113,84288,123997,122000,144668,156838,177337,177061,227623,61330,111500,2615993,1255975,376737,176455,790893,232780,54112,250,183
2021-06-02T23:59:59+02:00,268,218,81078,79325,171930,171236,210851,223293,304688,330150,411006,425895,318424,356263,231457,295415,69044,125915,27086,27441,56696,64706,64811,85846,82250,122071,117045,139795,148978,168394,176347,226670,61245,111331,2587321,1223868,375358,174494,790865,229172,53263,248,180
2021-06-01T23:59:59+02:00,172,151,76823,75505,163677,164694,201516,215575,295602,322286,402809,418072,316916,354653,230918,294681,68933,125688,25534,26025,52400,61773,59994,82572,76856,117591,109647,132610,137907,155021,174250,223942,61036,110905,2528727,1173884,363740,170399,790107,217421,46435,246,176
2021-05-31T23:59:59+02:00,150,134,74085,73034,158038,160392,194222,209630,288229,315922,397080,413112,315923,353546,230534,294163,68843,125517,24626,24972,49792,59571,56846,80059,73280,114332,105170,128182,133774,150139,172887,222227,60866,110574,2488362,1151549,354373,168101,789483,207052,40666,245,174
2021-05-30T23:59:59+02:00,139,126,73037,71972,155570,158371,191604,207284,285457,313413,395194,411375,315563,353136,230374,293928,68806,125437,24027,24194,48219,57859,55119,78215,71065,111790,102526,125329,131626,147620,172097,221298,60774,110364,2472555,1141835,351857,166795,788862,195721,37840,245,172
2021-05-29T23:59:59+02:00,136,125,72429,71384,154065,156974,189307,205255,283623,311832,394355,410601,315340,352892,230294,293850,68795,125419,23704,23671,47304,56365,53784,76343,69146,108952,100217,122540,128833,144207,171448,220393,60747,110312,2458689,1128280,351700,166731,788793,185203,37820,245,171
2021-05-28T23:59:59+02:00,131,122,71344,70267,151681,154720,185659,201726,280358,308700,392495,408837,314931,352392,230147,293636,68776,125362,23174,22672,45697,54243,51967,73791,67110,105017,95904,116661,124479,139172,170474,219087,60701,110198,2434923,1105760,350655,166518,788585,170693,37443,244,168
2021-05-27T23:59:59+02:00,120,114,68039,67258,145214,149796,177483,195488,273988,303553,386192,403166,313675,350948,229688,293105,68705,125180,21860,20991,42454,51200,48095,69987,62574,99023,89570,109172,120571,134559,167684,215393,60529,109885,2390439,1077418,343064,163780,786793,150686,31726,244,164
2021-05-26T23:59:59+02:00,116,111,65890,65085,140271,145719,171398,190434,267246,297894,379462,396484,312161,349345,229202,292411,68603,124969,21124,20083,40637,49071,45749,67257,59553,95235,84985,104076,115609,128848,163901,210068,60321,109459,2353233,1045570,329886,162217,784988,139251,28999,241,163
2021-05-25T23:59:59+02:00,115,106,63864,63101,136080,142238,166353,186153,260186,291625,374048,391106,310886,347946,228797,291767,68520,124792,20552,19423,39240,47562,43921,65250,57088,92246,80927,99712,110697,123181,158381,202847,60154,109159,2315773,1014186,322389,158800,782459,130051,27366,238,160
2021-05-24T23:59:59+02:00,112,105,62622,61895,133334,140144,163086,183746,253252,285644,369119,386439,310061,347028,228512,291385,68448,124664,20210,19024,38225,46497,42582,63772,55423,90242,78702,97211,109283,121534,157778,202066,60042,108960,2292063,1004904,311322,157508,780686,123379,25824,238,158
2021-05-23T23:59:59+02:00,107,105,62127,61380,132235,139252,161893,182715,252013,284626,367537,385012,309449,346373,228341,291159,68428,124628,19981,18841,37681,45945,41838,63080,54271,89252,77223,95856,108116,120145,156803,200851,59975,108823,2280593,996794,310746,154457,780639,121796,25699,238,157
2021-05-22T23:59:59+02:00,104,103,61434,60761,130755,138188,159530,181097,249048,282340,365065,382799,308925,345782,228165,290893,68402,124578,19666,18419,37071,45345,41201,62551,53620,88533,76459,94717,106569,118346,156032,199883,59948,108769,2262690,990113,310731,154453,780601,118385,24239,238,157
2021-05-21T23:59:59+02:00,100,99,60104,59326,127858,135601,156260,177783,243827,277581,358981,377119,307992,344694,227868,290497,68342,124471,19307,18054,36459,44578,40552,61504,52673,87141,74749,92417,103339,114405,154899,198436,59856,108594,2226708,977141,309095,154128,779039,111800,23956,231,155
2021-05-20T23:59:59+02:00,92,97,57059,56536,122135,130738,149343,171479,233535,268855,349969,368853,305466,341959,227101,289494,68210,124253,18012,17120,34291,42335,38105,58611,49862,83382,70828,87939,99232,109797,152446,195429,59677,108241,2168850,957934,302451,152191,773098,94176,21063,223,155
2021-05-19T23:59:59+02:00,91,95,54851,54345,117133,126066,142187,164878,223019,259514,339448,357983,302827,339096,226356,288456,68061,123977,17432,16339,33069,40755,36701,56551,47855,80613,67595,84373,95358,105332,148828,190718,59415,107749,2103078,934591,296209,150222,770133,84700,19236,223,142
2021-05-18T23:59:59+02:00,86,90,52760,52388,112350,121813,135823,159316,211467,249154,329590,348203,300162,336133,225481,287261,67909,123723,16915,15743,31870,39301,35358,54765,46054,78222,64720,81156,91368,100814,145643,186666,59204,107314,2043309,914445,286865,147374,766545,76098,17258,220,142
2021-05-17T23:59:59+02:00,83,87,51728,51395,110023,119765,133028,156673,204963,243155,322035,341134,298378,334169,224897,286439,67802,123510,16483,15302,30836,38261,34203,53489,44579,76437,62474,78769,86548,94965,144182,184785,59054,106999,2016565,902835,274622,139920,763142,69470,15200,219,140
2021-05-16T23:59:59+02:00,82,84,50945,50740,108585,118445,131291,155017,201998,240480,314611,334193,297361,333041,224590,285956,67750,123413,16201,14932,30089,37488,33336,52571,43518,75127,61146,77301,83141,90901,143396,183713,58967,106860,2001272,896785,264212,133165,759910,65345,13451,218,136
2021-05-15T23:59:59+02:00,82,84,50409,50108,107587,117459,130282,153909,200070,238550,311052,330993,296742,332354,224394,285686,67730,123349,16063,14769,29835,37182,33049,52141,43032,74483,60300,76321,82546,90088,142882,183047,58931,106813,1985117,891559,264195,133020,759047,64221,12742,217,135
2021-05-14T23:59:59+02:00,81,84,49157,48691,105342,115371,126696,150465,191874,231499,304758,325124,295764,331222,224109,285239,67683,123254,15566,14346,29056,36367,32285,50955,41958,72709,58744,74379,80648,87606,142272,182063,58891,106726,1947961,881961,262498,132155,754505,58811,11702,214,134
2021-05-13T23:59:59+02:00,78,83,47245,46746,101509,112151,121997,146367,181877,222933,294171,315327,292799,327805,223301,284102,67583,123047,14705,13904,28202,35672,31525,50059,41018,71624,57244,72819,76881,83274,139518,178471,58781,106511,1896480,869463,253912,125142,748288,54969,10687,210,133
2021-05-12T23:59:59+02:00,76,81,46335,46043,99597,110728,119944,144713,179337,220827,289446,310013,291637,326542,223059,283782,67545,122962,14540,13754,27885,35456,31125,49770,40577,71251,56708,72253,75549,81659,138743,177346,58695,106351,1873474,863762,251753,123363,747799,54699,9889,206,132
2021-05-11T23:59:59+02:00,72,75,44095,44573,95583,107661,114151,139993,165995,209571,277815,299266,288240,322635,222103,282381,67396,122663,14113,13190,26877,34033,30001,47975,39279,68978,55000,69990,72472,78084,137396,175520,58537,105993,1814716,851548,242071,120681,739303,46835,8423,202,130
2021-05-10T23:59:59+02:00,71,71,42845,43604,92990,105662,110905,137373,157620,202568,269955,292169,286070,320190,221527,281519,67271,122423,13769,12746,26118,33051,29207,46722,38284,67124,53779,68261,70394,75537,136257,174011,58418,105706,1779239,842704,236036,119634,732347,39646,7454,198,124
2021-05-09T23:59:59+02:00,70,71,41728,42836,90317,103919,108258,135608,152620,199156,264449,287248,284836,318810,221151,280990,67205,122277,13457,12528,25428,32383,28479,45921,37495,66165,52838,67311,69166,74136,135664,173181,58363,105575,1759985,838138,228959,118648,726378,34890,6465,196,124
2021-05-08T23:59:59+02:00,69,71,41437,42538,89474,103190,107175,134762,151179,197946,261894,285190,284335,318268,221033,280811,67189,122245,13355,12467,25300,32292,28334,45792,37306,65973,52500,66994,68204,73216,134601,171817,58316,105482,1748018,833554,228451,117906,726155,34114,6452,161,98
2021-05-07T23:59:59+02:00,67,70,40515,41824,87551,101858,104371,132555,146568,194149,255662,279689,283000,316674,220685,280354,67136,122122,12610,11983,24478,31560,27573,44733,36445,64713,51321,65485,65965,70534,132387,169010,58227,105304,1722326,823927,225254,115652,722036,27327,5499,160,97
2021-05-06T23:59:59+02:00,63,69,37873,40105,82811,98409,98393,127817,136406,185658,239239,265302,277885,310893,219398,278669,66961,121806,11923,11467,23543,30457,26580,43386,35091,62715,49587,63518,63484,67418,130286,166255,58114,105086,1656884,812881,215360,112552,711181,18966,4588,153,96
2021-05-05T23:59:59+02:00,61,66,35987,38913,79167,95829,93804,124178,128592,179136,224507,251279,271705,303762,217825,276680,66715,121283,11688,11192,23006,29734,25980,42462,34168,61316,48440,62108,60884,64317,127356,162567,58016,104835,1590759,800647,210301,109002,705162,14981,3516,153,95
2021-05-04T23:59:59+02:00,61,64,34885,37812,76449,93520,90308,121141,123039,174407,213906,241020,266223,297318,216385,274839,66507,120815,11527,10991,22604,29196,25523,41693,33455,60239,47333,60837,58171,61152,125001,159639,57866,104599,1541784,788815,205193,106379,699102,11846,2865,152,92
2021-05-03T23:59:59+02:00,60,62,34019,36762,74168,91707,87435,118798,118600,170771,207260,235023,262949,293458,215587,273757,66386,120520,11284,10721,22212,28620,25045,40996,32772,59274,46313,59700,55397,57820,121243,154756,57609,104162,1510076,773032,202087,104673,694187,9085,1212,150,91
2021-05-02T23:59:59+02:00,60,62,33668,36446,72999,90809,85974,117705,116179,168907,204170,232517,261991,292371,215302,273350,66321,120412,11213,10650,22024,28410,24820,40710,32435,58870,45862,59225,54208,56365,118190,151088,57526,104032,1499504,768040,199302,99138,690328,8186,345,149,88
2021-05-01T23:59:59+02:00,59,62,33354,36075,72239,90018,84906,116667,114721,167551,201094,229488,261302,291551,215093,273069,66310,120374,11199,10635,21971,28380,24761,40672,32374,58813,45779,59150,53967,56073,118031,150892,57517,104015,1484463,766733,199300,99098,690063,8138,341,148,88
2021-04-30T23:59:59+02:00,56,59,32815,35476,71034,88799,83448,114943,110948,163993,193711,222383,259310,289187,214645,272463,66250,120268,10880,10440,21611,28103,24487,40250,32049,58253,45318,58519,53074,54912,117083,149708,57462,103896,1451633,763067,198975,97117,689267,5800,145,146,85
2021-04-29T23:59:59+02:00,54,57,31318,34529,68125,86783,79828,112348,105851,159899,180921,210855,251392,280100,213448,270834,66115,119919,10578,10229,21137,27655,24058,39752,31468,57511,44520,57587,51246,52724,115238,147475,57362,103701,1396878,754261,191698,94443,683908,3497,125,139,83
2021-04-28T23:59:59+02:00,53,55,30085,33918,66262,85479,77351,110533,102433,157051,171254,201694,240557,267521,212168,269149,65918,119591,10395,10069,20841,27305,23696,39283,31048,56859,43796,56766,49131,50113,112664,144250,57239,103489,1344327,744751,188346,89913,678541,2271,95,132,81
2021-04-27T23:59:59+02:00,50,54,29330,33236,64693,84018,75357,108731,99681,154659,166544,196979,232060,257724,211023,267537,65798,119368,10272,9958,20560,27016,23460,38955,30691,56364,43115,56076,47131,47576,110027,140826,57122,103290,1310358,734968,186049,85913,670574,1554,94,130,77
2021-04-26T23:59:59+02:00,49,54,28901,32854,63597,83136,73863,107572,97406,152955,157940,188976,227879,252887,210319,266548,65707,119170,10180,9868,20347,26831,23224,38738,30397,56026,42504,55503,45328,45433,108138,138351,57027,103137,1281484,727031,184610,82827,663859,1175,90,128,75
2021-04-25T23:59:59+02:00,49,53,28650,32618,62823,82616,72804,106842,95681,151734,152567,184112,223551,248013,209730,265771,65642,119049,10125,9834,20268,26757,23138,38657,30286,55902,42344,55344,44915,44936,107460,137444,56999,103067,1268778,725377,178477,81060,655189,1043,88,128,74
2021-04-24T23:59:59+02:00,49,52,28308,32192,61888,81398,71620,105401,94135,150082,147674,178972,220769,244688,209260,265099,65608,118999,10110,9816,20227,26715,23088,38592,30205,55816,42195,55208,44673,44629,107211,137150,56978,103039,1243970,724295,178450,80362,653912,1000,87,128,73
2021-04-23T23:59:59+02:00,47,52,27562,31573,60321,79895,69836,103387,91552,147452,142908,174592,216227,239152,208606,264109,65546,118884,10058,9754,20118,26629,22957,38442,29972,55611,41833,54878,44055,43873,106151,135870,56821,102764,1219170,720954,177273,77892,645393,948,86,126,71
2021-04-22T23:59:59+02:00,45,51,26948,30974,58788,78460,67373,101174,87435,143968,134881,167114,207207,228172,206569,261479,65348,118489,9933,9658,19869,26338,22605,38011,29458,55097,41076,54243,42888,42546,104162,133428,56593,102366,1177707,713508,169840,73949,637064,823,86,121,69
2021-04-21T23:59:59+02:00,45,49,26456,30454,57465,77361,65494,99550,84410,141335,127704,160312,194156,212857,204423,258594,65123,118064,9803,9572,19638,26093,22321,37686,29107,54649,40527,53714,42045,41530,101980,130651,56340,101956,1126327,706991,166964,69880,630700,751,86,114,68
2021-04-20T23:59:59+02:00,44,48,26032,29988,56310,76223,63826,97975,81871,138763,122632,155262,182697,199418,202003,255469,64890,117643,9700,9483,19421,25905,22030,37417,28700,54239,39988,53182,41232,40602,99767,127671,56004,101419,1083806,699471,163480,66632,623947,673,84,112,64
2021-04-19T23:59:59+02:00,44,47,25667,29636,55343,75405,62546,96804,79751,136842,119118,151889,176959,192586,200296,253241,64707,117313,9592,9393,19191,25687,21786,37146,28385,53849,39478,52654,40438,39695,96675,123712,55599,100709,1059330,689151,161654,64218,617352,637,83,107,64
2021-04-18T23:59:59+02:00,43,45,25364,29376,54576,74860,61425,95858,77904,135424,115760,149498,171859,187042,199286,252018,64599,117123,9519,9319,19004,25515,21610,36981,28169,53574,39218,52405,40110,39308,95460,122169,55418,100413,1045402,685300,159989,62288,606805,622,83,106,63
2021-04-17T23:59:59+02:00,42,44,25256,29284,54205,74666,60910,95507,77251,134828,114916,148758,167613,182166,198752,251294,64564,117058,9474,9260,18866,25327,21424,36751,27943,53300,38953,52138,39812,38988,94701,121242,55354,100330,1034539,681297,159961,61974,602749,610,83,106,63
2021-04-16T23:59:59+02:00,42,44,24884,29036,53218,74061,59629,94633,75633,133499,110781,144624,159990,173402,197101,249095,64455,116850,9265,9085,18474,24900,20848,36180,26845,52404,36945,50545,36530,36088,91528,117739,54952,99675,1008689,666349,159176,55100,593246,571,83,105,62
2021-04-15T23:59:59+02:00,38,40,24410,28583,51970,72895,57674,92907,72368,130658,105316,139354,152136,164435,192449,243227,64159,116233,9091,8924,18106,24479,20356,35523,26169,51613,35556,49319,34426,34069,88431,114020,54445,98819,976521,653316,157125,49529,575337,520,82,104,60
2021-04-14T23:59:59+02:00,36,36,24068,28258,51034,71960,56336,91521,69987,128503,101332,135594,142949,154064,184715,233352,63819,115565,8689,8653,17634,23975,19821,34882,25260,50737,34270,48198,32387,31923,85459,110380,53955,97961,938693,638470,154460,45313,560107,422,81,101,59
2021-04-13T23:59:59+02:00,36,36,23831,28044,50341,71422,55394,90699,68354,127099,97611,132166,131128,140958,178330,225021,63479,114976,8455,8483,17291,23571,19401,34352,24596,49943,33205,47186,31006,30567,83322,108014,53599,97419,905493,629208,149950,40924,543614,300,81,99,57
2021-04-12T23:59:59+02:00,35,35,23624,27859,49792,70913,54534,89967,66894,125814,94985,129842,124029,132932,175108,221073,63210,114485,8217,8297,16934,23276,19034,33918,24127,49408,32537,46561,29490,29031,81666,106081,53273,96898,889112,620814,148416,37674,527732,281,81,98,55
2021-04-11T23:59:59+02:00,34,35,23452,27699,49269,70494,53806,89514,65758,125012,93131,128366,118556,126926,171192,216475,63041,114189,8085,8163,16638,22997,18716,33610,23771,49028,32091,46177,28857,28367,80646,104836,53065,96579,881661,615534,144009,35848,511408,266,79,97,54
2021-04-10T23:59:59+02:00,34,35,23391,27642,49102,70360,53607,89358,65432,124745,92608,127932,116475,124401,169754,214627,63000,114089,7498,7561,15748,22212,17760,32771,22651,47996,30981,45184,28198,27655,78556,102231,52799,96143,874682,600238,143157,35469,508886,260,74,97,54
2021-04-09T23:59:59+02:00,33,35,23146,27394,48603,69869,52969,88678,64437,123625,90785,126028,107666,113476,166383,210227,62802,113733,6540,6664,14222,20893,16042,31216,20515,46034,28784,43179,26427,25836,75062,98064,52257,95305,855315,572856,136114,33960,498599,249,67,92,53
2021-04-08T23:59:59+02:00,33,35,22851,27149,48024,69380,52219,87983,63133,122547,88374,123865,97373,101505,160851,203390,62476,113169,5899,6077,13036,19879,14785,29878,18875,44322,26289,40847,23414,22873,70425,92314,51120,93556,836692,541383,127230,32020,480586,216,57,90,53
2021-04-07T23:59:59+02:00,31,34,22541,26924,47225,68926,51296,87374,61748,121569,85245,121432,88202,91224,153860,194613,62182,112608,5519,5756,12380,19206,13973,29051,17833,43271,24383,38952,20882,20353,66480,87557,50128,91943,816336,517968,121646,29544,459205,184,53,89,52
2021-04-06T23:59:59+02:00,30,34,22331,26763,46701,68546,50709,86850,60717,120793,83143,119691,80446,82427,147510,186654,61839,111981,5327,5599,12033,18850,13623,28620,17300,42711,23521,38146,19758,19326,63329,83473,49209,90563,797089,504641,118439,26609,441792,173,49,87,50
2021-04-05T23:59:59+02:00,30,33,22233,26639,46390,68204,50327,86453,60172,120103,81966,118539,75973,77341,142516,180558,61638,111666,5189,5460,11772,18598,13329,28308,16979,42339,23077,37687,19295,18857,60457,79926,48511,89498,787679,495332,116689,23818,426569,168,46,85,50
2021-04-04T23:59:59+02:00,30,33,22185,26579,46269,67937,50158,86140,59893,119603,81459,117908,74534,75636,141816,179582,61601,111584,5185,5454,11755,18585,13318,28292,16961,42322,22979,37615,18888,18534,59023,78082,48306,89187,785146,490551,116586,23816,421378,161,42,82,48
2021-04-03T23:59:59+02:00,30,33,22123,26498,46146,67829,49996,85965,59577,119291,80892,117332,73189,74002,140702,178045,61518,111435,5176,5446,11742,18567,13295,28272,16927,42275,22874,37541,18752,18385,58673,77522,48217,89042,778791,488772,116544,23816,419432,161,41,81,48
2021-04-02T23:59:59+02:00,30,33,22046,26416,45986,67664,49779,85717,59109,118842,80014,116520,71635,72122,138424,175068,61321,111077,5157,5409,11695,18525,13241,28190,16838,42127,22601,37063,18395,18023,56333,74645,47407,87946,769693,480307,114770,23173,417505,161,39,80,46
2021-04-01T23:59:59+02:00,27,31,21852,26212,45569,67145,49136,84977,58234,117903,78134,114852,68377,68698,134348,169902,61004,110512,5010,5267,11424,18263,13018,27957,16516,41819,22101,36623,17580,17281,51506,68628,45732,85492,758068,462316,108690,21804,410323,147,34,78,45
2021-03-31T23:59:59+02:00,27,31,21526,25993,45169,66623,48644,84329,57507,116965,76977,113608,66339,66384,129598,163799,60602,109790,4932,5217,11329,18145,12858,27807,16277,41550,21510,36115,16452,16378,46307,62228,44357,83521,748332,444036,101548,20860,404205,144,30,76,41
2021-03-30T23:59:59+02:00,27,30,21349,25773,44771,66005,48140,83533,56801,115914,75844,112236,64504,64367,125225,158051,60135,108890,4865,5132,11224,18019,12666,27618,15949,41227,20933,35566,15618,15577,43549,58821,43242,81728,738173,432178,97334,19500,396269,115,26,71,40
2021-03-29T23:59:59+02:00,26,30,21152,25534,44312,65455,47664,82844,56067,114840,74622,110802,62018,61627,118497,149418,59365,107497,4768,5063,11119,17908,12514,27452,15702,40908,20476,35098,14966,15038,40966,55843,42137,79909,717667,421001,93914,18825,390369,100,26,71,39
2021-03-28T23:59:59+02:00,26,30,20947,25246,43814,64773,47150,82102,55388,113836,73682,109699,60758,60193,113798,143450,58921,106740,4713,5005,10973,17763,12260,27154,15511,40662,20309,34867,14728,14794,39886,54427,41789,79373,711142,416696,86613,17500,382978,80,26,70,36
2021-03-27T23:59:59+01:00,26,30,20828,25090,43522,64408,46791,81573,54888,113146,73012,108962,59605,59111,112317,141744,58854,106661,4700,4993,10946,17744,12242,27124,15150,40236,19910,34431,14435,14582,39401,53742,41316,78557,705879,412651,85913,16846,378955,74,26,70,36
2021-03-26T23:59:59+01:00,26,29,20576,24578,42720,62706,45825,79550,53555,110132,71003,105352,57597,57235,109569,138512,58528,106147,4682,4960,10923,17692,12173,27032,15072,40127,19571,33839,13968,13933,36340,49913,39261,75317,694511,398177,82609,16628,366698,61,23,69,36
2021-03-25T23:59:59+01:00,26,27,20145,23905,41847,60946,44733,77002,52045,106614,68619,101591,55007,54604,106263,134547,57958,105158,4636,4906,10832,17590,12052,26887,14888,39908,19297,33532,13494,13443,32493,44870,36267,70788,683111,379859,78415,16031,349689,56,21,68,36
2021-03-24T23:59:59+01:00,26,27,19746,23459,41071,59678,43721,75467,50671,104700,66527,99264,52226,51695,102017,129450,57321,104081,4582,4840,10739,17451,11885,26686,14657,39626,18929,33114,13039,12990,29928,41659,33156,65955,670327,364324,73546,14930,337457,50,16,66,36
2021-03-23T23:59:59+01:00,26,27,19500,23160,40511,58771,43000,74381,49640,103191,64876,97410,49940,49354,99261,126239,56762,103242,4523,4770,10639,17327,11739,26505,14412,39316,18513,32729,12537,12484,27498,38566,29495,60065,662223,346797,70205,14342,327047,46,15,64,36
2021-03-22T23:59:59+01:00,26,27,19281,22749,39876,57892,42335,73344,48696,101809,63404,95780,48112,47474,96864,123495,56290,102470,4465,4723,10553,17213,11609,26328,14255,39076,18274,32428,12227,12111,25667,36219,25550,53699,655941,330628,67400,13790,316766,43,15,63,35
2021-03-21T23:59:59+01:00,26,27,19144,22490,39385,57139,41786,72500,48044,100656,62461,94552,47069,46451,95219,121644,55921,101891,4451,4715,10517,17165,11564,26242,14195,38986,18193,32329,12108,11980,25239,35771,25196,53141,653372,328437,65373,13376,307840,43,14,62,35
2021-03-20T23:59:59+01:00,25,27,19084,22345,39175,56644,41548,71941,47733,100019,62024,93952,46419,45685,92623,118415,55636,101405,4442,4708,10508,17153,11537,26226,14152,38950,18111,32255,11949,11819,24600,34997,24434,52057,646919,324732,64925,13187,303034,43,14,62,35
2021-03-19T23:59:59+01:00,25,26,18731,21781,38043,54526,40270,69948,46000,97934,59150,91194,41988,41821,87414,112657,54936,100325,4422,4695,10475,17106,11473,26115,14062,38781,17876,31957,11597,11541,22934,32941,22754,49498,629193,315429,57729,12825,290023,36,14,60,35
2021-03-18T23:59:59+01:00,25,25,18338,21136,36869,52373,38730,67160,43848,93471,55307,85403,37961,38026,82688,107182,53849,98665,4402,4667,10407,17003,11395,25962,13912,38592,17658,31755,11365,11358,21689,31428,21043,46901,612279,307352,51992,12215,266955,33,14,60,34
2021-03-17T23:59:59+01:00,25,24,17919,20786,36144,51456,37967,66208,42768,92118,53520,83577,35293,35245,78668,102362,52905,97192,4379,4641,10345,16910,11323,25828,13799,38405,17460,31564,11128,11136,20450,30018,19454,44503,595642,299864,47598,11509,261103,30,14,59,34
2021-03-16T23:59:59+01:00,24,24,17563,20368,35398,50388,37154,65015,41673,90449,51684,81590,33091,33230,74649,97437,52025,95878,4329,4592,10272,16782,11232,25678,13701,38169,17325,31321,10958,10959,19171,28504,17973,42181,582418,292103,42912,11075,252473,29,11,58,34
2021-03-15T23:59:59+01:00,24,24,17285,20004,34693,49410,36365,63823,40770,88969,50424,79992,31374,31393,71369,93349,51328,94746,4307,4558,10206,16659,11166,25477,13587,37882,17176,31049,10791,10801,18441,27541,16716,40322,571308,286295,39589,10427,244617,28,0,56,34
2021-03-14T23:59:59+01:00,24,23,17017,19577,33840,48201,35466,62505,39715,87143,49170,78269,30212,30162,69376,90789,50883,94070,4282,4539,10161,16582,11109,25335,13527,37660,17086,30885,10720,10716,18259,27260,16454,39762,564204,285098,37713,9293,234697,17,0,52,34
2021-03-13T23:59:59+01:00,24,23,16208,18522,32348,46176,33894,60379,37680,84087,47045,75728,28865,28813,67362,88168,50614,93679,4282,4539,10159,16576,11106,25328,13518,37654,17080,30876,10683,10683,17511,26375,15409,38310,547859,280849,37428,9292,224487,17,0,52,34
2021-03-12T23:59:59+01:00,23,23,15106,17146,29907,43528,31229,57239,34818,79233,43837,71269,26033,25624,63059,82868,49635,92277,4270,4506,10140,16514,11088,25277,13472,37537,16989,30745,10406,10456,16630,25132,14340,36790,519861,275063,36117,9281,207029,14,0,50,33
2021-03-11T23:59:59+01:00,22,23,14066,15686,27662,40838,28911,54053,32231,74845,40085,66378,22635,22149,57053,75558,47705,89438,4229,4467,10059,16396,10978,25052,13355,37227,16824,30441,10104,10244,15995,24293,13672,35518,487843,271068,34527,7842,187106,11,0,48,32
2021-03-10T23:59:59+01:00,22,22,13470,14989,26255,39222,27264,52231,30670,72529,37570,63254,19888,19600,51139,68421,46154,87100,4195,4423,9960,16229,10860,24803,13207,36808,16623,30069,9868,10061,15251,23520,13013,34493,461445,266341,32481,7098,176010,9,0,47,32
2021-03-09T23:59:59+01:00,21,21,13187,14524,25135,38184,25850,51047,29607,70876,36190,61422,18710,18478,47631,63982,45029,85312,4171,4397,9876,16063,10757,24544,13054,36492,16448,29833,9745,9959,14590,22683,12518,33719,447851,262640,29957,6266,167521,9,0,47,30
2021-03-08T23:59:59+01:00,20,21,12856,13923,24052,37077,24583,49909,28671,69392,34960,59804,17632,17600,43516,58997,43801,83329,4156,4362,9815,15865,10655,24286,12921,36136,16321,29568,9662,9876,14097,22077,12204,33280,432405,259467,27952,5875,159907,4,0,46,30
2021-03-07T23:59:59+01:00,20,21,12623,13631,23458,36227,23887,49034,28072,68521,34351,59046,17371,17350,42450,57549,43434,82766,4144,4349,9795,15823,10628,24213,12889,35966,16264,29454,9640,9847,13898,21824,12068,33078,427650,258410,26138,5535,156141,0,0,45,29
2021-03-06T23:59:59+01:00,20,20,12510,13340,23056,35494,23358,48247,27026,66995,33253,57284,16985,17021,41805,56660,43133,82299,4141,4335,9784,15797,10610,24179,12879,35924,16246,29423,9623,9806,13851,21786,11965,32868,423592,258032,26074,5251,148956,0,0,45,28
2021-03-05T23:59:59+01:00,20,20,12098,12739,22375,34290,22676,47017,26270,65366,32021,54865,16340,16190,38345,52357,40977,78857,4114,4288,9714,15697,10560,24031,12811,35729,16160,29217,9527,9737,13665,21572,11595,32257,408412,256337,24623,4403,139897,0,0,45,27
2021-03-04T23:59:59+01:00,18,20,11339,11734,21187,32563,21458,44973,24915,62716,30326,52508,15610,15473,34342,47191,37897,74169,4064,4199,9601,15408,10458,23674,12678,35200,16015,28819,9352,9584,13508,21362,11511,32112,389973,253300,22550,4311,126023,0,0,45,25
2021-03-03T23:59:59+01:00,16,20,11033,11246,20498,31348,20686,43614,24010,60966,29284,50868,15135,14971,31732,43869,34812,69402,4024,4136,9522,15239,10379,23423,12572,34779,15839,28474,9170,9458,13383,21148,11365,31842,374541,250673,21757,4148,117318,0,0,42,23
2021-03-02T23:59:59+01:00,16,20,10770,10822,19853,30382,19973,42595,23225,59580,28313,49595,14508,14324,29056,40498,30926,63184,3976,4065,9460,15074,10311,23158,12471,34348,15738,28168,9045,9356,13245,20960,11288,31697,356359,248279,20247,4147,111134,0,0,41,23
2021-03-01T23:59:59+01:00,14,19,10599,10563,19341,29579,19412,41714,22636,58510,27601,48473,14093,13869,26986,37909,26671,56300,3961,4016,9406,14919,10248,22859,12391,33971,15631,27845,8963,9296,13062,20692,11173,31514,339149,245865,19134,4147,106103,0,0,41,23
2021-02-28T23:59:59+01:00,13,19,10433,10364,18874,28933,18880,40977,22159,57658,27116,47683,13886,13628,26378,37249,26266,55698,3945,4002,9382,14887,10229,22808,12374,33901,15604,27799,8937,9272,12931,20514,11110,31364,336704,245013,18274,4111,101331,0,0,41,23
2021-02-27T23:59:59+01:00,13,18,10254,9849,18545,28066,18622,40192,21874,56676,26788,46891,13610,13327,25711,36445,25344,54280,3933,3991,9361,14867,10197,22760,12335,33819,15560,27726,8915,9256,12922,20498,11105,31357,332799,244662,17552,4005,96247,0,0,41,23
2021-02-26T23:59:59+01:00,12,17,9458,9064,17643,26627,17841,37986,20946,53826,25329,44067,13144,12925,24123,34458,23820,51974,3852,3923,9283,14706,10123,22504,12254,33454,15443,27432,8835,9175,12855,20430,11064,31287,323689,242755,17299,3931,82360,0,0,41,21
2021-02-25T23:59:59+01:00,12,17,8299,8214,16321,25023,16573,35724,19708,50939,23620,41287,12671,12524,22844,32866,22325,49692,3730,3780,9121,14394,9903,21900,12000,32602,15117,26779,8639,9023,12595,20105,10923,31019,316072,238620,16528,3077,66145,0,0,40,20
2021-02-24T23:59:59+01:00,11,16,7934,7691,15666,23987,15944,34487,18993,49426,22829,40088,12275,12188,21538,31367,20645,47065,3658,3713,8981,14103,9727,21447,11799,31976,14854,26244,8498,8886,12453,19932,10858,30808,307827,235849,15563,2152,58844,0,0,40,20
2021-02-23T23:59:59+01:00,11,16,7450,7214,14853,22812,15260,33269,18273,48016,22111,39020,11968,11864,20201,29793,19031,44509,3618,3638,8861,13901,9591,21051,11612,31400,14555,25743,8329,8744,12326,19722,10788,30577,299716,233029,14763,1490,51272,0,0,40,20
2021-02-22T23:59:59+01:00,10,14,7343,7009,14469,22194,14910,32542,17811,47010,21617,38287,11771,11615,19454,28786,17717,42556,3588,3536,8724,13609,9427,20549,11358,30661,14182,25147,8082,8551,12127,19470,10684,30274,293862,229725,14153,306,47180,0,0,39,20
2021-02-21T23:59:59+01:00,10,14,7253,6884,14148,21752,14491,31959,17396,46359,21180,37793,11665,11514,19291,28573,17470,42223,3550,3496,8642,13486,9352,20333,11287,30369,14061,24878,8020,8489,12071,19363,10613,30111,292721,227890,13781,292,43549,0,0,39,20
2021-02-20T23:59:59+01:00,10,14,7136,6834,14023,21672,14375,31824,17277,46209,21022,37612,11566,11431,18509,27656,16414,40753,3548,3490,8632,13478,9342,20312,11273,30344,14048,24867,8015,8480,12006,19299,10559,30043,288468,227507,13584,291,42358,0,0,39,19
2021-02-19T23:59:59+01:00,8,13,6836,6582,13669,21233,14004,31155,16803,45413,20316,36743,10964,11030,17465,26324,15257,39145,3468,3467,8556,13451,9300,20255,11235,30253,13989,24773,7972,8420,11783,19026,10366,29712,282088,225799,13209,290,37735,0,0,36,18
2021-02-18T23:59:59+01:00,8,13,6439,6107,13042,20089,13364,29780,15987,43542,19444,35164,10734,10811,16873,25570,14680,38262,3283,3330,8222,12911,9008,19506,10885,29216,13624,23946,7767,8111,11197,18074,9869,28562,278513,217284,12627,290,28839,0,0,36,18
2021-02-17T23:59:59+01:00,8,12,6274,5764,12596,19207,12875,28589,15287,41820,18797,33838,10507,10560,16117,24756,13903,37072,3034,3170,7882,12397,8707,18717,10515,28172,13233,23096,7534,7876,10640,17223,9431,27744,273845,209142,11896,288,22307,0,0,36,18
2021-02-16T23:59:59+01:00,8,12,5948,5463,12059,18373,12371,27514,14742,40441,18204,32804,10354,10455,15449,23925,13395,36283,2851,3050,7580,11948,8401,17993,10118,27083,12768,22200,7263,7583,9923,16052,8705,26194,270312,199637,11400,133,16154,0,0,34,18
2021-02-15T23:59:59+01:00,8,12,5843,5283,11765,17730,12105,26730,14394,39448,17856,32034,10229,10345,14889,23271,13034,35744,2762,2970,7389,11625,8182,17488,9818,26241,12418,21517,6982,7298,9223,14997,8190,24913,267212,191985,10797,87,12777,0,0,34,17
2021-02-14T23:59:59+01:00,8,12,5575,5168,11517,17458,11882,26294,14160,39002,17665,31757,10184,10294,14656,22932,12869,35351,2712,2932,7275,11461,8053,17282,9642,25909,12240,21216,6887,7175,9002,14613,8002,24378,266213,188751,9861,86,10777,0,0,32,17
2021-02-13T23:59:59+01:00,8,12,5515,5130,11467,17422,11852,26263,14132,38970,17645,31738,10171,10267,14629,22901,12857,35334,2708,2929,7270,11454,8041,17262,9627,25875,12213,21173,6857,7141,8848,14401,7650,23752,265972,187251,9860,8,10549,0,0,31,16
2021-02-12T23:59:59+01:00,8,11,4999,4812,10896,17060,11534,25712,13813,38326,17317,31096,10060,10160,14445,22687,12777,35225,2658,2896,7176,11298,7940,17031,9477,25483,11996,20728,6676,6909,8487,13840,7058,22412,264276,182116,9849,7,6879,0,0,31,16
2021-02-11T23:59:59+01:00,8,10,4537,4511,10310,16379,11122,24905,13333,37063,16827,30236,9745,9899,14163,22239,12497,34541,2490,2622,6576,10109,7253,15296,8618,22873,10949,18651,6025,6196,7443,12225,6243,20092,261046,163712,8208,4,3137,0,0,29,15
2021-02-10T23:59:59+01:00,8,10,4290,4344,9974,15927,10813,24364,13021,36180,16411,29486,9531,9761,13982,22034,12405,34335,2129,2331,5639,8650,6451,13254,7627,19964,9823,16616,5480,5610,6459,10565,5468,18033,258398,144156,7709,3,835,0,0,28,2
2021-02-09T23:59:59+01:00,8,9,4227,4245,9851,15660,10704,23962,12851,35558,16199,29013,9353,9624,13787,21824,12263,34113,1733,1979,4862,7383,5680,11460,6707,17458,8736,14623,4903,4981,5410,9012,4738,15932,255955,125651,6931,1,431,0,0,27,2
2021-02-08T23:59:59+01:00,8,9,4193,4190,9758,15449,10596,23604,12733,35097,16058,28655,9261,9557,13585,21541,12154,33920,1569,1784,4305,6391,5020,9887,5887,14934,7717,12772,4344,4448,4426,7427,3975,13857,253589,108792,6417,1,425,0,0,27,2
2021-02-07T23:59:59+01:00,8,9,4028,4123,9602,15311,10493,23438,12654,34834,15946,28463,9220,9512,13440,21358,12081,33777,1354,1537,3885,5719,4607,9009,5463,13775,7232,11814,4088,4188,4196,7034,3815,13262,252487,101025,5871,1,0,0,0,27,1
2021-02-06T23:59:59+01:00,8,9,4019,4114,9592,15295,10480,23402,12632,34784,15929,28406,9200,9498,13422,21323,11976,33580,1202,1341,3652,5412,4421,8584,5243,13187,6952,11256,3951,4051,4070,6885,3537,12804,252144,96593,5586,1,0,0,0,27,0
2021-02-05T23:59:59+01:00,8,8,3946,4047,9520,15152,10413,23151,12547,34414,15814,28125,9116,9424,13349,21248,11627,32983,1061,1113,3372,4967,4161,8004,4925,12409,6566,10528,3690,3805,3909,6658,3035,11919,250258,90164,4694,0,0,0,0,26,0
2021-02-04T23:59:59+01:00,8,8,3889,3924,9400,14838,10236,22603,12359,33618,15597,27563,8992,9315,13125,20955,11514,32782,797,780,2547,3718,3225,6262,3973,9866,5242,8316,3009,3093,3284,5671,2643,10421,246317,72878,4470,0,0,0,0,25,0
2021-02-03T23:59:59+01:00,8,8,3820,3853,9296,14616,10132,22268,12226,33109,15447,27143,8883,9200,12984,20778,11438,32617,661,612,1923,2803,2491,4835,3003,7580,4010,6269,2200,2229,2399,4206,1916,7814,243585,54977,4302,0,0,0,0,25,0
2021-02-02T23:59:59+01:00,8,8,3754,3758,9196,14423,10035,21888,12082,32545,15245,26689,8759,9086,12861,20568,11355,32351,525,485,1454,2069,1904,3636,2259,5768,2991,4688,1557,1531,1636,2771,1333,5201,240370,39826,4300,0,0,0,0,25,0
2021-02-01T23:59:59+01:00,7,8,3714,3668,9116,14192,9929,21500,11945,31908,15062,26186,8641,8938,12752,20425,11304,32176,391,352,1013,1429,1254,2420,1471,3779,1856,2969,984,973,970,1691,765,3013,237231,25339,4300,0,0,0,0,24,0
2021-01-31T23:59:59+01:00,7,8,3696,3633,9063,14084,9860,21296,11879,31611,14958,25988,8585,8879,12701,20314,11259,32047,361,331,893,1239,1065,2047,1269,3227,1623,2603,886,882,866,1507,694,2707,235743,22207,4185,0,0,0,0,23,0
2021-01-30T23:59:59+01:00,7,8,3696,3630,9053,14071,9846,21274,11866,31591,14946,25974,8581,8874,12642,20251,11208,31982,344,307,833,1155,1008,1924,1205,3037,1548,2466,858,856,847,1467,679,2654,235424,21194,4136,0,0,0,0,23,0
2021-01-29T23:59:59+01:00,7,8,3636,3615,8992,14042,9817,21223,11834,31516,14899,25906,8557,8851,12455,20026,11028,31739,277,224,713,983,864,1564,1050,2647,1337,2141,769,766,798,1412,661,2601,234206,18811,4008,0,0,0,0,20,0
2021-01-28T23:59:59+01:00,7,8,3517,3529,8788,13655,9597,20711,11603,30937,14572,25407,8420,8750,12020,19405,10672,31158,131,57,294,360,376,608,460,1149,607,960,407,423,467,812,378,1571,229419,9062,3400,0,0,0,0,20,0
2021-01-27T23:59:59+01:00,7,8,3286,3394,8495,13240,9296,20089,11221,30101,14185,24670,8204,8539,11470,18600,10247,30395,79,33,203,222,242,413,306,802,428,662,309,309,347,605,284,1149,222713,6394,2792,0,0,0,0,20,0
2021-01-26T23:59:59+01:00,6,8,3120,3297,8213,12903,9033,19519,10916,29344,13788,24040,7968,8318,10892,17686,9600,29243,74,29,188,212,226,379,290,751,397,601,294,284,320,542,258,1019,216001,5865,1950,0,0,0,0,20,0
2021-01-25T23:59:59+01:00,6,8,3033,3202,7932,12421,8742,18813,10530,28342,13308,23278,7685,8118,10274,16870,9144,28342,66,21,168,191,194,323,251,631,345,497,257,240,266,465,210,831,209700,4957,405,0,0,0,0,18,0
2021-01-24T23:59:59+01:00,6,8,2989,3181,7847,12343,8668,18688,10421,28182,13180,23096,7643,8083,10209,16758,9096,28246,65,20,164,187,192,310,248,610,337,483,248,236,264,458,206,816,208397,4845,303,0,0,0,0,18,0
2021-01-23T23:59:59+01:00,6,8,2988,3180,7846,12340,8664,18678,10420,28169,13174,23091,7636,8080,10085,16593,8768,27659,64,20,164,187,191,309,246,610,335,483,248,236,264,458,206,815,207141,4837,301,0,0,0,0,17,0
2021-01-22T23:59:59+01:00,6,8,2926,3134,7722,12227,8581,18538,10310,27999,13094,22976,7606,8047,9887,16291,8250,26635,64,20,163,187,191,309,246,610,334,483,248,236,264,458,206,815,203994,4835,301,0,0,0,0,16,0
2021-01-21T23:59:59+01:00,6,8,2844,2964,7222,11314,8097,17392,9773,26376,12489,21760,7321,7720,9247,15330,7725,25563,58,18,148,173,174,278,221,534,297,443,222,209,233,378,176,684,192905,4247,301,0,0,0,0,16,0
2021-01-20T23:59:59+01:00,6,8,2485,2617,6341,9903,7353,15439,8820,23547,11379,19687,6720,7068,8152,13563,6911,23341,56,18,147,168,171,276,213,520,286,421,210,202,227,353,162,646,173090,4077,298,0,0,0,0,16,0
2021-01-19T23:59:59+01:00,6,8,2043,2261,5442,8518,6489,13546,7798,20757,10107,17447,5963,6183,6762,11370,5889,20285,40,11,98,124,115,171,150,356,187,293,133,115,139,235,113,479,150698,2759,217,0,0,0,0,16,0
2021-01-18T23:59:59+01:00,5,8,1770,1972,4687,7135,5534,11307,6600,17163,8678,14732,5080,5301,5376,9116,4815,16798,21,6,38,46,52,79,66,162,74,147,59,54,66,131,62,220,126021,1283,93,0,0,0,0,16,0
2021-01-17T23:59:59+01:00,4,8,1493,1682,4174,6341,5026,10175,6064,15588,8038,13467,4740,4952,5003,8443,4486,15791,8,2,8,15,15,28,20,51,27,56,23,23,20,31,13,47,115417,387,89,0,0,0,0,15,0
2021-01-16T23:59:59+01:00,4,7,1326,1479,3957,6020,4846,9735,5805,14922,7708,12774,4551,4724,4791,8167,4131,15187,0,0,0,1,1,2,1,1,1,2,0,1,1,0,0,1,110157,12,6,0,0,0,0,14,0
2021-01-15T23:59:59+01:00,4,7,1175,1253,3703,5599,4592,9170,5513,14083,7300,11975,4259,4430,4605,7860,3596,14141,0,0,0,0,0,0,0,0,0,0,0,0,0,0,0,0,103287,0,4,0,0,0,0,14,0
2021-01-14T23:59:59+01:00,3,4,901,940,2957,4411,3728,7354,4569,11339,5903,9629,3458,3561,3867,6635,3112,12329,0,0,0,0,0,0,0,0,0,0,0,0,0,0,0,0,84717,0,0,0,0,0,0,14,0
2021-01-13T23:59:59+01:00,3,3,765,786,2484,3679,3143,6130,3796,9401,4810,7755,2585,2648,2920,5052,2380,9425,0,0,0,0,0,0,0,0,0,0,0,0,0,0,0,0,67778,0,0,0,0,0,0,13,0
2021-01-12T23:59:59+01:00,2,3,634,656,2082,3019,2588,4982,3040,7578,3793,6094,1855,1828,1994,3417,1682,6429,0,0,0,0,0,0,0,0,0,0,0,0,0,0,0,0,51698,0,0,0,0,0,0,0,0
2021-01-11T23:59:59+01:00,1,1,493,522,1738,2444,2079,3980,2355,5760,2817,4422,1193,1131,1196,2004,922,3648,0,0,0,0,0,0,0,0,0,0,0,0,0,0,0,0,36724,0,0,0,0,0,0,0,0
2021-01-10T23:59:59+01:00,1,1,437,453,1479,2020,1738,3257,1945,4775,2341,3704,1052,1007,1051,1757,821,3195,0,0,0,0,0,0,0,0,0,0,0,0,0,0,0,0,31045,0,0,0,0,0,0,0,0
2021-01-09T23:59:59+01:00,1,1,405,409,1355,1843,1593,2967,1791,4326,2156,3373,977,936,992,1703,803,3152,0,0,0,0,0,0,0,0,0,0,0,0,0,0,0,0,28792,0,0,0,0,0,0,0,0
2021-01-08T23:59:59+01:00,1,1,308,281,1107,1501,1315,2298,1473,3547,1786,2756,844,830,904,1580,757,2999,0,0,0,0,0,0,0,0,0,0,0,0,0,0,0,0,24295,0,0,0,0,0,0,0,0
2021-01-07T23:59:59+01:00,1,0,145,76,398,507,479,788,594,1368,778,1203,467,481,560,961,464,1906,0,0,0,0,0,0,0,0,0,0,0,0,0,0,0,0,11177,0,0,0,0,0,0,0,0
2021-01-06T23:59:59+01:00,1,0,110,44,268,285,307,512,398,928,528,823,359,361,423,747,358,1439,0,0,0,0,0,0,0,0,0,0,0,0,0,0,0,0,7892,0,0,0,0,0,0,0,0
2021-01-05T23:59:59+01:00,1,0,86,31,189,230,240,426,320,819,445,704,343,345,406,714,351,1385,0,0,0,0,0,0,0,0,0,0,0,0,0,0,0,0,7036,0,0,0,0,0,0,0,0
2021-01-04T23:59:59+01:00,1,0,68,25,172,193,199,333,256,636,351,512,268,253,286,516,234,927,0,0,0,0,0,0,0,0,0,0,0,0,0,0,0,0,5230,0,0,0,0,0,0,0,0
2021-01-03T23:59:59+01:00,1,0,66,21,166,188,194,319,254,621,343,495,260,251,282,503,232,910,0,0,0,0,0,0,0,0,0,0,0,0,0,0,0,0,5106,0,0,0,0,0,0,0,0
2021-01-02T23:59:59+01:00,1,0,66,21,166,188,194,319,251,621,340,495,260,251,282,503,232,909,0,0,0,0,0,0,0,0,0,0,0,0,0,0,0,0,5099,0,0,0,0,0,0,0,0
2021-01-01T23:59:59+01:00,1,0,65,21,165,188,194,318,251,621,338,493,260,251,282,502,232,909,0,0,0,0,0,0,0,0,0,0,0,0,0,0,0,0,5091,0,0,0,0,0,0,0,0
2020-12-31T23:59:59+01:00,1,0,65,21,165,186,194,317,250,620,337,492,260,251,282,502,232,909,0,0,0,0,0,0,0,0,0,0,0,0,0,0,0,0,5084,0,0,0,0,0,0,0,0
2020-12-30T23:59:59+01:00,1,0,64,21,165,185,192,314,250,618,337,490,260,251,282,502,231,909,0,0,0,0,0,0,0,0,0,0,0,0,0,0,0,0,5072,0,0,0,0,0,0,0,0
2020-12-29T23:59:59+01:00,1,0,45,12,117,140,143,212,182,443,237,376,179,164,194,373,170,709,0,0,0,0,0,0,0,0,0,0,0,0,0,0,0,0,3697,0,0,0,0,0,0,0,0
2020-12-28T23:59:59+01:00,1,0,24,8,64,77,80,122,101,252,118,232,98,93,103,200,103,388,0,0,0,0,0,0,0,0,0,0,0,0,0,0,0,0,2064,0,0,0,0,0,0,0,0
2020-12-27T23:59:59+01:00,0,0,11,3,17,26,36,47,36,89,37,94,32,29,40,73,32,145,0,0,0,0,0,0,0,0,0,0,0,0,0,0,0,0,747,0,0,0,0,0,0,0,0
