Datum,<15_m,<15_w,15-24_1_m,15-24_1_w,25-34_1_m,25-34_1_w,35-44_1_m,35-44_1_w,45-54_1_m,45-54_1_w,55-64_1_m,55-64_1_w,65-74_1_m,65-74_1_w,75-84_1_m,75-84_1_w,>84_1_m,>84_1_w,<24_2_m,<24_2_w,25-34_2_m,25-34_2_w,35-44_2_m,35-44_2_w,45-54_2_m,45-54_2_w,55-64_2_m,55-64_2_w,65-74_2_m,65-74_2_w,75-84_2_m,75-84_2_w,>84_2_m,>84_2_w,bp_1,bp_2,mo_1,mo_2,az_1,az_2,ja,unb_1,unb_2
2021-08-13T23:59:59+02:00,27844,25918,251238,242089,360731,332083,379988,373123,445580,455722,501054,503990,344915,385371,242752,310804,71484,130860,205974,199128,324336,295976,349832,340796,417319,425067,475491,478663,331898,370565,234387,299395,68484,124659,3844189,3527186,513875,474598,806360,753348,221511,491,360
2021-08-12T23:59:59+02:00,27659,25717,250564,241506,360164,331535,379491,372674,445081,455315,500668,503661,344747,385187,242661,310713,71473,130820,203523,196997,321677,293638,347931,339088,415883,423891,474322,477648,331474,370058,234156,299140,68446,124588,3840582,3510834,513690,473464,806329,752401,219424,491,360
2021-08-11T23:59:59+02:00,27427,25470,249857,240840,359566,330981,378998,372212,444646,454916,500282,503244,344528,384956,242551,310581,71448,130770,200537,194068,318568,290777,345825,337056,414433,422527,473078,476383,330944,369436,233912,298747,68400,124469,3835887,3489422,513482,472445,806294,751492,217999,491,360
2021-08-10T23:59:59+02:00,27191,25216,249051,240127,358891,330459,378489,371690,444175,454460,499853,502866,344349,384770,242467,310449,71425,130728,196781,190382,314103,286731,342912,334345,412363,420628,471522,474956,330291,368782,233631,298349,68346,124355,3830968,3460775,513208,471385,806261,750359,216609,490,360
2021-08-09T23:59:59+02:00,27012,25030,248472,239601,358387,330035,378093,371345,443808,454152,499540,502606,344209,384637,242404,310344,71406,130695,192774,186354,308729,282230,340234,331935,410513,418907,469945,473528,329679,368112,233370,297988,68291,124226,3827657,3432429,513042,468675,806234,749287,215233,490,360
2021-08-08T23:59:59+02:00,26858,24887,248023,239227,358037,329720,377774,371076,443530,453912,499321,502432,344107,384539,242345,310268,71389,130662,191620,185171,307183,280962,338967,330821,409681,418175,469397,473031,329429,367853,233250,297829,68267,124177,3825349,3424045,512893,467329,806184,748818,214071,490,360
2021-08-07T23:59:59+02:00,26711,24717,247507,238781,357655,329395,377450,370800,443243,453677,499099,502263,344039,384448,242310,310219,71381,130652,187978,181609,305163,279135,337271,329315,408367,416924,468482,472250,329081,367486,233120,297643,68233,124142,3822549,3404619,512784,466003,806174,748604,213230,490,357
2021-08-06T23:59:59+02:00,26490,24484,246658,238134,356901,328801,376795,370235,442606,453164,498581,501884,343806,384245,242212,310108,71369,130631,184276,178086,301758,276368,335163,327503,406792,415608,467203,471295,328704,367104,232959,297492,68209,124098,3820033,3385518,511473,464290,806164,747520,209824,490,357
2021-08-05T23:59:59+02:00,26177,24174,245527,237237,356043,327967,376017,369542,441905,452507,497939,501366,343539,383952,242101,309937,71328,130569,179873,174187,296466,272036,331125,324010,404040,413148,464987,469532,328049,366416,232700,297132,68151,123988,3813969,3358013,511222,459665,806109,743857,206917,490,357
2021-08-04T23:59:59+02:00,25821,23840,244422,236285,355094,327088,375269,368856,441308,451924,497389,500867,343268,383690,241983,309771,71303,130499,176435,170918,292754,268939,326747,320142,401814,411084,463308,467999,327362,365723,232432,296788,68094,123887,3807711,3331088,510887,457917,806078,742118,204399,482,356
2021-08-03T23:59:59+02:00,25363,23427,243073,235117,354217,326274,374577,368181,440668,451272,496809,500343,342986,383394,241859,309598,71260,130434,172983,167508,288694,265329,321694,315582,399105,408558,461000,465922,326544,364872,232086,296326,68028,123752,3799918,3299355,510726,456053,806042,740053,202564,482,356
2021-08-02T23:59:59+02:00,25047,23119,242031,234173,353386,325545,373895,367596,440121,450738,496297,499899,342727,383126,241746,309448,71234,130375,169365,163930,284042,261398,315870,310672,396379,406028,458780,463945,325774,364043,231793,295932,67967,123637,3793689,3266129,510484,454102,805988,737536,200739,482,355
2021-08-01T23:59:59+02:00,24897,22933,241410,233575,352812,325050,373471,367220,439698,450418,495954,499624,342597,382966,241673,309331,71221,130348,167836,162498,281587,259421,311262,306974,394534,404462,457312,462712,325355,363563,231630,295719,67940,123578,3790092,3248372,510175,451979,805900,735095,199426,482,355
2021-07-31T23:59:59+02:00,24788,22829,241071,233260,352539,324831,373235,367051,439513,450268,495848,499525,342564,382929,241653,309318,71220,130343,164087,158675,278786,256892,309189,304990,393142,403180,456168,461731,325037,363188,231495,295547,67914,123532,3788506,3225580,509988,451046,805895,734308,198791,482,355
2021-07-30T23:59:59+02:00,24502,22573,240283,232554,351975,324309,372755,366596,439060,449871,495492,499234,342425,382790,241609,309240,71207,130327,160361,154926,275402,253808,306188,302190,390928,401094,454336,460161,324538,362662,231287,295257,67881,123476,3784481,3200633,509632,449853,805878,731176,197206,482,355
2021-07-29T23:59:59+02:00,24164,22238,238761,231308,350832,323251,371803,365703,438227,449093,494699,498620,342096,382484,241475,309064,71172,130265,155535,150485,270058,249660,300324,297452,386612,397639,451308,457777,323709,361826,230980,294851,67821,123380,3777040,3166969,508972,445052,805797,726087,193839,482,355
2021-07-28T23:59:59+02:00,23871,21956,237625,230286,349960,322427,371079,365035,437606,448434,494144,498144,341846,382191,241345,308879,71138,130195,151794,146858,265595,246033,295923,293522,383362,394809,449233,455940,323055,361073,230721,294469,67757,123259,3770445,3136449,508450,443146,805720,723469,191940,481,355
2021-07-27T23:59:59+02:00,23603,21732,236638,229335,349142,321701,370398,364464,437043,447832,493634,497699,341613,381898,241214,308690,71103,130097,146798,141773,259730,240938,290665,288802,379390,391145,446084,453161,322084,359982,230360,293971,67669,123103,3764270,3095172,507908,440858,805665,719755,190387,481,354
2021-07-26T23:59:59+02:00,23371,21498,235679,228383,348377,321015,369809,363923,436500,447353,493186,497342,341387,381661,241088,308536,71080,130040,142475,137403,254209,236177,285511,284341,374945,387212,442576,450146,321138,359022,230033,293496,67597,122967,3758717,3055922,507286,438612,805589,715426,189028,481,354
2021-07-25T23:59:59+02:00,23017,21198,234354,227245,347451,320269,369146,363278,435932,446824,492733,496944,341195,381449,241001,308406,71059,129976,140635,135673,251557,233985,283038,282263,372816,385447,440510,448374,320633,358511,229835,293268,67572,122891,3751779,3041087,506911,436445,805526,711083,187653,481,354
2021-07-24T23:59:59+02:00,22773,21009,233437,226400,346736,319629,368581,362766,435410,446393,492378,496670,341079,381352,240959,308344,71056,129967,137746,132884,248834,231677,280482,280065,370568,383598,439277,447392,320287,358175,229691,293090,67553,122857,3747853,3022811,506147,433450,805510,710747,185820,481,354
2021-07-23T23:59:59+02:00,22356,20623,231945,225082,345432,318716,367548,361915,434538,445612,491685,496146,340844,381083,240871,308231,71035,129931,132289,128057,243488,227410,276033,276297,366890,380425,436645,445201,319589,357455,229438,292782,67499,122776,3740489,2987459,505685,431690,805454,708615,182355,481,353
2021-07-22T23:59:59+02:00,21857,20148,229855,223128,343703,317202,366055,360643,433235,444486,490714,495259,340426,380641,240701,307989,70990,129851,127967,124025,237516,222924,269673,271258,360019,374954,431202,440717,318422,356206,229012,292265,67405,122625,3728214,2945586,504106,425729,805318,702327,179631,481,353
2021-07-21T23:59:59+02:00,21352,19628,227986,221325,342028,315691,364450,359087,431677,443113,489499,494101,339877,380124,240456,307708,70937,129756,124226,120477,232076,218702,264171,266755,351911,368054,426616,436989,317306,355059,228554,291701,67324,122447,3717339,2910234,500376,414895,805097,697560,176368,481,350
2021-07-20T23:59:59+02:00,21049,19351,226531,219867,340818,314536,363496,358221,430832,442338,488788,493468,339541,379763,240315,307488,70910,129666,119909,116269,225753,213548,258367,261601,344813,361962,421933,432694,316220,353807,228145,291119,67229,122266,3708164,2866630,499975,407706,804976,693188,174247,481,349
2021-07-19T23:59:59+02:00,20735,19058,224813,218190,339520,313300,362473,357256,430030,441568,488119,492857,339245,379405,240167,307258,70866,129568,117171,113688,221400,209974,253776,257655,341110,358804,419326,430523,315505,353086,227856,290731,67157,122144,3697682,2841737,499564,402342,804888,688887,172677,481,349
2021-07-18T23:59:59+02:00,20583,18931,223533,216940,337937,311899,361425,356352,429235,440861,487590,492317,339017,379122,240038,307080,70845,129507,115686,112308,218772,207815,251431,255570,338875,356962,417308,428843,315028,352604,227695,290513,67136,122077,3688385,2829525,499030,398075,804814,685212,171364,481,348
2021-07-17T23:59:59+02:00,20191,18510,222390,215891,337366,311363,360842,355845,428726,440417,487181,492030,338913,379007,239996,307027,70842,129497,113625,110220,216318,205516,248983,253384,336463,354838,415867,427584,314695,352213,227560,290346,67112,122037,3682884,2812099,498831,395363,804803,684428,169903,475,347
2021-07-16T23:59:59+02:00,19652,17999,219849,213760,335639,310075,359345,354556,427264,439216,486087,491168,338510,378641,239823,306868,70817,129460,110522,107427,211573,201597,244457,249761,332181,351157,412532,424873,313776,351290,227212,289933,67058,121955,3672739,2784531,498080,393027,804646,680618,163650,475,345
2021-07-15T23:59:59+02:00,19014,17376,217078,211351,333744,308383,357770,353126,425935,438046,485154,490323,338115,378219,239625,306613,70775,129357,106634,104230,203235,195374,236993,244173,325611,345945,405491,418454,312047,349490,226673,289270,66987,121758,3657815,2738159,497482,384646,804532,673212,160558,475,345
2021-07-14T23:59:59+02:00,18171,16651,214649,209039,332063,306861,356381,351794,424726,436855,484133,489376,337664,377758,239389,306303,70721,129271,103045,100911,196801,190238,231301,239528,321337,342486,401328,414841,310745,348182,226273,288713,66908,121604,3642983,2704724,496923,379130,804407,666429,157873,475,344
2021-07-13T23:59:59+02:00,17524,15996,212480,207025,330474,305504,355057,350583,423573,435785,483189,488530,337231,377293,239186,306062,70686,129181,99300,97388,190340,184863,224198,233485,314681,336443,392956,407013,308958,346259,225673,287927,66800,121407,3629309,2662119,496368,366486,804264,656982,155799,474,338
2021-07-12T23:59:59+02:00,16510,15065,209213,203851,328421,303782,353489,349121,422338,434593,482216,487634,336818,376830,239007,305836,70646,129104,96216,94677,185077,180580,217235,227832,307868,330418,387875,402746,307239,344401,225086,287195,66701,121238,3610926,2623943,495818,359378,804092,648590,154018,473,336
2021-07-11T23:59:59+02:00,15999,14595,207871,202585,327688,303077,352833,348507,421783,434099,481775,487295,336632,376629,238947,305730,70625,129064,94800,93393,182319,178282,214250,225557,305191,328269,385052,400370,304776,341785,224709,286726,66649,121140,3604769,2609036,495182,357394,803968,638126,152201,466,332
2021-07-10T23:59:59+02:00,15526,14137,206033,200817,326231,301821,351707,347541,421063,433506,481302,486898,336466,376464,238881,305644,70615,129044,93508,92131,179806,176185,211230,223079,302683,326119,383894,399338,304131,341118,224529,286540,66633,121114,3596220,2592323,494558,357170,803733,636378,149568,466,332
2021-07-09T23:59:59+02:00,15203,13861,204129,198985,324631,300378,350644,346587,420163,432798,480737,486423,336263,376243,238785,305524,70599,129010,90734,89413,176283,172966,206892,218935,297669,321525,380462,396367,303040,339896,224226,286174,66596,121050,3587123,2563401,493701,355118,803543,628801,146975,466,331
2021-07-08T23:59:59+02:00,14743,13436,200659,196018,321333,297717,348284,344609,418459,431353,479306,485359,335829,375804,238607,305279,70556,128934,86447,85657,169061,167329,198780,212550,290319,315436,373544,390178,300345,336989,223455,285244,66479,120792,3571891,2517343,489646,346493,803025,618490,142099,466,331
2021-07-07T23:59:59+02:00,14243,12980,196937,192173,318188,294871,345986,342579,416907,429890,478115,484266,335353,375247,238418,305009,70519,128831,82772,82227,161787,161644,189770,205395,282358,308888,366544,383385,297049,333393,222555,284147,66341,120546,3550714,2469516,488292,333095,802643,608537,139236,465,329
2021-07-06T23:59:59+02:00,13786,12609,193518,188804,314947,292149,343522,340300,415197,428336,476856,483137,334854,374695,238223,304720,70467,128745,79223,78671,155140,156148,182383,199201,273446,300954,360079,377319,293862,330155,221675,283060,66233,120315,3530961,2417224,485245,326127,802227,599048,136805,464,329
2021-07-05T23:59:59+02:00,13389,12274,189147,184580,310927,288831,341025,337989,413534,426800,475719,482072,334381,374177,238050,304476,70434,128660,76176,75865,150040,152077,177633,195085,266555,294705,353985,371796,290596,326717,220795,281946,66125,120146,3508260,2378289,484096,321661,801739,588716,132744,458,329
2021-07-04T23:59:59+02:00,13212,12117,185322,180723,308313,286820,339721,336922,412660,426023,475139,481589,334161,373925,237960,304352,70408,128607,73997,73997,146959,149534,175313,193053,264126,292651,350882,369593,287296,323330,220217,281284,66070,120027,3496106,2364578,482809,319376,801171,577221,128261,458,327
2021-07-03T23:59:59+02:00,12021,11064,178905,174738,304068,283378,337400,334761,410854,424218,473937,480529,333761,373479,237786,304106,70384,128564,72223,72427,144541,147662,172878,190979,261073,289938,348608,367742,285549,321351,219950,280923,66038,119978,3469838,2348902,481405,319181,800986,572741,122091,458,327
2021-07-02T23:59:59+02:00,10924,9974,175198,171283,301665,281185,335657,333065,409607,423032,473165,479846,333502,373165,237670,303924,70356,128516,69541,69761,140644,144397,168465,186962,255037,284522,343401,363045,282304,317632,219311,280154,65990,119894,3451782,2315875,479931,316407,800794,560176,119590,457,304
2021-07-01T23:59:59+02:00,9830,9051,171538,167862,297641,277917,333182,330809,407813,421455,472073,478890,333088,372708,237471,303652,70309,128438,64673,65048,134369,139089,161212,180480,244811,275694,332629,353297,277537,312372,217461,277906,65811,119582,3429341,2259753,477849,304086,800447,542514,116451,457,303
2021-06-30T23:59:59+02:00,9343,8661,168277,164801,292044,273303,329520,327486,406046,419929,471059,477922,332668,372226,237281,303355,70275,128352,61551,62202,128741,134411,154579,174483,234783,266567,319265,340053,272340,306849,215575,275586,65644,119264,3404341,2204850,475697,291300,800154,523718,112714,457,301
2021-06-29T23:59:59+02:00,8808,8140,164496,161042,287530,269059,325971,324195,403954,417857,469523,476510,332084,371591,237033,303001,70221,128243,58774,59227,123816,130017,148578,168972,222958,255903,310731,331715,265892,299674,213612,273133,65442,118919,3376940,2145788,473715,286652,799830,506355,109127,456,298
2021-06-28T23:59:59+02:00,8403,7761,161184,157595,282513,264758,322684,321352,401819,415935,468038,475203,331564,370980,236800,302690,70178,128149,56510,56891,119929,126525,144244,164901,213750,247508,304962,326330,260952,294387,211852,270905,65296,118655,3353104,2110185,469743,278070,799175,489859,105933,456,295
2021-06-27T23:59:59+02:00,8256,7638,159687,156077,280415,262956,320887,319825,400132,414576,467151,474499,331272,370689,236697,302531,70159,128100,55318,55787,117809,124827,141696,162783,209656,244137,301616,323481,257163,290402,209399,267999,65185,118467,3343150,2094811,467673,274603,798131,473772,102942,456,295
2021-06-26T23:59:59+02:00,7105,6540,156426,152744,278314,261073,318481,317592,398947,413429,466453,473795,331001,370406,236591,302373,70135,128070,54776,55207,116480,123684,140281,161555,207418,242137,299091,321077,255634,288749,209066,267590,65158,118397,3324072,2078120,464862,274516,798124,471277,102809,410,253
2021-06-25T23:59:59+02:00,5886,5423,152129,148472,274936,258129,316426,315633,397646,412188,465455,472973,330713,370072,236465,302219,70107,128022,53494,53587,114015,120997,136217,157000,198675,233701,293421,315220,253913,286637,208477,266791,65087,118278,3299185,2035738,463441,272830,798070,464720,102588,410,253
2021-06-24T23:59:59+02:00,5033,4641,147704,144357,270143,254221,312161,311868,395475,410327,464090,471842,330295,369613,236297,301983,70074,127936,50856,51006,108913,116301,128912,150379,186683,223280,282031,305014,248549,280826,206651,264455,64884,117878,3268162,1973886,461449,261099,797905,451007,100931,409,252
2021-06-23T23:59:59+02:00,4814,4434,144551,141249,266463,251085,306930,307082,392985,407989,462693,470529,329768,368996,236067,301673,70026,127833,48921,48934,105126,112403,123260,144717,176819,214640,270103,293072,243952,276027,205321,262760,64723,117518,3240712,1917778,457933,251274,797751,440327,99158,409,252
2021-06-22T23:59:59+02:00,4565,4205,141483,138130,262769,247723,300818,301656,390362,405438,461156,469049,329227,368396,235848,301324,69978,127727,47236,47198,101532,109119,118485,140159,164253,203521,259230,282805,239900,271567,203404,260354,64472,117050,3208757,1859599,456011,243584,797572,429399,97895,407,244
2021-06-21T23:59:59+02:00,4308,3960,138230,135199,258084,243847,295583,296800,387338,402574,459687,467704,328709,367840,235623,301014,69938,127615,46010,45975,99156,106909,115755,137461,158057,197770,252371,276184,234562,265750,199493,255855,64288,116676,3177140,1828733,453980,238079,797362,409683,95949,406,244
2021-06-20T23:59:59+02:00,4165,3842,136728,133699,253867,240393,293023,294573,385949,401264,458898,466960,328487,367561,235512,300881,69918,127553,44896,45062,96915,105127,113495,135488,155035,195240,248082,272142,231569,262230,198506,254605,64207,116551,3159787,1808502,452222,234548,797211,401839,94425,406,240
2021-06-19T23:59:59+02:00,3749,3491,134582,131616,251125,238083,291249,292937,384111,399700,458056,466231,328268,367309,235409,300743,69897,127521,44362,44418,95651,103875,112031,134030,153538,193810,244876,269136,230855,261387,198337,254344,64185,116498,3143502,1792627,449411,232973,797203,401565,94327,406,239
2021-06-18T23:59:59+02:00,2801,2579,131311,128482,247609,235043,287245,289538,381722,397582,456717,465070,327894,366909,235254,300507,69870,127472,43585,43512,94083,102106,109752,131373,150007,189788,238048,261888,229136,259390,197854,253706,64110,116365,3117753,1763462,444987,232455,797178,394887,94053,405,239
2021-06-17T23:59:59+02:00,2567,2356,127612,125208,241608,230614,282038,285162,376947,393608,454398,463245,327308,366191,235013,300152,69804,127360,41355,41691,90041,98645,104874,126638,142163,182132,226686,250532,223948,253467,196207,251555,63851,115946,3083105,1707956,442017,228323,796924,384009,89602,310,228
2021-06-16T23:59:59+02:00,2296,2123,124388,121813,236725,226291,277349,280909,371781,389124,451816,461114,326574,365394,234726,299742,69738,127247,39536,40102,86517,95630,100537,122825,133956,174814,214621,238656,217738,246389,194294,249237,63599,115458,3049697,1648378,436494,222730,796407,375950,87006,308,227
2021-06-15T23:59:59+02:00,1910,1791,119477,116956,230750,221160,272015,275929,366723,384497,448978,458705,325708,364424,234381,299228,69656,127064,37919,38499,83204,92595,96581,118790,126921,168455,202313,226672,211730,239621,192345,246814,63288,114889,3005080,1591283,434577,216905,795840,368298,84301,308,224
2021-06-14T23:59:59+02:00,1649,1517,115432,112807,225531,216256,266656,270959,361450,379761,445865,456118,324927,363572,234069,298838,69594,126944,36940,37611,80932,90516,93887,116283,122817,164719,195735,220195,208630,236126,191212,245345,63071,114502,2963011,1561805,432230,214636,795581,360657,81566,305,223
2021-06-13T23:59:59+02:00,1575,1432,113941,111432,223090,214159,264118,268703,359199,377810,444694,455085,324652,363268,233934,298671,69562,126870,36084,36884,79087,88854,91884,114476,120000,162127,191887,216507,205556,232697,190181,243979,62839,114091,2948046,1547886,429796,207387,795273,352477,79520,305,221
2021-06-12T23:59:59+02:00,1426,1295,111294,108688,221199,212432,262740,267431,357764,376412,443798,454317,324365,362960,233842,298568,69544,126842,35716,36482,78104,87760,90637,113190,118432,160570,188333,213209,204524,231573,188781,242324,62829,114061,2931888,1534782,428819,207378,795253,345102,79396,304,220
2021-06-11T23:59:59+02:00,1279,1158,108758,106180,218313,209818,259075,264247,354634,373691,442085,452846,323930,362510,233708,298363,69517,126787,35048,35373,76107,84396,88413,109670,114338,155435,181655,205783,202435,229210,188180,241556,62767,113964,2907516,1507386,426035,206692,795074,331674,78708,304,218
2021-06-10T23:59:59+02:00,1119,1005,104011,101779,212259,205076,252031,258435,348551,368398,437597,449077,323075,361543,233387,297916,69434,126636,33469,33892,72121,80236,83510,104183,107687,147253,169350,192169,196381,222346,186457,239422,62514,113563,2863971,1460418,418954,204956,794233,304711,74593,302,214
2021-06-09T23:59:59+02:00,971,876,100102,98084,206314,200357,245228,252734,341903,362452,433922,446061,322403,360804,233119,297538,69370,126504,31941,32642,68896,77592,79824,101026,102983,142984,158247,181445,185795,210397,184597,237181,62242,113069,2825070,1406575,410436,200988,793729,293467,69954,268,211
2021-06-08T23:59:59+02:00,788,695,95579,93550,199697,194801,238276,246734,333661,355183,428823,441407,321573,359805,232750,297055,69289,126367,30870,31794,66312,75301,76552,98310,98415,139077,150674,173974,177101,200706,182795,234940,62010,112703,2773188,1367482,404677,196091,793151,282639,65453,268,198
2021-06-07T23:59:59+02:00,630,554,92370,90454,193646,190106,231723,241501,325830,349016,425785,438967,321032,359176,232536,296731,69235,126271,30005,30947,63852,73354,73604,96158,94658,136148,142624,166200,173063,196101,181373,233132,61787,112321,2734254,1340447,398521,192804,792589,271570,60630,265,197
2021-06-06T23:59:59+02:00,592,518,90797,89139,190365,187566,228379,238743,321565,345618,424356,437894,320763,358884,232428,296573,69211,126224,29404,30393,62084,71677,71531,94161,91480,133083,136956,160434,170539,193489,180264,231734,61558,111941,2718877,1328629,391146,183178,792116,261141,57901,263,196
2021-06-05T23:59:59+02:00,512,438,88855,87129,185502,183349,225921,236609,319748,343990,423358,436979,320474,358563,232280,296404,69197,126192,28952,29641,60886,69735,70140,92021,89810,130835,132215,155120,167545,189829,179779,231078,61524,111875,2695429,1305072,391029,182713,791941,255792,57524,262,196
2021-06-04T23:59:59+02:00,412,353,86504,84606,181844,179751,221915,232660,316165,340361,421000,434789,320016,358029,232084,296177,69159,126129,28489,28974,59776,68090,68870,89951,88027,128233,128861,151474,163316,185071,178790,229812,61476,111789,2666199,1286316,387212,181943,791829,245722,57131,262,196
2021-06-03T23:59:59+02:00,319,279,83222,81544,176125,175102,214673,226573,308470,333671,413254,427934,318988,356855,231715,295731,69104,125998,27600,27965,57892,65908,66488,87217,84407,124138,122126,144818,156990,177484,177224,227789,61363,111552,2617349,1257196,376978,176647,791411,233005,54221,260,192
2021-06-02T23:59:59+02:00,270,220,81150,79383,172058,171392,211037,223427,304900,330328,411214,426104,318582,356404,231562,295525,69076,125947,27141,27490,56769,64801,64906,85948,82361,122204,117164,139940,149124,168536,176510,226836,61278,111383,2588643,1225067,375596,174683,791382,229393,53353,258,188
2021-06-01T23:59:59+02:00,172,152,76891,75563,163795,164842,201688,215702,295809,322460,403016,418282,317074,354796,231023,294790,68964,125720,25589,26076,52470,61861,60081,82667,76964,117718,109758,132749,138045,155154,174413,224108,61069,110957,2530017,1175051,363970,170582,790622,217632,46508,256,184
2021-05-31T23:59:59+02:00,150,135,74151,73090,158150,160533,194384,209753,288428,316094,397286,413321,316081,353688,230638,294271,68874,125548,24678,25023,49853,59655,56926,80144,73377,114455,105276,128317,133908,150267,173050,222392,60899,110626,2489636,1152696,354601,168267,789995,207257,40713,255,182
2021-05-30T23:59:59+02:00,139,127,73103,72026,155678,158507,191764,207404,285655,313584,395402,411583,315721,353278,230477,294036,68837,125468,24078,24243,48277,57940,55196,78296,71160,111908,102629,125461,131756,147746,172260,221458,60806,110415,2473827,1142968,352086,166961,789374,195916,37870,255,178
2021-05-29T23:59:59+02:00,136,126,72495,71437,154171,157108,189466,205375,283818,312003,394564,410810,315499,353034,230397,293958,68826,125450,23755,23719,47362,56446,53860,76425,69241,109068,100320,122671,128959,144330,171608,220551,60779,110363,2459956,1129403,351928,166897,789305,185392,37850,255,177
2021-05-28T23:59:59+02:00,132,123,71410,70320,151785,154854,185816,201844,280553,308870,392702,409044,315090,352533,230250,293743,68807,125393,23225,22718,45755,54322,52039,73871,67203,105126,96005,116784,124600,139290,170633,219245,60733,110249,2436177,1106850,350884,166684,789097,170875,37473,254,174
2021-05-27T23:59:59+02:00,121,114,68102,67310,145309,149924,177639,195601,274174,303721,386395,403372,313834,351089,229791,293212,68736,125211,21909,21036,42506,51277,48165,70066,62661,99126,89661,109285,120684,134674,167840,215546,60561,109936,2391670,1078477,343284,163942,787297,150840,31752,254,170
2021-05-26T23:59:59+02:00,117,111,65951,65135,140361,145846,171549,190541,267431,298060,379663,396687,312319,349486,229305,292517,68634,125000,21171,20127,40688,49147,45815,67336,59634,95337,85072,104180,115712,128962,164055,210219,60353,109510,2354444,1046608,330100,162374,785490,139390,29022,251,169
2021-05-25T23:59:59+02:00,116,105,63924,63150,136167,142360,166501,186258,260370,291788,374247,391309,311043,348086,228900,291873,68550,124823,20595,19463,39290,47633,43986,65324,57165,92343,81006,99813,110795,123291,158530,202992,60183,109209,2316966,1015172,322601,158955,782957,130179,27389,247,166
2021-05-24T23:59:59+02:00,113,103,62682,61941,133418,140261,163225,183848,253427,285806,369317,386642,310218,347167,228615,291488,68478,124695,20253,19064,38274,46567,42642,63843,55493,90336,78776,97308,109378,121642,157927,202206,60071,109007,2293244,1005856,311515,157660,781179,123505,25844,247,164
2021-05-23T23:59:59+02:00,108,103,62186,61425,132317,139369,162031,182815,252187,284788,367733,385214,309604,346511,228444,291262,68457,124659,20023,18877,37727,46013,41889,63143,54333,89342,77292,95943,108210,120252,156951,200990,60003,108869,2281764,997721,310935,154576,781132,121920,25719,247,163
2021-05-22T23:59:59+02:00,105,101,61494,60806,130834,138302,159665,181197,249221,282500,365259,382996,309078,345920,228267,290996,68431,124609,19706,18456,37116,45413,41250,62613,53681,88619,76525,94802,106662,118453,156179,200022,59976,108815,2263843,991033,310920,154572,781092,118500,24258,247,163
2021-05-21T23:59:59+02:00,101,97,60164,59369,127937,135712,156391,177880,243997,277738,359175,377315,308146,344831,227970,290600,68371,124502,19347,18091,36504,44645,40600,61565,52732,87227,74814,92502,103426,114507,155044,198572,59884,108640,2227844,978040,309284,154247,779527,111914,23975,241,161
2021-05-20T23:59:59+02:00,94,95,57115,56578,122209,130846,149472,171573,233700,269008,350159,369043,305617,342096,227205,289597,68239,124284,18051,17157,34333,42399,38151,58668,49920,83466,70890,88015,99314,109890,152588,195563,59704,108286,2169961,958800,302637,152309,773575,94275,21082,233,161
2021-05-19T23:59:59+02:00,93,93,54903,54388,117206,126174,142312,164967,223176,259661,339632,358166,302976,339232,226460,288558,68089,124008,17471,16374,33110,40816,36746,56607,47910,80694,67655,84447,95438,105421,148970,190849,59442,107794,2104163,935441,296390,150339,770596,84790,19254,233,148
2021-05-18T23:59:59+02:00,88,88,52811,52430,112427,121916,135943,159404,211621,249300,329769,348382,300310,336268,225585,287363,67937,123754,16954,15775,31908,39361,35401,54820,46107,78299,64777,81227,91447,100898,145780,186796,59230,107359,2044379,915275,287041,147488,767003,76176,17276,229,148
2021-05-17T23:59:59+02:00,85,85,51778,51437,110099,119864,133142,156753,205103,243288,322208,341305,298526,334304,225001,286540,67830,123542,16499,15328,30861,38317,34237,53534,44627,76506,62524,78836,86623,95048,144318,184913,59080,107044,2017618,903615,274761,140029,763593,69506,15218,228,146
2021-05-16T23:59:59+02:00,84,82,50992,50781,108659,118543,131405,155097,202137,240611,314778,334361,297508,333176,224694,286057,67778,123445,16216,14957,30114,37540,33365,52614,43565,75193,61193,77368,83213,90983,143531,183840,58993,106904,2002317,897557,264346,133270,760356,65367,13468,226,142
2021-05-15T23:59:59+02:00,84,82,50456,50150,107661,117557,130394,153990,200206,238680,311214,331156,296888,332489,224498,285787,67758,123381,16077,14794,29860,37234,33078,52183,43078,74548,60346,76386,82618,90168,143017,183174,58957,106857,1986149,892327,264329,133124,759491,64240,12758,225,141
2021-05-14T23:59:59+02:00,83,82,49200,48732,105416,115467,126808,150544,192007,231623,304913,325285,295909,331354,224213,285340,67711,123286,15579,14368,29080,36417,32311,50994,42001,72772,58787,74438,80720,87686,142407,182188,58917,106771,1948962,882708,262633,132259,754947,58824,11717,222,140
2021-05-13T23:59:59+02:00,79,81,47285,46788,101581,112243,122106,146447,182003,223052,294325,315483,292942,327937,223405,284202,67611,123079,14717,13922,28225,35722,31551,50097,41060,71683,57285,72875,76951,83349,139651,178591,58807,106555,1897457,870194,254039,125236,748726,54979,10701,218,137
2021-05-12T23:59:59+02:00,77,79,46375,46084,99667,110819,120050,144792,179460,220945,289596,310168,291779,326676,223163,283883,67573,122994,14552,13772,27907,35505,31151,49808,40617,71310,56748,72310,75618,81730,138876,177462,58721,106395,1874436,864484,251880,123454,748237,54709,9903,214,136
2021-05-11T23:59:59+02:00,73,73,44132,44613,95649,107748,114251,140068,166104,209685,277961,299416,288381,322767,222206,282481,67424,122695,14124,13206,26896,34082,30025,48012,39317,69036,55038,70046,72537,78154,137527,175634,58563,106037,1815640,852253,242190,120771,739735,46844,8432,210,134
2021-05-10T23:59:59+02:00,72,69,42880,43643,93052,105751,111000,137445,157727,202678,270098,292319,286210,320322,221631,281619,67299,122455,13780,12762,26138,33099,29232,46758,38322,67180,53814,68317,70454,75601,136386,174125,58444,105749,1780153,843404,236152,119720,732773,39647,7460,206,128
2021-05-09T23:59:59+02:00,71,69,41761,42874,90375,104005,108347,135679,152724,199263,264589,287393,284976,318941,221255,281090,67233,122309,13467,12544,25448,32432,28504,45956,37532,66222,52876,67369,69226,74200,135794,173292,58389,105618,1760885,838835,229070,118746,726794,34886,6470,202,126
2021-05-08T23:59:59+02:00,70,69,41470,42577,89532,103277,107260,134831,151281,198051,262031,285334,284475,318399,221137,280911,67217,122277,13365,12483,25320,32341,28359,45827,37343,66030,52537,67051,68264,73279,134728,171929,58342,105525,1748904,834245,228562,118002,726570,34109,6457,170,103
2021-05-07T23:59:59+02:00,68,68,40548,41862,87607,101943,104450,132624,146666,194253,255792,279831,283138,316803,220788,280454,67164,122154,12619,11999,24497,31609,27597,44766,36482,64769,51354,65541,66023,70596,132511,169121,58253,105347,1723187,824609,225360,115745,722451,27317,5504,169,101
2021-05-06T23:59:59+02:00,64,67,37906,40142,82864,98493,98463,127880,136495,185761,239359,265439,278020,311015,219501,278767,66989,121838,11933,11483,23561,30507,26605,43416,35128,62769,49618,63573,63539,67480,130406,166362,58140,105129,1657710,813548,215456,112643,711583,18956,4593,161,100
2021-05-05T23:59:59+02:00,62,64,36019,38948,79218,95911,93872,124238,128679,179238,224620,251409,271838,303883,217930,276779,66743,121315,11700,11208,23024,29784,26004,42492,34205,61372,48470,62161,60935,64377,127469,162668,58042,104878,1591564,801300,210394,109084,705559,14975,3521,161,99
2021-05-04T23:59:59+02:00,62,62,34917,37846,76500,93598,90373,121199,123123,174509,214014,241144,266353,297439,216489,274936,66534,120847,11538,11007,22621,29244,25548,41722,33492,60291,47362,60890,58221,61208,125113,159740,57892,104642,1542569,789459,205283,106458,699492,11838,2869,160,96
2021-05-03T23:59:59+02:00,61,60,34051,36794,74216,91784,87500,118855,118683,170869,207364,235147,263078,293579,215691,273854,66413,120552,11295,10737,22229,28668,25068,41025,32808,59325,46340,59752,55444,57873,121347,154852,57635,104205,1510851,773652,202174,104750,694573,9077,1216,158,95
2021-05-02T23:59:59+02:00,61,60,33700,36477,73046,90883,86037,117762,116260,169004,204272,232635,262120,292491,215406,273447,66348,120444,11224,10666,22041,28458,24841,40739,32468,58921,45889,59277,54255,56415,118288,151180,57552,104075,1500270,768649,199386,99207,690707,8179,349,157,92
2021-05-01T23:59:59+02:00,60,60,33385,36105,72286,90092,84968,116723,114799,167647,201196,229606,261431,291670,215197,273166,66337,120406,11210,10651,21988,28428,24782,40701,32407,58863,45806,59202,54013,56123,118129,150984,57543,104058,1485220,767341,199384,99167,690442,8130,345,156,92
2021-04-30T23:59:59+02:00,57,58,32845,35506,71081,88871,83510,114999,111023,164088,193807,222498,259439,289306,214749,272559,66277,120300,10890,10456,21627,28150,24508,40279,32082,58300,45345,58571,53120,54962,117181,149800,57488,103939,1452376,763672,199059,97186,689645,5789,149,153,89
2021-04-29T23:59:59+02:00,55,56,31346,34559,68170,86854,79886,112402,105923,159992,181009,210965,251516,280215,213552,270928,66141,119951,10589,10245,21153,27701,24080,39781,31498,57559,44541,57637,51290,52773,115336,147567,57388,103744,1397583,754858,191782,94511,684283,3482,129,146,87
2021-04-28T23:59:59+02:00,54,54,30112,33948,66306,85547,77410,110585,102500,157143,171334,201804,240674,267632,212273,269245,65944,119623,10406,10086,20857,27350,23718,39313,31076,56907,43817,56816,49174,50161,112760,144339,57265,103532,1345011,745343,188425,89975,678913,2257,99,140,85
2021-04-27T23:59:59+02:00,51,53,29357,33266,64734,84085,75411,108780,99748,154750,166619,197086,232176,257834,211128,267633,65824,119400,10282,9975,20576,27061,23482,38985,30719,56412,43135,56126,47174,47622,110121,140911,57148,103333,1311030,735555,186126,85970,670937,1540,98,138,81
2021-04-26T23:59:59+02:00,50,53,28928,32883,63637,83202,73915,107617,97469,153042,158012,189079,227993,252996,210423,266643,65732,119202,10187,9886,20362,26875,23247,38768,30426,56074,42523,55553,45371,45478,108230,138435,57053,103180,1282136,727613,184686,82882,664212,1161,94,136,79
2021-04-25T23:59:59+02:00,50,52,28677,32647,62863,82681,72856,106885,95743,151819,152634,184215,223665,248120,209834,265864,65666,119080,10132,9852,20283,26800,23161,38687,30316,55948,42364,55394,44957,44981,107550,137528,57025,103110,1269416,725959,178553,81112,655539,1029,91,136,78
2021-04-24T23:59:59+02:00,50,51,28335,32221,61927,81461,71671,105443,94199,150167,147739,179073,220883,244793,209364,265191,65632,119030,10117,9834,20242,26758,23111,38622,30235,55862,42215,55258,44715,44674,107301,137234,57004,103082,1244599,724877,178526,80414,654260,986,90,136,77
2021-04-23T23:59:59+02:00,48,51,27589,31599,60360,79956,69885,103427,91612,147534,142972,174687,216338,239254,208709,264201,65569,118915,10065,9772,20133,26672,22980,38472,30002,55657,41853,54928,44097,43917,106241,135952,56848,102807,1219774,721535,177349,77943,645735,934,89,134,75
2021-04-22T23:59:59+02:00,46,50,26975,31000,58826,78522,67422,101213,87495,144050,134945,167206,207312,228264,206671,261571,65371,118518,9940,9676,19884,26379,22627,38039,29489,55143,41099,54294,42929,42590,104251,133507,56620,102409,1178290,714079,169914,74004,637405,810,89,129,73
2021-04-21T23:59:59+02:00,46,48,26482,30478,57501,77422,65543,99587,84465,141416,127766,160403,194255,212943,204525,258684,65146,118092,9809,9590,19653,26133,22343,37714,29138,54694,40547,53764,42085,41573,102068,130728,56367,101999,1126882,707555,167038,69930,631037,738,89,122,72
2021-04-20T23:59:59+02:00,45,47,26057,30011,56344,76281,63872,98010,81924,138843,122691,155348,182792,199499,202101,255553,64910,117669,9706,9499,19435,25944,22052,37445,28730,54284,40008,53229,41271,40644,99853,127747,56031,101462,1084326,700023,163555,66681,624271,660,87,120,68
2021-04-19T23:59:59+02:00,45,46,25690,29658,55377,75462,62590,96837,79802,136918,119174,151971,177048,192666,200394,253320,64727,117336,9598,9408,19205,25725,21808,37173,28415,53893,39498,52700,40477,39737,96759,123787,55626,100751,1059820,689695,161728,64266,617671,624,86,115,68
2021-04-18T23:59:59+02:00,44,44,25387,29398,54610,74917,61470,95892,77953,135498,115816,149580,171943,187117,199384,252097,64617,117145,9525,9334,19018,25552,21632,37007,28199,53616,39239,52450,40149,39350,95544,122244,55445,100455,1045880,685840,160061,62335,607122,609,86,114,67
2021-04-17T23:59:59+02:00,43,43,25278,29306,54239,74723,60954,95541,77300,134901,114971,148840,167694,182240,198850,251373,64582,117080,9480,9275,18880,25364,21446,36777,27972,53341,38974,52183,39850,39029,94784,121317,55381,100371,1035011,681831,160033,62021,603064,597,86,114,67
2021-04-16T23:59:59+02:00,43,43,24906,29058,53250,74117,59671,94665,75681,133572,110832,144704,160068,173471,197197,249173,64473,116872,9272,9100,18488,24938,20868,36204,26872,52443,36962,50588,36559,36119,91605,117807,54978,99716,1009149,666847,159247,55136,593549,561,86,113,65
2021-04-15T23:59:59+02:00,39,39,24432,28606,52000,72949,57714,92937,72415,130730,105365,139429,152209,164503,192544,243301,64176,116254,9098,8938,18120,24517,20375,35547,26195,51651,35572,49360,34455,34093,88502,114088,54471,98859,976960,653796,157194,49561,575634,511,85,112,63
2021-04-14T23:59:59+02:00,37,35,24091,28281,51064,72013,56377,91551,70031,128574,101378,135663,143019,154128,184810,233426,63834,115586,8695,8667,17647,24011,19839,34905,25283,50775,34287,48238,32416,31944,85528,110446,53981,98001,939118,638940,154528,45340,560398,412,84,109,62
2021-04-13T23:59:59+02:00,37,35,23853,28066,50371,71475,55435,90730,68397,127165,97655,132234,131196,141020,178424,225099,63494,114998,8461,8497,17303,23607,19419,34373,24619,49981,33222,47224,31035,30586,83384,108075,53625,97458,905906,629659,150018,40950,543907,290,84,107,60
2021-04-12T23:59:59+02:00,36,34,23644,27880,49820,70967,54571,89998,66934,125878,95027,129911,124094,132989,175202,221151,63224,114507,8224,8311,16944,23312,19050,33938,24148,49445,32554,46599,29513,29051,81727,106141,53299,96937,889519,621251,148479,37698,528015,274,83,105,58
2021-04-11T23:59:59+02:00,35,34,23470,27721,49297,70547,53842,89545,65794,125075,93173,128434,118618,126979,171286,216549,63055,114210,8091,8177,16648,23033,18732,33630,23792,49065,32108,46215,28878,28387,80707,104896,53091,96619,882060,615969,144073,35873,511678,259,80,104,57
2021-04-10T23:59:59+02:00,35,34,23409,27664,49130,70413,53643,89387,65468,124806,92650,128000,116537,124454,169847,214700,63014,114110,7504,7574,15758,22247,17776,32791,22672,48033,30998,45222,28218,27675,78616,102291,52825,96183,875079,600667,143220,35494,509153,254,75,104,57
2021-04-09T23:59:59+02:00,34,34,23163,27416,48630,69921,53005,88706,64473,123684,90826,126095,107722,113524,166473,210297,62816,113754,6546,6676,14231,20926,16057,31235,20533,46071,28800,43217,26446,25854,75117,98122,52282,95344,855697,573264,136175,33983,498858,243,68,99,55
2021-04-08T23:59:59+02:00,34,34,22868,27171,48051,69431,52254,88011,63168,122603,88414,123930,97423,101551,160941,203459,62490,113190,5904,6089,13045,19910,14800,29896,18894,44356,26304,40883,23432,22892,70474,92364,51145,93594,837066,541766,127286,32044,480839,210,58,97,55
2021-04-07T23:59:59+02:00,32,33,22558,26945,47251,68976,51331,87402,61779,121625,85280,121494,88246,91265,153947,194677,62196,112629,5524,5768,12388,19237,13988,29069,17851,43304,24397,38987,20898,20369,66523,87601,50152,91979,816702,518328,121697,29565,459437,179,54,96,54
2021-04-06T23:59:59+02:00,31,33,22348,26784,46726,68596,50742,86878,60748,120849,83175,119753,80489,82467,147590,186718,61853,112002,5332,5610,12040,18880,13637,28638,17317,42744,23535,38179,19773,19340,63370,83515,49233,90599,797447,504989,118489,26628,442019,168,50,93,52
2021-04-05T23:59:59+02:00,31,32,22249,26660,46415,68253,50359,86481,60203,120158,81996,118601,76015,77378,142596,180621,61652,111687,5194,5471,11779,18628,13343,28326,16995,42372,23090,37719,19310,18871,60493,79967,48534,89534,788029,495672,116737,23835,426795,163,47,91,52
2021-04-04T23:59:59+02:00,31,32,22201,26600,46294,67985,50190,86167,59924,119658,81489,117970,74574,75673,141895,179646,61615,111605,5190,5465,11761,18615,13332,28310,16976,42355,22992,37647,18903,18548,59056,78122,48329,89223,785495,490884,116633,23833,421602,156,43,88,50
2021-04-03T23:59:59+02:00,31,32,22139,26519,46171,67877,50028,85992,59608,119346,80922,117392,73229,74039,140780,178110,61532,111456,5181,5457,11748,18597,13309,28290,16942,42308,22887,37573,18767,18398,58706,77561,48240,89078,779138,489103,116591,23833,419655,156,42,87,50
2021-04-02T23:59:59+02:00,31,32,22062,26436,46011,67712,49811,85744,59139,118897,80044,116580,71675,72159,138502,175133,61335,111098,5162,5420,11701,18555,13255,28208,16853,42160,22615,37096,18409,18035,56366,74682,47429,87978,770037,480630,114817,23190,417729,156,40,86,48
2021-04-01T23:59:59+02:00,28,30,21867,26232,45594,67193,49167,85003,58264,117958,78162,114909,68416,68734,134424,169964,61018,110533,5015,5277,11430,18292,13032,27975,16531,41852,22114,36656,17594,17292,51532,68662,45753,85523,758405,462623,108735,21821,410541,142,35,84,47
2021-03-31T23:59:59+02:00,28,30,21541,26014,45192,66670,48674,84355,57537,117020,77005,113666,66377,66417,129669,163859,60616,109811,4937,5226,11333,18174,12872,27825,16292,41582,21521,36147,16466,16389,46331,62259,44378,83551,748666,444332,101587,20876,404419,139,30,82,43
2021-03-30T23:59:59+02:00,28,29,21363,25793,44794,66051,48169,83559,56830,115969,75870,112290,64541,64399,125296,158111,60149,108911,4870,5141,11228,18048,12680,27636,15964,41259,20945,35598,15630,15587,43573,58852,43263,81757,738499,432472,97372,19515,396479,110,26,77,42
2021-03-29T23:59:59+02:00,27,29,21166,25555,44334,65500,47693,82869,56096,114895,74647,110857,62055,61658,118564,149475,59379,107518,4773,5071,11123,17936,12527,27470,15717,40939,20488,35129,14978,15047,40987,55873,42158,79937,717983,421285,93952,18839,390578,95,26,77,41
2021-03-28T23:59:59+02:00,27,29,20961,25267,43836,64816,47179,82128,55417,113889,73707,109751,60796,60223,113860,143503,58935,106761,4718,5013,10977,17791,12273,27171,15526,40693,20321,34897,14739,14803,39907,54455,41810,79399,711453,416974,86644,17513,383184,75,26,76,38
2021-03-27T23:59:59+01:00,27,29,20841,25111,43544,64450,46817,81599,54917,113200,73037,109014,59642,59141,112377,141798,58868,106681,4705,5001,10950,17772,12255,27141,15165,40266,19922,34461,14446,14591,39421,53768,41336,78582,706186,412923,85944,16859,379157,69,26,76,38
2021-03-26T23:59:59+01:00,27,28,20589,24599,42742,62748,45851,79573,53583,110184,71027,105401,57633,57264,109628,138567,58542,106166,4687,4968,10927,17720,12186,27049,15087,40157,19583,33867,13979,13942,36357,49936,39279,75341,694812,398437,82639,16641,366894,56,23,75,38
2021-03-25T23:59:59+01:00,27,26,20158,23926,41869,60984,44756,77024,52071,106661,68643,101637,55042,54629,106321,134601,57972,105177,4641,4914,10836,17617,12064,26904,14903,39938,19309,33560,13504,13452,32509,44894,36285,70809,683404,380112,78445,16044,349869,51,21,73,38
2021-03-24T23:59:59+01:00,27,26,19757,23480,41091,59715,43741,75490,50695,104742,66550,99310,52260,51719,102073,129504,57335,104100,4587,4848,10743,17477,11897,26703,14672,39656,18941,33142,13048,12999,29941,41682,33172,65975,670617,364568,73572,14943,337624,45,16,72,38
2021-03-23T23:59:59+01:00,27,26,19510,23180,40531,58806,43020,74403,49663,103232,64898,97454,49973,49377,99316,126292,56776,103261,4528,4778,10644,17353,11751,26520,14426,39344,18523,32756,12545,12492,27510,38590,29509,60085,662507,347029,70232,14354,327205,43,15,70,38
2021-03-22T23:59:59+01:00,27,26,19290,22769,39894,57926,42356,73364,48719,101850,63425,95822,48142,47495,96917,123545,56304,102489,4470,4731,10558,17238,11620,26343,14268,39104,18283,32455,12235,12119,25676,36241,25562,53713,656218,330843,67425,13802,316916,40,15,68,37
2021-03-21T23:59:59+01:00,27,26,19153,22510,39403,57173,41807,72520,48066,100696,62483,94591,47096,46472,95272,121694,55935,101910,4456,4723,10522,17190,11575,26257,14208,39014,18202,32356,12116,11988,25248,35793,25208,53155,653646,328652,65398,13388,307985,40,14,67,37
2021-03-20T23:59:59+01:00,26,26,19093,22365,39193,56678,41569,71960,47755,100059,62046,93991,46444,45706,92674,118464,55649,101424,4447,4716,10513,17178,11548,26240,14165,38978,18120,32282,11957,11827,24609,35019,24446,52070,647189,324945,64949,13199,303177,40,14,67,37
2021-03-19T23:59:59+01:00,25,25,18739,21801,38061,54556,40290,69968,46023,97974,59169,91233,42009,41839,87459,112703,54948,100344,4426,4703,10480,17130,11483,26128,14074,38809,17885,31984,11605,11546,22942,32963,22766,49510,629449,315631,57747,12837,290161,34,14,64,37
2021-03-18T23:59:59+01:00,25,24,18344,21155,36886,52402,38749,67179,43870,93508,55323,85441,37981,38042,82730,107226,53861,98685,4406,4675,10413,17027,11405,25974,13925,38620,17668,31782,11372,11363,21696,31450,21054,46912,612524,307552,52009,12227,267083,31,14,64,36
2021-03-17T23:59:59+01:00,25,23,17924,20805,36161,51484,37985,66226,42789,92156,53536,83612,35309,35258,78707,102404,52917,97212,4383,4649,10351,16933,11333,25840,13812,38431,17470,31590,11135,11140,20457,30039,19465,44512,595875,300057,47611,11520,261228,28,14,62,36
2021-03-16T23:59:59+01:00,24,23,17567,20387,35415,50416,37172,65033,41692,90484,51700,81625,33107,33240,74681,97467,52037,95898,4333,4600,10278,16805,11242,25690,13714,38194,17336,31347,10965,10963,19178,28524,17984,42189,582632,292294,42925,11086,252589,27,11,61,36
2021-03-15T23:59:59+01:00,24,23,17289,20023,34708,49438,36381,63842,40788,89005,50440,80025,31388,31403,71400,93376,51339,94766,4311,4565,10212,16682,11176,25489,13599,37907,17187,31075,10798,10805,18446,27560,16727,40327,571513,286479,39602,10437,244728,26,0,59,36
2021-03-14T23:59:59+01:00,24,22,17021,19596,33855,48230,35482,62524,39733,87178,49186,78298,30226,30172,69404,90813,50894,94090,4287,4546,10167,16605,11119,25347,13539,37685,17097,30911,10727,10720,18264,27279,16465,39767,564406,285282,37726,9303,234800,16,0,55,36
2021-03-13T23:59:59+01:00,24,22,16211,18537,32359,46200,33910,60395,37696,84115,47059,75755,28879,28822,67390,88191,50625,93699,4287,4546,10165,16599,11116,25340,13530,37679,17091,30902,10690,10688,17517,26394,15419,38315,548059,281034,37441,9302,224558,16,0,55,36
2021-03-12T23:59:59+01:00,23,22,15110,17160,29917,43552,31245,57254,34833,79259,43850,71295,26045,25632,63085,82889,49645,92294,4274,4513,10146,16537,11098,25289,13484,37561,17000,30771,10413,10461,16635,25150,14348,36792,520047,275239,36130,9291,207094,13,0,53,35
2021-03-11T23:59:59+01:00,22,22,14070,15700,27671,40861,28926,54067,32246,74871,40096,66403,22648,22157,57072,75579,47715,89454,4233,4473,10065,16418,10988,25064,13366,37251,16834,30468,10111,10249,16000,24309,13680,35518,488020,271239,34540,7850,187165,10,0,51,34
2021-03-10T23:59:59+01:00,22,22,13475,15002,26263,39245,27277,52246,30684,72553,37580,63278,19901,19608,51156,68440,46164,87115,4198,4429,9966,16251,10870,24815,13218,36831,16633,30096,9875,10066,15256,23536,13021,34493,461612,266509,32493,7106,176069,8,0,50,34
2021-03-09T23:59:59+01:00,21,21,13192,14535,25142,38207,25862,51061,29621,70900,36199,61446,18722,18484,47647,64001,45039,85327,4174,4403,9882,16084,10767,24556,13065,36514,16458,29860,9751,9964,14594,22699,12525,33719,448013,262803,29968,6274,167576,8,0,50,32
2021-03-08T23:59:59+01:00,20,21,12861,13933,24058,37100,24595,49923,28685,69416,34968,59828,17642,17605,43528,59015,43811,83343,4159,4367,9821,15886,10665,24297,12932,36157,16331,29595,9668,9880,14100,22092,12211,33280,432557,259625,27963,5883,159960,3,0,49,31
2021-03-07T23:59:59+01:00,20,21,12628,13641,23464,36250,23899,49048,28084,68545,34359,59070,17380,17355,42460,57564,43444,82779,4147,4354,9801,15844,10638,24224,12900,35987,16274,29481,9646,9851,13902,21839,12075,33078,427798,258568,26148,5543,156190,0,0,48,30
2021-03-06T23:59:59+01:00,20,20,12515,13349,23062,35517,23369,48261,27036,67019,33261,57307,16994,17026,41815,56675,43143,82311,4144,4340,9790,15818,10620,24190,12890,35945,16256,29450,9629,9810,13855,21801,11972,32868,423738,258190,26084,5259,149001,0,0,48,29
2021-03-05T23:59:59+01:00,20,20,12103,12748,22381,34313,22687,47031,26280,65390,32029,54888,16348,16194,38355,52370,40986,78868,4117,4293,9720,15718,10569,24042,12822,35750,16170,29243,9533,9741,13669,21586,11601,32257,408553,256492,24633,4410,139941,0,0,48,28
2021-03-04T23:59:59+01:00,18,20,11344,11743,21193,32585,21468,44985,24924,62738,30334,52530,15618,15477,34351,47205,37906,74180,4067,4204,9607,15428,10467,23685,12689,35220,16025,28845,9358,9588,13511,21375,11517,32112,390112,253451,22558,4318,126062,0,0,48,26
2021-03-03T23:59:59+01:00,16,20,11038,11255,20504,31368,20695,43625,24019,60989,29292,50889,15143,14975,31739,43882,34820,69412,4027,4141,9528,15259,10388,23433,12583,34799,15849,28499,9176,9462,13386,21161,11371,31842,374676,250822,21765,4155,117353,0,0,44,24
2021-03-02T23:59:59+01:00,16,20,10776,10830,19858,30400,19982,42605,23233,59602,28321,49616,14516,14328,29063,40511,30934,63194,3979,4070,9466,15094,10320,23168,12480,34367,15748,28192,9051,9360,13248,20973,11294,31697,356489,248424,20255,4154,111168,0,0,43,24
2021-03-01T23:59:59+01:00,14,19,10604,10571,19346,29597,19419,41724,22644,58532,27608,48494,14101,13873,26994,37921,26679,56310,3964,4021,9412,14939,10257,22869,12399,33990,15642,27869,8969,9300,13065,20704,11178,31514,339277,246008,19141,4154,106136,0,0,43,24
2021-02-28T23:59:59+01:00,13,19,10438,10372,18879,28951,18886,40987,22166,57680,27123,47701,13894,13632,26385,37261,26274,55708,3948,4007,9388,14907,10238,22818,12382,33920,15615,27823,8943,9276,12934,20526,11115,31364,336829,245156,18282,4118,101360,0,0,43,24
2021-02-27T23:59:59+01:00,13,18,10259,9857,18550,28084,18628,40200,21881,56696,26795,46908,13618,13331,25718,36457,25352,54289,3936,3995,9367,14887,10206,22770,12343,33838,15570,27750,8921,9260,12924,20509,11110,31357,332921,244802,17560,4011,96273,0,0,43,24
2021-02-26T23:59:59+01:00,12,17,9463,9072,17648,26644,17846,37993,20952,53845,25336,44084,13151,12930,24129,34470,23828,51983,3855,3927,9289,14726,10132,22514,12262,33473,15453,27455,8841,9179,12857,20441,11069,31288,323808,242895,17307,3937,82383,0,0,43,22
2021-02-25T23:59:59+01:00,12,17,8304,8220,16326,25040,16578,35730,19714,50958,23626,41303,12677,12529,22849,32878,22332,49698,3733,3784,9127,14413,9912,21910,12008,32621,15126,26801,8645,9028,12597,20115,10928,31019,316185,238756,16536,3083,66163,0,0,42,21
2021-02-24T23:59:59+01:00,11,16,7939,7696,15671,24004,15949,34492,19000,49445,22835,40104,12282,12193,21543,31378,20652,47071,3661,3717,8987,14122,9736,21457,11806,31995,14863,26265,8504,8891,12455,19942,10863,30808,307938,235985,15572,2156,58861,0,0,42,21
2021-02-23T23:59:59+01:00,11,16,7455,7219,14854,22827,15264,33274,18281,48035,22117,39036,11975,11869,20206,29803,19038,44515,3621,3642,8867,13920,9598,21060,11618,31419,14564,25763,8334,8749,12327,19732,10793,30577,299826,233159,14772,1493,51283,0,0,42,21
2021-02-22T23:59:59+01:00,10,14,7348,7013,14470,22209,14914,32546,17819,47029,21623,38303,11777,11620,19458,28796,17724,42560,3591,3540,8730,13628,9434,20558,11363,30678,14191,25167,8087,8556,12128,19479,10689,30274,293967,229852,14162,308,47191,0,0,40,21
2021-02-21T23:59:59+01:00,10,14,7258,6888,14149,21767,14495,31963,17404,46377,21186,37809,11671,11519,19295,28583,17477,42227,3552,3500,8648,13505,9358,20342,11292,30386,14070,24898,8025,8494,12072,19372,10618,30111,292826,228015,13790,294,43559,0,0,40,21
2021-02-20T23:59:59+01:00,10,14,7141,6838,14024,21687,14379,31828,17285,46227,21028,37628,11572,11435,18513,27666,16420,40757,3550,3494,8638,13497,9348,20321,11278,30361,14057,24887,8020,8485,12007,19308,10564,30043,288571,227632,13593,293,42368,0,0,40,20
2021-02-19T23:59:59+01:00,8,13,6839,6586,13670,21248,14008,31159,16811,45429,20322,36759,10970,11034,17469,26335,15262,39147,3470,3471,8562,13470,9306,20264,11240,30270,13998,24793,7977,8425,11785,19035,10371,29712,282187,225925,13218,292,37743,0,0,37,19
2021-02-18T23:59:59+01:00,8,13,6442,6111,13043,20104,13368,29784,15995,43557,19449,35180,10740,10815,16877,25579,14685,38264,3284,3334,8228,12930,9013,19514,10890,29233,13632,23966,7772,8116,11198,18083,9874,28562,278609,217406,12636,292,28846,0,0,37,18
2021-02-17T23:59:59+01:00,8,12,6277,5768,12597,19223,12879,28594,15295,41835,18802,33854,10513,10564,16121,24765,13908,37074,3035,3174,7888,12415,8712,18724,10520,28189,13241,23116,7538,7881,10641,17231,9436,27744,273943,209260,11905,290,22313,0,0,37,18
2021-02-16T23:59:59+01:00,8,12,5951,5467,12061,18387,12375,27519,14750,40456,18209,32820,10359,10459,15452,23934,13399,36285,2852,3054,7586,11964,8406,18000,10124,27100,12776,22218,7267,7587,9923,16058,8709,26194,270406,199748,11409,134,16160,0,0,35,18
2021-02-15T23:59:59+01:00,8,12,5845,5286,11766,17744,12108,26736,14402,39462,17861,32050,10234,10349,14892,23279,13038,35746,2762,2973,7395,11643,8187,17493,9823,26256,12426,21534,6986,7301,9223,15002,8194,24913,267304,192088,10806,88,12780,0,0,35,17
2021-02-14T23:59:59+01:00,8,12,5576,5171,11518,17473,11885,26300,14168,39016,17670,31773,10189,10298,14659,22940,12873,35353,2712,2935,7281,11479,8058,17287,9647,25924,12248,21232,6890,7178,9002,14618,8006,24378,266304,188852,9870,87,10781,0,0,33,17
2021-02-13T23:59:59+01:00,8,12,5516,5133,11468,17437,11855,26269,14140,38984,17650,31754,10176,10271,14632,22908,12861,35336,2708,2932,7276,11472,8046,17267,9632,25889,12221,21189,6860,7144,8848,14405,7654,23752,266062,187350,9869,9,10553,0,0,32,16
2021-02-12T23:59:59+01:00,8,11,5000,4815,10897,17073,11537,25718,13821,38340,17322,31110,10065,10164,14448,22694,12781,35227,2658,2899,7182,11315,7945,17036,9482,25497,12004,20744,6678,6911,8487,13844,7062,22412,264365,182213,9858,7,6880,0,0,32,16
2021-02-11T23:59:59+01:00,8,10,4538,4514,10311,16392,11125,24911,13341,37076,16832,30250,9750,9903,14166,22245,12501,34541,2490,2625,6582,10123,7258,15300,8622,22883,10956,18667,6027,6198,7443,12227,6247,20092,261133,163797,8215,4,3138,0,0,30,15
2021-02-10T23:59:59+01:00,8,10,4291,4347,9976,15940,10816,24370,13029,36192,16417,29500,9536,9765,13985,22040,12409,34335,2129,2333,5645,8664,6453,13257,7631,19973,9829,16631,5482,5612,6459,10567,5471,18033,258485,144232,7716,3,836,0,0,29,2
2021-02-09T23:59:59+01:00,8,9,4228,4248,9853,15673,10707,23968,12857,35571,16205,29026,9358,9627,13790,21830,12267,34113,1733,1980,4866,7395,5681,11464,6712,17466,8742,14638,4905,4983,5412,9015,4741,15934,256040,125726,6938,1,431,0,0,28,2
2021-02-08T23:59:59+01:00,8,9,4194,4193,9760,15461,10599,23610,12738,35110,16064,28668,9266,9560,13588,21546,12158,33920,1569,1785,4309,6400,5021,9889,5890,14942,7722,12784,4345,4450,4426,7428,3978,13857,253671,108849,6424,1,425,0,0,28,2
2021-02-07T23:59:59+01:00,8,9,4029,4126,9604,15324,10497,23445,12659,34847,15952,28476,9225,9515,13443,21363,12085,33777,1354,1538,3889,5726,4607,9011,5465,13783,7236,11826,4089,4190,4196,7035,3818,13262,252572,101077,5878,1,0,0,0,28,1
2021-02-06T23:59:59+01:00,8,9,4020,4117,9594,15308,10484,23409,12637,34797,15935,28419,9205,9501,13425,21328,11980,33580,1202,1342,3656,5419,4421,8586,5245,13194,6956,11268,3952,4053,4070,6886,3539,12804,252229,96643,5593,1,0,0,0,28,0
2021-02-05T23:59:59+01:00,8,8,3947,4049,9522,15165,10417,23158,12552,34427,15820,28138,9121,9427,13352,21253,11630,32983,1061,1113,3375,4974,4161,8006,4928,12415,6570,10540,3691,3807,3909,6658,3037,11919,250342,90211,4700,0,0,0,0,27,0
2021-02-04T23:59:59+01:00,8,8,3890,3926,9402,14849,10240,22610,12364,33630,15604,27575,8997,9318,13128,20960,11517,32782,797,780,2551,3722,3226,6263,3975,9871,5244,8329,3010,3094,3284,5671,2645,10421,246398,72917,4476,0,0,0,0,26,0
2021-02-03T23:59:59+01:00,8,8,3821,3855,9299,14627,10136,22275,12231,33120,15454,27158,8888,9203,12987,20783,11442,32617,661,612,1924,2807,2493,4835,3003,7583,4012,6279,2199,2229,2399,4205,1918,7814,243670,55001,4308,0,0,0,0,26,0
2021-02-02T23:59:59+01:00,8,8,3755,3760,9199,14434,10037,21895,12088,32556,15252,26705,8763,9089,12864,20573,11359,32351,525,486,1455,2072,1905,3637,2258,5769,2992,4694,1556,1531,1637,2770,1334,5200,240454,39840,4306,0,0,0,0,26,0
2021-02-01T23:59:59+01:00,7,8,3715,3670,9119,14203,9931,21508,11950,31920,15068,26202,8645,8941,12755,20430,11308,32176,391,352,1014,1429,1255,2421,1471,3778,1858,2973,984,973,970,1691,766,3013,237315,25348,4306,0,0,0,0,25,0
2021-01-31T23:59:59+01:00,7,8,3697,3635,9066,14095,9862,21304,11884,31623,14964,26004,8589,8882,12704,20319,11263,32047,361,331,893,1239,1066,2048,1269,3226,1625,2606,886,882,866,1507,695,2707,235827,22214,4191,0,0,0,0,24,0
2021-01-30T23:59:59+01:00,7,8,3696,3632,9056,14082,9848,21281,11871,31603,14952,25990,8585,8877,12644,20255,11212,31982,344,307,833,1155,1009,1925,1205,3036,1550,2469,858,856,847,1467,680,2654,235506,21201,4140,0,0,0,0,24,0
2021-01-29T23:59:59+01:00,7,8,3636,3617,8995,14052,9819,21229,11839,31528,14904,25922,8561,8854,12457,20030,11032,31739,277,224,713,983,865,1565,1050,2646,1339,2144,769,766,798,1412,662,2601,234286,18818,4011,0,0,0,0,21,0
2021-01-28T23:59:59+01:00,7,8,3517,3531,8791,13665,9599,20717,11607,30949,14577,25423,8424,8753,12021,19409,10676,31158,131,57,294,360,377,609,460,1148,609,963,407,423,467,812,379,1571,229498,9069,3403,0,0,0,0,20,0
2021-01-27T23:59:59+01:00,7,8,3286,3396,8498,13249,9298,20094,11224,30113,14190,24686,8208,8542,11471,18603,10251,30395,79,33,203,222,243,413,306,802,430,663,309,309,347,605,284,1149,222789,6398,2794,0,0,0,0,20,0
2021-01-26T23:59:59+01:00,6,8,3120,3299,8216,12912,9035,19524,10919,29356,13793,24054,7972,8321,10893,17689,9603,29243,74,29,188,212,227,379,290,751,399,602,294,284,320,542,258,1019,216075,5869,1951,0,0,0,0,20,0
2021-01-25T23:59:59+01:00,6,8,3032,3204,7935,12431,8745,18818,10532,28354,13313,23292,7689,8120,10275,16873,9147,28342,66,21,168,191,194,323,251,631,347,497,257,240,266,465,210,831,209773,4959,406,0,0,0,0,18,0
2021-01-24T23:59:59+01:00,6,8,2988,3183,7850,12353,8671,18693,10423,28194,13185,23109,7646,8085,10210,16761,9099,28246,65,20,164,187,192,310,248,610,338,483,248,236,264,458,206,816,208468,4846,304,0,0,0,0,18,0
2021-01-23T23:59:59+01:00,6,8,2987,3182,7849,12350,8667,18683,10422,28181,13179,23104,7639,8082,10086,16595,8771,27659,64,20,164,187,191,309,246,610,336,483,248,236,264,458,206,815,207211,4838,302,0,0,0,0,17,0
2021-01-22T23:59:59+01:00,6,8,2925,3136,7725,12237,8584,18542,10312,28011,13098,22989,7609,8049,9888,16293,8253,26635,64,20,163,187,191,309,246,610,335,483,248,236,264,458,206,815,204062,4836,302,0,0,0,0,16,0
2021-01-21T23:59:59+01:00,6,8,2843,2966,7225,11323,8100,17396,9776,26387,12492,21773,7325,7721,9247,15331,7728,25563,58,18,148,173,174,278,221,534,298,443,222,209,233,378,176,684,192969,4248,302,0,0,0,0,16,0
2021-01-20T23:59:59+01:00,6,8,2484,2619,6345,9911,7355,15442,8822,23558,11382,19699,6725,7069,8153,13563,6913,23341,56,18,147,168,171,276,213,520,287,421,210,202,227,353,162,646,173150,4078,299,0,0,0,0,16,0
2021-01-19T23:59:59+01:00,6,8,2042,2264,5445,8524,6491,13548,7800,20765,10111,17459,5968,6184,6764,11371,5891,20286,40,11,98,124,115,171,150,356,188,293,133,115,139,235,113,479,150755,2760,218,0,0,0,0,16,0
2021-01-18T23:59:59+01:00,5,8,1769,1974,4690,7141,5536,11308,6602,17170,8683,14743,5085,5302,5378,9117,4817,16799,21,6,38,46,52,79,66,162,74,147,59,54,66,131,62,220,126075,1283,94,0,0,0,0,16,0
2021-01-17T23:59:59+01:00,4,8,1492,1684,4177,6347,5028,10175,6065,15596,8042,13478,4745,4953,5005,8444,4488,15792,8,2,8,15,15,28,20,51,27,56,23,23,20,31,13,47,115469,387,90,0,0,0,0,15,0
2021-01-16T23:59:59+01:00,4,7,1325,1481,3960,6026,4848,9735,5806,14930,7712,12785,4555,4725,4793,8168,4133,15188,0,0,0,1,1,2,1,1,1,2,0,1,1,0,0,1,110208,12,7,0,0,0,0,14,0
2021-01-15T23:59:59+01:00,4,7,1174,1255,3706,5604,4594,9170,5515,14091,7304,11986,4263,4431,4607,7861,3598,14142,0,0,0,0,0,0,0,0,0,0,0,0,0,0,0,0,103339,0,4,0,0,0,0,14,0
2021-01-14T23:59:59+01:00,3,4,900,942,2960,4415,3730,7354,4571,11346,5907,9640,3462,3562,3869,6635,3114,12330,0,0,0,0,0,0,0,0,0,0,0,0,0,0,0,0,84765,0,0,0,0,0,0,14,0
2021-01-13T23:59:59+01:00,3,3,765,788,2487,3683,3146,6130,3798,9405,4813,7762,2589,2649,2922,5052,2382,9426,0,0,0,0,0,0,0,0,0,0,0,0,0,0,0,0,67819,0,0,0,0,0,0,13,0
2021-01-12T23:59:59+01:00,2,3,634,657,2083,3021,2590,4982,3041,7579,3796,6098,1859,1829,1996,3417,1684,6429,0,0,0,0,0,0,0,0,0,0,0,0,0,0,0,0,51724,0,0,0,0,0,0,0,0
2021-01-11T23:59:59+01:00,1,1,493,522,1739,2445,2080,3981,2356,5761,2820,4425,1195,1131,1196,2004,924,3648,0,0,0,0,0,0,0,0,0,0,0,0,0,0,0,0,36741,0,0,0,0,0,0,0,0
2021-01-10T23:59:59+01:00,1,1,437,453,1479,2021,1739,3258,1947,4776,2344,3707,1053,1007,1051,1757,823,3195,0,0,0,0,0,0,0,0,0,0,0,0,0,0,0,0,31060,0,0,0,0,0,0,0,0
2021-01-09T23:59:59+01:00,1,1,405,409,1355,1844,1594,2968,1793,4327,2159,3376,978,936,992,1703,805,3152,0,0,0,0,0,0,0,0,0,0,0,0,0,0,0,0,28807,0,0,0,0,0,0,0,0
2021-01-08T23:59:59+01:00,1,1,308,281,1107,1501,1316,2299,1475,3548,1789,2759,845,830,904,1580,758,2999,0,0,0,0,0,0,0,0,0,0,0,0,0,0,0,0,24308,0,0,0,0,0,0,0,0
2021-01-07T23:59:59+01:00,1,0,145,76,398,507,480,788,595,1368,781,1205,467,481,560,961,465,1906,0,0,0,0,0,0,0,0,0,0,0,0,0,0,0,0,11185,0,0,0,0,0,0,0,0
2021-01-06T23:59:59+01:00,1,0,110,44,268,285,308,512,399,928,531,825,359,361,423,747,358,1439,0,0,0,0,0,0,0,0,0,0,0,0,0,0,0,0,7899,0,0,0,0,0,0,0,0
2021-01-05T23:59:59+01:00,1,0,86,31,189,230,241,426,321,819,448,705,343,345,406,714,351,1385,0,0,0,0,0,0,0,0,0,0,0,0,0,0,0,0,7042,0,0,0,0,0,0,0,0
2021-01-04T23:59:59+01:00,1,0,68,25,172,193,199,333,257,636,354,513,268,253,286,516,234,927,0,0,0,0,0,0,0,0,0,0,0,0,0,0,0,0,5235,0,0,0,0,0,0,0,0
2021-01-03T23:59:59+01:00,1,0,66,21,166,188,194,319,255,621,344,496,260,251,282,503,232,910,0,0,0,0,0,0,0,0,0,0,0,0,0,0,0,0,5109,0,0,0,0,0,0,0,0
2021-01-02T23:59:59+01:00,1,0,66,21,166,188,194,319,252,621,341,496,260,251,282,503,232,909,0,0,0,0,0,0,0,0,0,0,0,0,0,0,0,0,5102,0,0,0,0,0,0,0,0
2021-01-01T23:59:59+01:00,1,0,65,21,165,188,194,318,251,621,339,494,260,251,282,502,232,909,0,0,0,0,0,0,0,0,0,0,0,0,0,0,0,0,5093,0,0,0,0,0,0,0,0
2020-12-31T23:59:59+01:00,1,0,65,21,165,186,194,317,250,620,338,493,260,251,282,502,232,909,0,0,0,0,0,0,0,0,0,0,0,0,0,0,0,0,5086,0,0,0,0,0,0,0,0
2020-12-30T23:59:59+01:00,1,0,64,21,165,185,192,314,250,618,338,491,260,251,282,502,231,909,0,0,0,0,0,0,0,0,0,0,0,0,0,0,0,0,5074,0,0,0,0,0,0,0,0
2020-12-29T23:59:59+01:00,1,0,45,12,117,140,143,212,182,443,238,377,179,164,194,373,170,709,0,0,0,0,0,0,0,0,0,0,0,0,0,0,0,0,3699,0,0,0,0,0,0,0,0
2020-12-28T23:59:59+01:00,1,0,24,8,64,77,80,122,101,252,118,232,98,93,103,200,103,388,0,0,0,0,0,0,0,0,0,0,0,0,0,0,0,0,2064,0,0,0,0,0,0,0,0
2020-12-27T23:59:59+01:00,0,0,11,3,17,26,36,47,36,89,37,94,32,29,40,73,32,145,0,0,0,0,0,0,0,0,0,0,0,0,0,0,0,0,747,0,0,0,0,0,0,0,0
