Datum,<15_m,<15_w,15-24_1_m,15-24_1_w,25-34_1_m,25-34_1_w,35-44_1_m,35-44_1_w,45-54_1_m,45-54_1_w,55-64_1_m,55-64_1_w,65-74_1_m,65-74_1_w,75-84_1_m,75-84_1_w,>84_1_m,>84_1_w,<24_2_m,<24_2_w,25-34_2_m,25-34_2_w,35-44_2_m,35-44_2_w,45-54_2_m,45-54_2_w,55-64_2_m,55-64_2_w,65-74_2_m,65-74_2_w,75-84_2_m,75-84_2_w,>84_2_m,>84_2_w,bp_1,bp_2,mo_1,mo_2,az_1,az_2,ja,unb_1,unb_2
2021-09-28T23:59:59+02:00,41650,39160,289386,278138,393957,363669,407546,400499,469912,478575,520034,520520,353229,394181,246784,316360,72641,133203,260484,249861,368703,335677,385361,374013,447530,452726,499490,499425,342384,381762,239469,306179,69722,127164,4080125,3830200,525117,501888,808004,763610,307271,514,450
2021-09-27T23:59:59+02:00,41244,38792,288549,277329,393212,362988,407019,399935,469452,478071,519650,520204,353078,393991,246699,316247,72614,133108,259514,248976,367904,334897,384736,373375,447010,452205,499110,499084,342208,381541,239383,306056,69701,127105,4074628,3824256,524971,501747,807997,763505,305654,514,449
2021-09-26T23:59:59+02:00,40872,38487,287988,276806,392724,362559,406680,399592,469164,477782,519441,520017,352968,393891,246655,316173,72592,133060,259021,248523,367479,334509,384405,373017,446726,451915,498908,498903,342118,381452,239326,305982,69685,127068,4070962,3821362,524831,501600,807973,763392,304753,514,449
2021-09-25T23:59:59+02:00,40819,38427,287821,276639,392573,362440,406565,399506,469075,477700,519381,519976,352957,393870,246644,316157,72589,133055,258864,248374,367338,334387,384291,372923,446660,451820,498848,498873,342099,381430,239316,305969,69685,127066,4070197,3820677,524758,501542,807971,763361,304336,514,449
2021-09-24T23:59:59+02:00,40622,38215,287193,275995,391930,361875,406042,399027,468627,477295,519083,519734,352854,393786,246593,316095,72582,133028,258212,247698,366736,333858,383849,372485,446249,451465,498528,498628,341986,381325,239272,305915,69673,127042,4066434,3817016,524613,501442,807961,763291,302633,514,449
2021-09-23T23:59:59+02:00,39999,37551,285514,274357,390486,360546,404879,397841,467595,476342,518352,519054,352559,393511,246457,315876,72538,132917,256936,246629,365616,332895,382939,371669,445463,450752,497947,498128,341759,381092,239161,305762,69645,126963,4056674,3811056,524207,501169,807950,763191,298601,513,449
2021-09-22T23:59:59+02:00,39666,37237,284514,273389,389640,359703,404137,397077,466932,475739,517821,518612,352332,393243,246346,315675,72489,132834,256163,245887,364879,332215,382310,371079,444952,450230,497486,497785,341558,380887,239059,305624,69612,126900,4049858,3805997,523992,501003,807927,763076,296665,513,449
2021-09-21T23:59:59+02:00,39255,36756,283442,272316,388686,358805,403390,396331,466319,475156,517373,518183,352105,392979,246243,315494,72437,132722,255316,245043,364127,331504,381678,370482,444462,449746,497075,497386,341363,380682,238950,305461,69578,126818,4042331,3800426,523838,500808,807917,762998,294960,513,449
2021-09-20T23:59:59+02:00,38904,36481,282310,271253,387649,357881,402569,395531,465621,474548,516883,517727,351858,392753,246130,315306,72390,132616,254201,244067,363148,330673,380899,369724,443740,449172,496618,496945,341141,380468,238845,305272,69542,126742,4035318,3793983,523700,500634,807903,762813,292540,513,448
2021-09-19T23:59:59+02:00,38745,36349,281724,270853,387080,357394,402169,395136,465279,474236,516619,517498,351770,392629,246091,315226,72377,132578,253694,243641,362660,330259,380482,369393,443376,448834,496339,496727,341036,380341,238786,305186,69531,126711,4032006,3791213,523568,500456,807881,762519,291348,513,448
2021-09-18T23:59:59+02:00,38693,36279,281569,270696,386885,357234,401994,394997,465170,474123,516554,517439,351754,392616,246083,315217,72375,132574,253382,243296,362411,330008,380246,369204,443214,448702,496247,496639,341006,380315,238767,305166,69528,126702,4031079,3789348,523455,500375,807878,762506,290888,513,448
2021-09-17T23:59:59+02:00,38364,35915,280675,269876,386098,356480,401268,394345,464561,473601,516176,517083,351609,392474,246022,315150,72351,132543,252642,242625,361732,329415,379663,368718,442756,448300,495914,496354,340888,380181,238717,305087,69515,126681,4025773,3785621,523124,499978,807868,762475,288870,512,448
2021-09-16T23:59:59+02:00,37799,35331,279103,268338,384756,355035,400080,393037,463553,472626,515409,516392,351293,392149,245896,314965,72305,132451,251505,241623,360783,328498,378849,367870,442091,447615,495402,495914,340663,379960,238618,304959,69485,126618,4014989,3779084,522393,499581,807814,762330,286364,512,448
2021-09-15T23:59:59+02:00,37423,35023,277991,267254,383863,354059,399234,392186,462878,471946,514878,515877,351067,391864,245722,314787,72266,132332,250654,240818,360006,327709,378170,367199,441530,447099,494898,495476,340452,379724,238481,304810,69460,126545,4007495,3773457,522108,499353,807801,762257,284285,512,448
2021-09-14T23:59:59+02:00,37112,34719,277029,266307,382932,353208,398509,391424,462280,471299,514360,515432,350830,391627,245590,314614,72221,132258,249878,240026,359282,327045,377565,366601,440989,446589,494480,495098,340258,379511,238372,304663,69437,126490,4000753,3768371,521781,499130,807771,762111,282484,511,448
2021-09-13T23:59:59+02:00,36732,34328,275803,265051,381994,352179,397741,390548,461585,470584,513842,514935,350606,391377,245468,314464,72183,132187,248758,238979,358470,326265,376969,365951,440431,446066,494023,494720,340064,379287,238272,304516,69406,126437,3992624,3761475,521071,498844,807738,762016,281211,510,448
2021-09-12T23:59:59+02:00,36593,34199,275240,264616,381530,351739,397360,390127,461263,470284,513631,514721,350502,391269,245421,314388,72172,132153,248233,238573,357972,325822,376604,365603,440131,445779,493775,494501,339941,379157,238213,304428,69390,126393,3989484,3758473,520908,498656,807702,761892,280149,510,448
2021-09-11T23:59:59+02:00,36516,34151,275049,264410,381306,351552,397202,389972,461131,470161,513562,514663,350472,391239,245412,314372,72170,132150,247953,238391,357750,325664,376456,365463,439984,445663,493710,494447,339918,379130,238205,304415,69390,126389,3988454,3757391,520820,498526,807700,761871,279550,510,448
2021-09-10T23:59:59+02:00,36195,33830,273983,263426,380363,350662,396335,389173,460339,469493,513009,514216,350271,391042,245324,314259,72152,132121,247050,237691,356928,324930,375674,364839,439294,445146,493222,494068,339757,378974,238124,304311,69368,126358,3983230,3753958,520681,498314,807694,761848,275618,510,448
2021-09-09T23:59:59+02:00,35776,33399,272712,262308,379333,349520,395426,388159,459555,468642,512432,513711,350035,390763,245195,314103,72115,132058,245990,236734,356019,324067,374869,364036,438606,444542,492635,493623,339542,378746,238002,304169,69337,126303,3975302,3747898,520378,497916,807654,761701,272942,502,446
2021-09-08T23:59:59+02:00,35379,33003,271763,261333,378556,348681,394737,387380,458940,468049,511995,513250,349826,390520,245089,313930,72086,132000,245069,235883,355217,323341,374190,363318,438012,443985,492187,493165,339343,378500,237881,304002,69303,126211,3968915,3742225,520156,497601,807603,761569,270871,502,446
2021-09-07T23:59:59+02:00,35011,32673,270750,260415,377733,347907,394095,386714,458413,467532,511551,512856,349635,390308,244992,313763,72053,131931,244196,235103,354416,322664,373547,362761,437510,443483,491743,492777,339136,378288,237792,303864,69276,126159,3962880,3737262,519918,497264,807590,761392,268970,502,446
2021-09-06T23:59:59+02:00,34614,32266,269639,259323,376806,346968,393421,385947,457825,466908,511115,512426,349417,390065,244905,313644,72024,131862,243430,234351,353684,322013,372935,362177,437053,442982,491331,492397,338925,378082,237708,303731,69247,126103,3955742,3732456,519781,497023,807546,761268,267130,502,446
2021-09-05T23:59:59+02:00,34464,32120,269239,258916,376507,346632,393135,385638,457591,466668,510940,512247,349344,389971,244863,313582,72008,131834,243002,233960,353291,321633,372587,361870,436796,442736,491134,492192,338824,377963,237663,303667,69230,126070,3953186,3729841,519682,496748,807518,761134,266337,502,446
2021-09-04T23:59:59+02:00,34407,32083,269082,258790,376390,346506,393011,385536,457517,466586,510889,512201,349333,389953,244857,313570,72008,131833,242841,233818,353133,321472,372442,361753,436705,442635,491069,492144,338802,377943,237655,303655,69230,126069,3952505,3729066,519626,496614,807513,761111,265931,502,446
2021-09-03T23:59:59+02:00,34090,31770,268195,257987,375654,345850,392428,384952,456946,466107,510428,511864,349164,389775,244792,313464,71985,131801,241829,232963,352342,320758,371771,361106,436056,442048,490579,491728,338605,377746,237568,303546,69210,126042,3948177,3724789,518932,495082,807483,761038,263682,502,446
2021-09-02T23:59:59+02:00,33733,31440,267156,257115,374802,345027,391705,384213,456266,465482,509900,511440,348901,389527,244670,313288,71959,131723,240813,232167,351458,319988,371038,360403,435342,441422,490017,491268,338357,377484,237460,303393,69183,125966,3942310,3719618,518649,494602,807447,760716,260958,502,446
2021-09-01T23:59:59+02:00,33408,31075,266312,256277,374054,344359,391169,383668,455796,465000,509519,511099,348723,389334,244582,313171,71935,131663,239730,231118,350605,319143,370357,359710,434731,440820,489497,490786,338126,377219,237328,303236,69155,125912,3936869,3712856,518469,494066,807415,760499,259406,502,442
2021-08-31T23:59:59+02:00,33012,30735,265450,255377,373329,343650,390605,383089,455292,464519,509074,510733,348532,389143,244486,313024,71904,131620,238780,230235,349803,318400,369698,359078,434177,440314,488977,490388,337922,377007,237237,303087,69121,125856,3931390,3707564,518280,493679,807389,760085,257528,501,442
2021-08-30T23:59:59+02:00,32465,30248,264148,254197,372335,342741,389791,382279,454538,463809,508511,510239,348304,388928,244393,312870,71868,131551,237624,229258,348807,317508,368913,358338,433481,439736,488418,489878,337665,376765,237111,302906,69081,125779,3923924,3701547,518164,493237,807344,759833,254791,501,442
2021-08-29T23:59:59+02:00,32279,30060,263582,253692,371863,342329,389412,381944,454243,463520,508282,510018,348207,388819,244344,312805,71858,131527,236908,228625,348202,316967,368418,357871,433056,439361,488109,489619,337521,376611,237051,302831,69063,125754,3920857,3697683,518047,492839,807316,759575,253570,501,442
2021-08-28T23:59:59+02:00,32190,29967,263357,253514,371691,342176,389255,381822,454118,463401,508208,509967,348183,388796,244333,312794,71857,131524,236591,228368,347953,316775,368196,357707,432874,439196,487981,489526,337479,376569,237031,302806,69061,125750,3919829,3696109,518007,492723,807310,759549,253013,501,442
2021-08-27T23:59:59+02:00,31961,29718,262709,252949,371177,341661,388784,381373,453666,463006,507838,509684,348053,388663,244274,312707,71838,131502,235988,227870,347343,316275,367720,357280,432425,438844,487677,489277,337344,376451,236977,302740,69050,125743,3916032,3692897,517939,492509,807255,759488,251341,501,442
2021-08-26T23:59:59+02:00,31581,29333,261701,251972,370331,340848,388035,380633,452983,462328,507290,509201,347820,388403,244153,312589,71810,131442,234516,226512,346119,315090,366608,356288,431555,438043,487009,488702,337061,376134,236814,302572,69020,125698,3909861,3684582,517695,491865,807214,759130,248679,501,441
2021-08-25T23:59:59+02:00,31221,29001,260778,251116,369586,340075,387380,379939,452347,461740,506736,508745,347583,388148,244027,312427,71775,131375,232474,224651,344642,313687,365426,355092,430557,437078,486206,487976,336675,375742,236659,302334,68975,125609,3904170,3672612,517566,491458,807186,758979,246073,499,437
2021-08-24T23:59:59+02:00,30904,28736,260046,250337,368981,339443,386841,379365,451865,461229,506324,508371,347374,387922,243911,312262,71749,131302,231263,223591,343680,312768,364644,354341,429884,436425,485645,487424,336396,375429,236524,302172,68950,125544,3899236,3665427,517280,491012,807166,758675,244274,499,433
2021-08-23T23:59:59+02:00,30383,28211,258661,249022,367955,338531,386011,378578,451084,460547,505676,507804,347092,387642,243772,312074,71722,131243,229784,222280,342370,311705,363695,353490,429023,435671,484941,486855,336090,375097,236386,301983,68924,125484,3891822,3658040,517135,490534,807132,758393,240910,499,432
2021-08-22T23:59:59+02:00,30242,28097,258256,248655,367605,338202,385737,378312,450849,460304,505490,507656,346996,387546,243731,312015,71705,131217,229065,221604,341687,311049,363159,352987,428583,435266,484622,486589,335927,374915,236318,301876,68900,125436,3889618,3653645,516988,490073,807093,758093,239905,499,430
2021-08-21T23:59:59+02:00,29991,27892,257758,248194,367288,337881,385481,378055,450644,460129,505342,507517,346941,387490,243709,311977,71702,131208,228323,220953,341202,310651,362758,352576,428218,434961,484393,486393,335843,374847,236291,301833,68894,125424,3887074,3650677,516844,488868,807086,758037,239184,499,430
2021-08-20T23:59:59+02:00,29798,27695,257099,247536,366548,337260,384806,377529,450051,459634,504868,507197,346798,387332,243654,311880,71686,131173,226519,219341,339797,309461,361641,351623,427261,434163,483675,485844,335600,374598,236189,301713,68869,125394,3883617,3642442,516521,487715,807073,757671,236320,499,430
2021-08-19T23:59:59+02:00,29467,27382,256120,246696,365557,336478,384023,376842,449336,459000,504311,506713,346559,387071,243546,311733,71652,131100,223760,216908,337493,307630,359942,350150,425859,432896,482521,484885,335180,374172,235997,301466,68835,125324,3878145,3628099,516155,485951,807033,757200,233234,499,429
2021-08-18T23:59:59+02:00,29181,27121,255324,245991,364860,335864,383448,376276,448737,458503,503838,506303,346287,386831,243427,311584,71620,131034,221288,214390,335441,305870,358300,348500,424337,431568,481373,483844,334656,373615,235763,301166,68783,125229,3873050,3614835,515978,482006,807003,756821,231177,499,429
2021-08-17T23:59:59+02:00,28862,26845,254541,245274,364244,335184,382888,375728,448251,458019,503409,505883,346086,386621,243310,311454,71593,130982,218539,211643,333369,304043,356612,347039,422904,430294,480250,482852,334162,373073,235527,300872,68729,125152,3868032,3599780,515677,479231,806977,756391,229465,499,428
2021-08-16T23:59:59+02:00,28575,26582,253845,244627,363671,334627,382425,375266,447812,457577,502987,505518,345900,386413,243211,311290,71562,130942,215373,208573,331077,301932,355093,345594,421698,429161,479299,482011,333770,372626,235338,300596,68689,125064,3863617,3582404,515521,478506,806951,756042,227717,499,426
2021-08-15T23:59:59+02:00,28379,26419,253352,244186,363245,334238,382065,374929,447516,457320,502746,505325,345785,386295,243162,311210,71551,130921,211367,204517,329183,300316,353833,344376,420676,428226,478516,481353,333437,372290,235215,300419,68665,125014,3860781,3564805,515379,477595,806912,755718,226548,499,425
2021-08-14T23:59:59+02:00,28313,26362,253108,243988,363013,334063,381892,374780,447360,457191,502628,505218,345736,386263,243144,311187,71548,130916,210296,203413,328362,299555,353117,343698,420182,427767,478126,481031,333297,372161,235177,300362,68656,124997,3859616,3558113,515308,477226,806908,755642,225854,499,425
2021-08-13T23:59:59+02:00,28059,26120,252403,243399,362512,333636,381456,374347,446925,456830,502290,504961,345607,386113,243079,311112,71536,130888,208410,201629,326936,298240,351852,342507,419131,426830,477376,480391,333053,371871,235064,300220,68638,124944,3855804,3546178,515237,476625,806898,755451,224313,495,425
2021-08-12T23:59:59+02:00,27860,25894,251680,242764,361892,333050,380928,373863,446390,456385,501869,504603,345424,385914,242977,311007,71522,130840,205815,199360,324055,295705,349841,340709,417622,425581,476141,479324,332598,371332,234814,299943,68598,124860,3851852,3528772,515050,475419,806861,754425,222075,495,423
2021-08-11T23:59:59+02:00,27627,25648,250948,242077,361269,332472,380403,373387,445929,455962,501462,504174,345198,385673,242861,310872,71494,130785,202775,196379,320874,292766,347668,338640,416122,424174,474856,478033,332055,370689,234565,299535,68547,124731,3847026,3506917,514832,474348,806821,753487,220540,493,422
2021-08-10T23:59:59+02:00,27381,25391,250116,241342,360555,331926,379863,372839,445429,455486,501007,503776,345002,385476,242775,310734,71471,130741,198574,192250,316208,288560,344682,335863,414005,422228,473258,476574,331368,370017,234266,299125,68490,124612,3841930,3476786,514550,473236,806786,752338,219020,493,422
2021-08-09T23:59:59+02:00,27185,25190,249490,240772,359976,331444,379420,372458,445017,455141,500661,503493,344842,385327,242709,310623,71451,130705,194032,187650,310494,283810,341922,333368,412088,420455,471638,475107,330720,369328,233986,298754,68431,124476,3838227,3446401,514372,470454,806755,751241,217525,493,418
2021-08-08T23:59:59+02:00,27015,25032,249009,240362,359582,331092,379072,372172,444717,454886,500420,503300,344736,385220,242646,310543,71434,130672,192684,186282,308868,282474,340611,332207,411213,419698,471073,474591,330460,369060,233857,298584,68406,124426,3835669,3437285,514216,469095,806704,750763,216293,493,418
2021-08-07T23:59:59+02:00,26865,24856,248479,239912,359183,330754,378736,371889,444424,454650,500194,503127,344664,385126,242612,310494,71426,130661,189007,182691,306823,280623,338893,330683,409880,418433,470147,473797,330104,368687,233726,298394,68372,124389,3832811,3417660,514109,467761,806694,750549,215410,493,415
2021-08-06T23:59:59+02:00,26640,24622,247608,239249,358398,330144,378062,371310,443768,454124,499657,502737,344431,384920,242513,310377,71415,130639,185272,179136,303358,277816,336772,328847,408276,417092,468847,472833,329723,368301,233566,298238,68348,124341,3830233,3398357,512746,466033,806682,749450,211925,493,413
2021-08-05T23:59:59+02:00,26318,24299,246432,238314,357499,329266,377239,370580,443028,453445,498988,502197,344147,384619,242397,310202,71374,130576,180794,175189,297969,273413,332655,325284,405469,414600,466592,471046,329053,367595,233301,297866,68287,124230,3823871,3370427,512482,461323,806618,745740,208915,493,412
2021-08-04T23:59:59+02:00,25944,23957,245281,237322,356501,328354,376462,369865,442397,452841,498416,501668,343872,384351,242276,310029,71346,130505,177312,171886,294203,270282,328244,321376,403214,412507,464883,469492,328356,366895,233026,297511,68228,124128,3817354,3343256,512139,459555,806583,743988,206273,489,411
2021-08-03T23:59:59+02:00,25480,23535,243915,236135,355589,327514,375750,369169,441737,452178,497818,501133,343578,384052,242147,309851,71302,130437,173828,168441,290101,266643,323132,316768,400467,409946,462541,467388,327511,366028,232675,297039,68159,123989,3809377,3311140,511978,457678,806541,741916,204385,489,411
2021-08-02T23:59:59+02:00,25163,23228,242863,235171,354741,326755,375049,368569,441168,451634,497293,500685,343315,383779,242029,309696,71276,130378,170190,164847,285404,262677,317257,311812,397716,407389,460303,465394,326739,365194,232378,296639,68095,123871,3803020,3277662,511729,455702,806484,739383,202519,488,409
2021-08-01T23:59:59+02:00,25008,23037,242233,234564,354144,326244,374607,368177,440734,451313,496949,500406,343177,383614,241953,309580,71262,130352,168638,163395,282917,260678,312625,308094,395858,405814,458824,464147,326307,364708,232207,296421,68066,123812,3799341,3259756,511426,453558,806392,736938,201151,487,406
2021-07-31T23:59:59+02:00,24899,22932,241891,234245,353862,326017,374367,368008,440545,451160,496841,500307,343144,383575,241933,309567,71261,130346,164862,159550,280092,258131,310534,306096,394460,404531,457677,463158,325988,364332,232073,296247,68040,123766,3797729,3236824,511236,452620,806386,736145,200504,487,406
2021-07-30T23:59:59+02:00,24609,22672,241092,233528,353287,325486,373876,367543,440082,450757,496480,500016,343006,383434,241888,309488,71248,130330,161114,155782,276693,255015,307507,303274,392228,402416,455827,461569,325478,363798,231863,295954,68007,123707,3793643,3211724,510868,451415,806369,732945,198895,486,405
2021-07-29T23:59:59+02:00,24262,22331,239553,232254,352121,324407,372905,366632,439227,449965,495665,499391,342672,383121,241751,309305,71211,130264,156257,151299,271309,250836,301595,298490,387870,398920,452769,459157,324645,362952,231550,295543,67945,123608,3786056,3177786,510188,446555,806285,727837,195456,485,405
2021-07-28T23:59:59+02:00,23962,22044,238399,231214,351233,323565,372149,365938,438588,449296,495098,498899,342419,382821,241616,309120,71176,130191,152494,147649,266809,247170,297157,294534,384602,396061,450678,457305,323984,362191,231280,295158,67881,123483,3779295,3147035,509647,444631,806206,725194,193529,484,402
2021-07-27T23:59:59+02:00,23690,21817,237389,230236,350388,322823,371445,365345,438001,448680,494571,498440,342175,382517,241482,308926,71141,130092,147466,142520,260881,242029,291852,289767,380582,392361,447493,454488,322996,361085,230913,294651,67790,123324,3772992,3105414,509089,442306,806148,721450,191879,483,400
2021-07-26T23:59:59+02:00,23458,21578,236414,229255,349595,322119,370837,364792,437444,448190,494120,498068,341944,382276,241353,308768,71117,130034,143118,138124,255328,237238,286680,285290,376108,388403,443973,451462,322043,360121,230581,294172,67715,123187,3767302,3065977,508456,440050,806068,717097,190482,481,400
2021-07-25T23:59:59+02:00,23099,21277,235073,228100,348649,321352,370157,364130,436864,447648,493661,497663,341745,382062,241263,308639,71096,129970,141272,136365,252644,235020,284171,283190,373971,386625,441888,449670,321529,359607,230378,293942,67690,123110,3760227,3050962,508079,437862,806000,712741,189083,481,400
2021-07-24T23:59:59+02:00,22850,21079,234142,227239,347924,320700,369580,363607,436338,447210,493299,497385,341629,381964,241219,308577,71093,129959,138374,133564,249909,232695,281604,280973,371710,384765,440649,448682,321179,359269,230233,293763,67671,123076,3756205,3032602,507311,434846,805984,712400,187232,481,400
2021-07-23T23:59:59+02:00,22433,20692,232636,225895,346598,319759,368533,362740,435457,446421,492600,496852,341394,381692,241130,308464,71072,129923,132888,128715,244536,228387,277125,277183,368018,381565,437993,446481,320479,358548,229979,293451,67617,122995,3748729,2997045,506840,433073,805928,710263,183723,481,400
2021-07-22T23:59:59+02:00,21928,20216,230530,223919,344845,318215,367023,361449,434136,445273,491616,495951,340960,381241,240952,308215,71028,129841,128540,124654,238531,223872,270735,272111,361119,376060,432530,441966,319295,357288,229540,292922,67523,122841,3736271,2954938,505252,427085,805798,703940,180937,480,399
2021-07-21T23:59:59+02:00,21420,19698,228642,222096,343144,316683,365400,359873,432558,443882,490389,494779,340407,380719,240703,307929,70974,129746,124774,121084,233068,219629,265200,267583,352981,369122,427918,438222,318175,356138,229077,292355,67442,122661,3725251,2919398,501489,416195,805573,699155,177644,480,398
2021-07-20T23:59:59+02:00,21118,19419,227171,220620,341905,315513,364432,358997,431692,443086,489667,494128,340064,380347,240555,307706,70946,129657,120438,116844,226718,214454,259367,262402,345864,363014,423220,433911,317081,354884,228663,291770,67345,122478,3715904,2875609,501084,408972,805441,694766,175505,480,397
2021-07-19T23:59:59+02:00,20804,19122,225435,218924,340587,314256,363397,358020,430878,442306,488994,493509,339768,379985,240404,307473,70901,129560,117682,114242,222333,210862,254746,258447,342146,359841,420598,431732,316354,354155,228363,291378,67270,122354,3705308,2850552,500660,403590,805347,690439,173916,480,397
2021-07-18T23:59:59+02:00,20650,18990,224140,217652,338969,312822,362327,357091,430058,441584,488455,492966,339533,379699,240275,307293,70879,129498,116182,112852,219673,208680,252389,256347,339894,357991,418561,430039,315863,353668,228202,291160,67249,122287,3695857,2838258,500121,399313,805271,686737,172537,480,396
2021-07-17T23:59:59+02:00,20254,18568,222985,216593,338389,312281,361736,356576,429539,441133,488042,492676,339428,379582,240233,307238,70876,129487,114109,110751,217213,206377,249923,254151,337469,355850,417113,428776,315528,353277,228067,290992,67225,122247,3690281,2820744,499917,396591,805254,685951,171068,477,396
2021-07-16T23:59:59+02:00,19711,18054,220436,214442,336646,310980,360228,355283,428070,439924,486942,491811,339022,379211,240061,307079,70851,129450,110992,107951,212443,202445,245384,250513,333167,352151,413764,426051,314607,352347,227717,290575,67171,122165,3680057,2793045,499159,394233,805092,682138,164792,476,395
2021-07-15T23:59:59+02:00,19069,17427,217654,212014,334736,309275,358637,353841,426730,438735,485998,490958,338622,378783,239858,306822,70809,129345,107081,104728,204069,196196,237887,244906,326556,346907,406685,419598,312866,350531,227167,289904,67099,121966,3664991,2746427,498560,385789,804974,674714,161658,475,395
2021-07-14T23:59:59+02:00,18223,16701,215205,209684,333026,307736,357226,352495,425503,437531,484963,489997,338164,378322,239617,306510,70755,129256,103469,101390,197592,191028,232169,240232,322258,343429,402509,415968,311553,349217,226757,289345,67016,121812,3650021,2712781,497970,380252,804843,667905,158946,474,392
2021-07-13T23:59:59+02:00,17571,16043,213015,207656,331418,306360,355886,351265,424325,436437,484000,489135,337723,377847,239414,306263,70720,129163,99708,97847,191103,185623,225025,234166,315577,337364,394109,408106,309754,347289,226151,288553,66903,121611,3636157,2669949,497411,367574,804681,658429,156854,472,388
2021-07-12T23:59:59+02:00,16551,15108,209730,204471,329355,304624,354305,349795,423080,435231,483016,488230,337306,377374,239234,306033,70681,129086,96610,95123,185818,181320,218043,228486,308740,331326,389006,403825,308023,345420,225558,287819,66804,121441,3617658,2631627,496853,360430,804501,650009,155054,471,387
2021-07-11T23:59:59+02:00,16042,14634,208371,203195,328610,303906,353644,349165,422515,434725,482568,487886,337115,377170,239174,305927,70659,129046,95189,93834,183039,179012,215046,226194,306050,329169,386177,401436,305550,342795,225177,287348,66749,121343,3611407,2616632,496213,358440,804372,639512,153220,466,385
2021-07-10T23:59:59+02:00,15567,14174,206524,201412,327144,302642,352504,348186,421786,434127,482092,487487,336945,377005,239108,305841,70649,129026,93888,92560,180505,176894,212010,223709,303525,327007,385011,400399,304902,342126,224997,287159,66733,121316,3602806,2599815,495574,358209,804136,637762,150557,465,385
2021-07-09T23:59:59+02:00,15243,13894,204620,199569,325536,301183,351433,347222,420881,433414,481520,487009,336738,376781,239011,305719,70634,128992,91096,89832,176972,173665,207662,219554,298501,322402,381566,397416,303805,340894,224691,286792,66696,121252,3593646,2570801,494709,356144,803940,630163,147952,464,385
2021-07-08T23:59:59+02:00,14776,13466,201122,196578,322220,298507,349054,345232,419169,431958,480081,485939,336299,376338,238831,305469,70589,128915,86790,86063,169720,168001,199524,213151,291123,316283,374610,391199,301081,337966,223909,285854,66579,120992,3578270,2524566,490659,347475,803417,619800,143018,463,385
2021-07-07T23:59:59+02:00,14275,13012,197379,192718,319050,295650,346735,343187,417610,430485,478879,484837,335821,375773,238641,305197,70551,128809,83107,82612,162416,162284,190472,205969,283135,309717,367562,384374,297766,334349,222999,284753,66439,120745,3556979,2476558,489292,334037,803031,609800,140080,460,382
2021-07-06T23:59:59+02:00,13816,12640,193942,189339,315794,292916,344259,340900,415895,428921,477608,483699,335319,375217,238443,304905,70498,128724,79533,79033,155738,156771,183058,199760,274190,301762,361071,378284,294568,331101,222114,283661,66330,120516,3537114,2424026,486223,327056,802612,600280,137654,457,382
2021-07-05T23:59:59+02:00,13419,12303,189552,185089,311743,289575,341747,338564,414215,427373,476464,482627,334846,374699,238265,304660,70465,128638,76468,76204,150618,152682,178292,195631,267272,295494,354963,372744,291292,327655,221226,282543,66221,120347,3514257,2384952,485064,322559,802116,589924,133568,454,379
2021-07-04T23:59:59+02:00,13241,12145,185708,181216,309104,287547,340431,337492,413331,426594,475884,482136,334620,374444,238175,304533,70439,128584,74280,74333,147516,150115,175960,193586,264823,293431,351848,370535,287985,324260,220641,281873,66165,120227,3502007,2371163,483771,320255,801547,578387,129056,454,378
2021-07-03T23:59:59+02:00,12046,11089,179273,175216,304839,284087,338096,335321,411513,424786,474669,481079,334221,373998,238000,304285,70415,128541,72499,72755,145091,148235,173522,191504,261758,290703,349567,368679,286231,322276,220373,281511,66133,120178,3475624,2355432,482365,320055,801364,573895,122864,454,378
2021-07-02T23:59:59+02:00,10948,9997,175561,171758,302423,281887,336350,333617,410262,423595,473893,480389,333960,373685,237886,304103,70387,128493,69803,70072,141167,144946,169086,187461,255703,285255,344346,363973,282979,318548,219732,280740,66084,120094,3457529,2322223,480886,317267,801178,561316,120339,452,359
2021-07-01T23:59:59+02:00,9853,9068,171892,168314,298382,278597,333855,331345,408466,422016,472795,479429,333540,373223,237685,303831,70341,128414,64920,65354,134848,139613,161799,180948,245446,276394,333546,354185,278192,313275,217879,278485,65905,119782,3434979,2265872,478787,304917,800830,543592,117185,452,355
2021-06-30T23:59:59+02:00,9364,8674,168622,165235,292758,273972,330183,328008,406695,420473,471769,478461,333117,372740,237494,303531,70307,128325,61790,62507,129207,134935,155156,174952,235401,267248,320143,340907,272979,307730,215988,276164,65737,119460,3409870,2210858,476621,292102,800537,524755,113427,451,354
2021-06-29T23:59:59+02:00,8828,8152,164825,161459,288217,269711,326614,324714,404595,418396,470224,477051,332527,372101,237241,303176,70252,128216,59001,59510,124263,130523,149136,169426,223554,256556,311588,332544,266516,300539,214016,273704,65534,119114,3382359,2151616,474624,287441,800212,507348,109820,450,350
2021-06-28T23:59:59+02:00,8423,7772,161501,158000,283184,265393,323308,321866,402452,416470,468736,475741,332006,371490,237008,302866,70208,128122,56729,57164,120360,127012,144791,165344,214327,248143,305800,327139,261570,295243,212252,271469,65387,118848,3358435,2115898,470651,278826,799552,490827,106611,450,347
2021-06-27T23:59:59+02:00,8275,7649,159995,156474,281081,263583,321501,320329,400753,415110,467838,475025,331714,371197,236905,302703,70189,128073,55533,56056,118239,125300,142225,163218,210217,244756,302435,324280,257760,291238,209792,268558,65276,118654,3348417,2100441,468573,275336,798502,474688,103606,449,347
2021-06-26T23:59:59+02:00,7121,6551,156726,153137,278976,261702,319086,318090,399563,413955,467139,474324,331445,370915,236798,302545,70165,128043,54987,55467,116902,124147,140799,161981,207971,242752,299905,321869,256222,289578,209459,268149,65249,118584,3329284,2083642,465751,275248,798496,472189,103472,421,326
2021-06-25T23:59:59+02:00,5899,5435,152415,148854,275584,258744,317029,316129,398254,412709,466137,473499,331156,370580,236670,302389,70137,127993,53699,53844,114427,121449,136716,157410,199206,234302,294217,315997,254500,287459,208868,267347,65178,118467,3304322,2041141,464323,273556,798440,465610,103247,421,326
2021-06-24T23:59:59+02:00,5047,4648,147974,144721,270758,254801,312754,312348,396061,410835,464760,472363,330732,370114,236501,302151,70103,127906,51056,51250,109307,116732,129388,150765,187172,223851,282804,305768,249122,281619,207033,265003,64975,118067,3273137,1979100,462312,261788,798271,451857,101569,420,325
2021-06-23T23:59:59+02:00,4826,4442,144807,141607,267062,251646,307508,307546,393567,408487,463354,471044,330205,369493,236270,301839,70055,127799,49114,49167,105512,112820,123716,145089,177278,215186,270827,293775,244509,276804,205700,263305,64814,117708,3245578,1922777,458787,251924,798110,441161,99792,418,324
2021-06-22T23:59:59+02:00,4576,4213,141733,138477,263347,248267,301380,302113,390933,405927,461815,469564,329656,368884,236049,301485,70008,127692,47426,47428,101902,109519,118923,140509,164688,204042,259918,283476,240446,272335,203779,260896,64562,117235,3213523,1864426,456856,244210,797918,430204,98518,416,316
2021-06-21T23:59:59+02:00,4317,3968,138471,135534,258643,244368,296133,297243,387891,403056,460341,468212,329139,368323,235826,301170,69967,127580,46193,46199,99518,107302,116185,137804,158468,198270,253034,276832,235095,266501,199843,256375,64375,116858,3181795,1833432,454815,238693,797706,410426,96553,415,316
2021-06-20T23:59:59+02:00,4173,3851,136962,134025,254398,240881,293551,295004,386501,401743,459550,467465,328913,368039,235714,301038,69947,127518,45070,45278,97259,105511,113912,135817,155434,195732,248726,272762,232094,262970,198856,255123,64294,116732,3164331,1813091,453052,235142,797550,402562,95019,415,309
2021-06-19T23:59:59+02:00,3756,3501,134814,131924,251643,238556,291769,293357,384659,400174,458708,466735,328691,367787,235610,300899,69926,127486,44531,44630,95988,104250,112438,134353,153931,194294,245505,269742,231376,262123,198685,254860,64272,116679,3147977,1797130,450232,233562,797540,402282,94917,415,309
2021-06-18T23:59:59+02:00,2806,2588,131533,128782,248121,235509,287762,289948,382262,398049,457369,465574,328315,367386,235455,300663,69899,127437,43743,43716,94410,102471,110146,131683,150380,190262,238647,262459,229652,260118,198200,254222,64197,116545,3122175,1767822,445796,233031,797514,395579,94641,415,308
2021-06-17T23:59:59+02:00,2573,2365,127817,125499,242099,231070,282538,285557,377476,394058,455037,463733,327719,366663,235211,300308,69834,127323,41501,41891,90359,98997,105251,126935,142515,182589,227249,251071,224449,254184,196548,252066,63938,116126,3087366,1712143,442812,228888,797252,384680,90175,352,300
2021-06-16T23:59:59+02:00,2302,2131,124586,122094,237200,226726,277850,281293,372306,389565,452438,461590,326971,365860,234920,299895,69768,127209,39670,40295,86822,95970,100902,123112,134280,175246,215147,239160,218221,247077,194627,249739,63686,115638,3053825,1652364,437281,223283,796749,376587,87567,350,299
2021-06-15T23:59:59+02:00,1915,1799,119670,117224,231216,221579,272497,276308,367239,384936,449588,459174,326100,364880,234567,299382,69686,127024,38053,38684,83499,92926,96937,119059,127231,168874,202799,227134,212194,240292,192667,247309,63376,115068,3009099,1595100,435353,217440,796183,368916,84849,350,296
2021-06-14T23:59:59+02:00,1652,1524,115620,113068,225993,216670,267137,271337,361947,380188,446469,456579,325315,364021,234256,298993,69624,126904,37073,37795,81221,90832,94231,116541,123117,165126,196200,220634,209086,236785,191532,245839,63157,114679,2966965,1565514,433001,215166,795924,361264,82098,348,293
2021-06-13T23:59:59+02:00,1579,1439,114127,111693,223548,214565,264596,269079,359691,378233,445297,455553,325039,363716,234120,298822,69592,126830,36206,37059,79363,89158,92219,114719,120290,162517,192326,216928,205995,233349,190500,244471,62925,114267,2951982,1551509,430563,207891,795620,353040,80039,348,291
2021-06-12T23:59:59+02:00,1430,1302,111474,108946,221654,212836,263209,267804,358253,376831,444400,454784,324752,363407,234028,298719,69574,126802,35837,36655,78376,88063,90968,113421,118711,160957,188761,213627,204961,232221,189101,242816,62915,114235,2935800,1538353,429584,207882,795597,345662,79907,347,290
2021-06-11T23:59:59+02:00,1282,1166,108932,106429,218757,210215,259542,264612,355116,374097,442682,453310,324316,362956,233892,298511,69547,126747,35160,35541,76367,84690,88734,109888,114606,155814,182058,206176,202863,229850,188497,242046,62853,114136,2911373,1510836,426785,207185,795415,332220,79212,346,289
2021-06-10T23:59:59+02:00,1120,1009,104177,102021,212684,205450,252484,258788,349022,368798,438182,449535,323454,361985,233569,298063,69463,126594,33580,34055,72365,80513,83814,104386,107938,147600,169711,192528,196784,222953,186768,239903,62599,113732,2867726,1463678,419683,205442,794575,305207,75068,343,284
2021-06-09T23:59:59+02:00,972,881,100260,98309,206721,200714,245670,253078,342363,362847,434502,446508,322773,361235,233297,297681,69398,126462,32047,32797,69128,77866,80112,101217,103216,143316,158560,181765,186157,210949,184905,237658,62326,113237,2828697,1409611,411162,201462,794055,293931,70415,325,279
2021-06-08T23:59:59+02:00,790,700,95733,93769,200082,195149,238709,247067,334114,355569,429391,441831,321932,360226,232923,297192,69318,126326,30974,31939,66538,75566,76829,98492,98637,139399,150954,174267,177441,201228,183099,235408,62094,112871,2776706,1370383,405396,196544,793460,283071,65897,325,271
2021-06-07T23:59:59+02:00,631,559,92513,90671,194017,190445,232153,241825,326280,349397,426342,439379,321383,359592,232706,296864,69264,126230,30103,31091,64072,73605,73874,96331,94871,136459,142865,166465,173390,196602,181666,233593,61872,112488,2737694,1343243,399232,193241,792887,271946,61065,324,271
2021-06-06T23:59:59+02:00,593,523,90937,89355,190731,187891,228798,239050,321995,345993,424902,438296,321111,359295,232598,296705,69240,126183,29500,30535,62300,71920,71794,94317,91677,133393,137174,160668,170851,193969,180555,232191,61643,112108,2722262,1331384,391836,183542,792403,261501,58314,322,266
2021-06-05T23:59:59+02:00,512,443,88992,87337,185855,183673,226329,236917,320178,344371,423903,437381,320825,358976,232450,296537,69226,126151,29041,29777,61098,69964,70394,92167,90000,131118,132412,155332,167846,190297,180070,231533,61609,112042,2698763,1307748,391705,183074,792277,256090,57925,321,265
2021-06-04T23:59:59+02:00,412,358,86638,84808,182190,180060,222323,232969,316583,340731,421541,435186,320368,358438,232253,296308,69187,126089,28573,29103,59978,68309,69108,90083,88208,128497,129040,151671,163611,185526,179078,230267,61561,111954,2669504,1288888,387879,182300,792161,246013,57500,321,263
2021-06-03T23:59:59+02:00,319,284,83351,81738,176462,175393,215062,226872,308866,334030,413781,428327,319331,357250,231882,295854,69131,125955,27681,28090,58084,66115,66710,87335,84570,124381,122273,144996,157265,177914,177504,228238,61447,111718,2620549,1259657,377631,176971,791739,233267,54555,318,256
2021-06-02T23:59:59+02:00,269,225,81267,79570,172377,171664,211415,223714,305282,330678,411737,426493,318921,356792,231728,295646,69103,125904,27212,27611,56955,64997,65110,86057,82510,122437,117294,140111,149381,168943,176783,227283,61362,111548,2591755,1227422,376245,175000,791712,229648,53649,315,249
2021-06-01T23:59:59+02:00,170,158,77000,75741,164093,165092,202052,215978,296183,322795,403527,418656,317407,355176,231186,294905,68989,125674,25660,26195,52638,62039,60272,82767,77081,117928,109859,132894,138272,155522,174677,224548,61154,111124,2533029,1177230,364600,170889,790953,217870,46755,312,244
2021-05-31T23:59:59+02:00,148,141,74252,73256,158431,160765,194741,210003,288789,316408,397783,413685,316409,354061,230798,294379,68899,125504,24745,25133,50009,59815,57097,80234,73468,114647,105355,128448,134113,150598,173305,222829,60984,110792,2492577,1154785,355207,168522,790310,207474,40898,311,242
2021-05-30T23:59:59+02:00,137,133,73201,72189,155949,158729,192117,207649,286004,313893,395896,411940,316046,353649,230637,294141,68861,125423,24141,24345,48416,58086,55356,78377,71236,112081,102700,125581,131957,148070,172512,221894,60892,110581,2476752,1145003,352686,167211,789676,196102,38015,310,237
2021-05-29T23:59:59+02:00,134,131,72592,71597,154437,157329,189816,205619,284165,312307,395059,411170,315824,353405,230556,294062,68850,125404,23818,23818,47495,56590,54014,76500,69310,109237,100379,122781,129149,144644,171859,220987,60865,110529,2462865,1131373,352525,167144,789610,185572,37990,310,236
2021-05-28T23:59:59+02:00,130,128,71504,70482,152038,155069,186155,202076,280893,309172,393198,409402,315412,352900,230409,293848,68831,125347,23286,22815,45886,54465,52186,73938,67268,105289,96048,116888,124769,139586,170882,219675,60818,110415,2439037,1108717,351471,166930,789400,171059,37611,308,231
2021-05-27T23:59:59+02:00,119,119,68191,67465,145548,150131,177967,195818,274495,304012,386883,403716,314144,351445,229945,293316,68759,125164,21964,21133,42632,51415,48303,70127,62711,99277,89691,109375,120834,134962,168078,215971,60645,110100,2394430,1080259,343846,164194,787589,150979,31882,307,225
2021-05-26T23:59:59+02:00,115,116,66036,65289,140595,146049,171866,190752,267742,298341,380141,397019,312620,349832,229452,292614,68656,124951,21219,20216,40809,49277,45947,67395,59673,95485,85102,104258,115847,129238,164276,210633,60435,109672,2357124,1048303,330645,162615,785766,139513,29146,306,222
2021-05-25T23:59:59+02:00,114,109,64004,63296,136392,142560,166813,186459,260675,292061,374715,391629,311325,348413,229039,291965,68573,124773,20642,19551,39410,47762,44115,65379,57198,92481,81018,99881,110905,123538,158729,203372,60265,109365,2319528,1016720,323135,159194,783228,130281,27513,302,217
2021-05-24T23:59:59+02:00,112,107,62762,62084,133633,140453,163534,184046,253725,286071,369778,386946,310496,347493,228752,291577,68501,124643,20301,19143,38391,46690,42768,63894,55518,90471,78785,97369,109479,121882,158121,202580,60153,109163,2295788,1007355,312018,157890,781421,123597,25966,302,213
2021-05-23T23:59:59+02:00,107,106,62264,61568,132532,139557,162338,183013,252483,285050,368189,385518,309876,346835,228579,291349,68481,124607,20068,18956,37840,46133,42012,63194,54354,89474,77294,96004,108302,120482,157143,201360,60082,109021,2284284,999171,311430,154813,781378,121997,25838,302,210
2021-05-22T23:59:59+02:00,104,104,61569,60945,131035,138476,159959,181385,249510,282757,365709,383289,309344,346239,228402,291082,68455,124556,19748,18534,37222,45526,41371,62662,53698,88746,76522,94853,106751,118676,156370,200389,60055,108967,2266302,992471,311415,154809,781338,118569,24337,302,210
2021-05-21T23:59:59+02:00,100,100,60237,59505,128127,135881,156669,178062,244273,277990,359611,377603,308409,345144,228106,290684,68394,124448,19388,18168,36608,44760,40719,61609,52745,87354,74798,92551,103510,114724,155230,198938,59963,108792,2230216,979447,309774,154481,779763,111973,24053,298,208
2021-05-20T23:59:59+02:00,91,98,57188,56715,122387,131006,149735,171743,233962,269235,350576,369318,305869,342398,227338,289672,68262,124229,18092,17232,34435,42516,38265,58712,49926,83579,70869,88053,99385,110076,152764,195919,59782,108437,2172207,960135,303108,152530,773804,94315,21151,290,208
2021-05-19T23:59:59+02:00,90,96,54977,54525,117380,126327,142565,165123,223426,259886,340023,358411,303223,339526,226588,288619,68111,123953,17510,16445,33210,40931,36856,56653,47919,80797,67629,84474,95502,105603,149135,191188,59520,107946,2106283,936732,296849,150551,770821,84807,19323,289,195
2021-05-18T23:59:59+02:00,86,91,52880,52563,112599,122068,136188,159550,211861,249527,330139,348609,300550,336559,225705,287414,67960,123700,16992,15838,31997,39468,35501,54855,46108,78386,64742,81247,91498,101066,145939,187122,59307,107512,2046411,916481,287483,147689,767229,76156,17341,285,195
2021-05-17T23:59:59+02:00,83,88,51847,51569,110263,120012,133372,156896,205339,243510,322566,341522,298757,334585,225114,286589,67853,123487,16535,15390,30947,38426,34329,53564,44628,76586,62482,78852,86658,95203,144476,185237,59159,107199,2019604,904784,275176,140218,763803,69475,15279,283,192
2021-05-16T23:59:59+02:00,82,85,51060,50914,108819,118688,131630,155233,202367,240829,315130,334567,297736,333451,224804,286104,67801,123389,16252,15018,30198,37645,33456,52647,43567,75273,61151,77382,83243,91126,143685,184159,59072,107059,2004258,898700,264747,133449,760562,65341,13527,280,188
2021-05-15T23:59:59+02:00,82,85,50521,50281,107819,117699,130615,154119,200429,238894,311559,331359,297115,332765,224608,285833,67781,123325,16112,14854,29944,37340,33170,52215,43082,74626,60302,76397,82646,90310,143171,183491,59036,107012,1988056,893463,264726,133302,759694,64213,12815,278,187
2021-05-14T23:59:59+02:00,81,84,49263,48857,105567,115609,127024,150668,192219,231828,305249,325476,296134,331628,224323,285384,67734,123230,15614,14424,29157,36518,32401,51024,42005,72843,58737,74445,80740,87823,142559,182501,58996,106926,1950801,883810,263028,132428,755151,58790,11768,275,186
2021-05-13T23:59:59+02:00,77,83,47350,46908,101731,112380,122319,146557,182205,223248,294647,315662,293167,328207,223511,284247,67634,123023,14754,13977,28302,35821,31640,50122,41062,71749,57225,72880,76964,83473,139793,178890,58886,106709,1899231,871261,254420,125376,748928,54940,10752,271,181
2021-05-12T23:59:59+02:00,75,81,46440,46201,99816,110952,120257,144897,179655,221138,289913,310336,292005,326940,223271,283926,67596,122938,14589,13826,27981,35602,31237,49833,40616,71375,56682,72313,75616,81842,139014,177757,58800,106549,1876163,865511,252256,123581,748438,54670,9952,267,179
2021-05-11T23:59:59+02:00,71,75,44196,44726,95790,107876,114454,140169,166296,209870,278272,299577,288604,323029,222316,282528,67446,122639,14160,13261,26970,34174,30107,48029,39311,69099,54972,70050,72530,78255,137657,175921,58641,106191,1817333,853232,242547,120892,739938,46809,8474,263,177
2021-05-10T23:59:59+02:00,70,71,42945,43748,93191,105870,111198,137537,157913,202846,270396,292468,286428,320577,221744,281668,67322,122397,13817,12817,26212,33189,29313,46770,38314,67245,53742,68322,70440,75700,136511,174411,58522,105904,1781778,844366,236499,119838,732968,39613,7497,259,169
2021-05-09T23:59:59+02:00,69,71,41822,42976,90508,104116,108535,135769,152901,199426,264875,287524,285187,319193,221368,281141,67256,122251,13502,12597,25519,32520,28585,45967,37521,66284,52812,67379,69211,74299,135914,173574,58467,105773,1762454,839794,229399,118860,726973,34840,6512,254,167
2021-05-08T23:59:59+02:00,68,71,41531,42673,89662,103385,107438,134912,151451,198210,262312,285459,284686,318652,221249,280962,67240,122219,13400,12535,25390,32428,28440,45838,37332,66089,52472,67060,68247,73378,134843,172210,58420,105680,1750400,835180,228889,118114,726747,34063,6498,244,154
2021-05-07T23:59:59+02:00,66,70,40606,41956,87725,102047,104610,132699,146831,194406,256059,279948,283346,317053,220901,280506,67187,122096,12655,12054,24565,31692,27676,44778,36469,64827,51288,65548,65998,70692,132617,169386,58330,105502,1724615,825501,225678,115844,722624,27279,5545,239,152
2021-05-06T23:59:59+02:00,62,69,37964,40233,82979,98594,98622,127947,136647,185896,239618,265535,278223,311261,219618,278819,67013,121783,11970,11536,23628,30587,26679,43429,35114,62828,49553,63574,63511,67565,130507,166624,58216,105284,1659077,814411,215775,112736,711735,18916,4633,227,151
2021-05-05T23:59:59+02:00,60,66,36077,39034,79322,96014,94023,124302,128829,179365,224869,251496,272042,304126,218047,276828,66767,121260,11737,11261,23088,29863,26076,42509,34189,61427,48400,62159,60899,64455,127563,162920,58118,105033,1592899,802118,210698,109168,705699,14944,3560,227,147
2021-05-04T23:59:59+02:00,60,64,34973,37928,76601,93693,90516,121266,123261,174635,214243,241233,266558,297683,216606,274984,66558,120792,11574,11057,22680,29322,25616,41736,33469,60337,47295,60888,58182,61277,125198,159984,57968,104797,1543872,790235,205578,106531,699622,11801,2907,225,145
2021-05-03T23:59:59+02:00,59,62,34102,36875,74309,91872,87643,118916,118824,170992,207589,235236,263281,293824,215806,273895,66437,120496,11327,10784,22286,28745,25135,41036,32781,59373,46272,59748,55393,57936,121423,155091,57711,104360,1512128,774385,202467,104818,694692,9047,1247,224,141
2021-05-02T23:59:59+02:00,59,62,33749,36560,73134,90966,86171,117824,116398,169125,204494,232719,262321,292735,215519,273486,66370,120388,11256,10712,22098,28532,24905,40750,32439,58967,45819,59272,54203,56474,118353,151410,57627,104229,1501522,769362,199670,99256,690821,8147,379,222,136
2021-05-01T23:59:59+02:00,58,62,33430,36184,72373,90172,85099,116781,114928,167761,201407,229691,261631,291910,215309,273206,66359,120349,11242,10696,22045,28502,24844,40712,32377,58910,45737,59195,53961,56182,118195,151214,57618,104212,1486427,768053,199662,99216,690555,8099,372,221,136
2021-04-30T23:59:59+02:00,55,60,32886,35583,71166,88949,83636,115051,111146,164194,194010,222576,259639,289541,214861,272596,66299,120241,10921,10500,21686,28224,24569,40292,32051,58348,45275,58564,53065,55018,117243,150028,57563,104093,1453526,764377,199335,97225,689758,5766,172,218,134
2021-04-29T23:59:59+02:00,53,59,31385,34633,68244,86924,80002,112447,106032,160083,181197,211032,251705,280444,213665,270964,66164,119898,10614,10286,21212,27776,24142,39795,31468,57608,44473,57634,51233,52824,115397,147791,57463,103898,1398644,755554,192052,94557,684387,3452,150,208,132
2021-04-28T23:59:59+02:00,52,57,30151,34024,66375,85614,77526,110625,102606,157226,171513,201866,240849,267847,212385,269279,65968,119572,10428,10126,20914,27422,23778,39325,31045,56949,43749,56810,49109,50203,112817,144556,57339,103686,1346009,746006,188686,90005,679021,2228,120,202,125
2021-04-27T23:59:59+02:00,49,56,29393,33339,64800,84151,75515,108816,99847,154829,166794,197145,232345,258044,211238,267666,65848,119349,10303,10015,20633,27133,23541,38995,30686,56452,43064,56123,47104,47660,110179,141122,57220,103486,1311986,736198,186381,85997,671035,1509,119,197,120
2021-04-26T23:59:59+02:00,48,56,28964,32953,63700,83267,74014,107650,97562,153115,158179,189142,228153,253202,210529,266669,65755,119150,10209,9925,20415,26945,23304,38781,30390,56111,42448,55553,45298,45513,108283,138642,57124,103332,1283043,728239,184936,82899,664310,1129,114,192,118
2021-04-25T23:59:59+02:00,48,55,28713,32713,62925,82743,72953,106914,95831,151888,152796,184276,223822,248322,209940,265888,65689,119027,10153,9892,20337,26867,23216,38699,30280,55984,42288,55394,44886,45017,107602,137737,57096,103261,1270283,726574,178800,81136,655640,998,111,191,116
2021-04-24T23:59:59+02:00,48,54,28370,32287,61984,81520,71767,105466,94283,150229,147891,179129,221035,244987,209471,265214,65655,118977,10139,9874,20296,26825,23163,38632,30199,55898,42139,55258,44642,44709,107350,137440,57075,103233,1245413,725482,178770,80436,654359,955,110,191,114
2021-04-23T23:59:59+02:00,46,54,27624,31665,60416,80011,69978,103447,91693,147588,143109,174733,216487,239439,208815,264226,65592,118862,10086,9810,20186,26738,23032,38482,29966,55689,41776,54928,44026,43950,106289,136151,56919,102958,1220535,722129,177585,77957,645835,903,109,188,112
2021-04-22T23:59:59+02:00,44,53,27010,31064,58882,78577,67513,101236,87568,144097,135075,167248,207461,228447,206775,261599,65393,118466,9961,9714,19936,26441,22678,38050,29456,55177,41029,54294,42868,42637,104298,133700,56690,102561,1179037,714654,170137,74060,637501,782,109,183,108
2021-04-21T23:59:59+02:00,44,51,26517,30541,57551,77474,65632,99607,84529,141457,127892,160435,194384,213115,204628,258712,65167,118040,9830,9628,19704,26190,22390,37725,29100,54726,40477,53763,42022,41621,102104,130913,56435,102149,1127553,708101,167255,69973,631132,710,109,179,106
2021-04-20T23:59:59+02:00,43,50,26091,30071,56388,76330,63957,98025,81981,138885,122808,155373,182912,199664,202201,255576,64930,117611,9726,9538,19484,26002,22097,37457,28690,54312,39938,53231,41208,40690,99884,127928,56097,101612,1084935,700555,163769,66725,624356,630,107,176,99
2021-04-19T23:59:59+02:00,43,49,25725,29713,55417,75509,62671,96846,79854,136960,119286,151993,177160,192826,200491,253340,64745,117279,9618,9445,19253,25782,21853,37183,28376,53922,39425,52700,40413,39783,96785,123957,55692,100900,1060380,690204,161938,64307,617758,593,106,168,99
2021-04-18T23:59:59+02:00,42,44,25417,29452,54650,74963,61548,95899,77996,135533,115920,149600,172054,187271,199478,252111,64633,117086,9544,9370,19064,25607,21676,37018,28160,53647,39166,52451,40085,39400,95576,122413,55509,100600,1046389,686346,160269,62379,607202,578,106,165,98
2021-04-17T23:59:59+02:00,41,43,25309,29360,54279,74767,61032,95546,77343,134934,115071,148861,167802,182386,198943,251385,64599,117021,9499,9311,18926,25420,21489,36788,27933,53373,38902,52184,39786,39076,94811,121489,55444,100516,1035504,682333,160241,62065,603139,566,106,165,98
2021-04-16T23:59:59+02:00,41,43,24935,29110,53291,74158,59745,94668,75717,133604,110920,144719,160159,173619,197284,249182,64491,116812,9293,9136,18532,24987,20904,36214,26825,52469,36879,50587,36477,36138,91627,117966,55042,99861,1009592,667263,159448,55154,593618,537,105,164,97
2021-04-15T23:59:59+02:00,37,39,24460,28660,52042,72991,57782,92945,72442,130765,105461,139447,152300,164648,192629,243313,64194,116197,9119,8973,18163,24564,20412,35553,26146,51673,35487,49357,34369,34091,88514,114228,54534,99004,977412,654152,157395,49568,575702,487,104,162,94
2021-04-14T23:59:59+02:00,35,36,24121,28334,51107,72055,56440,91556,70057,128605,101466,135679,143102,154270,184895,233434,63852,115530,8711,8701,17689,24058,19877,34907,25237,50796,34199,48239,32327,31942,85536,110582,54042,98142,939552,639264,154725,45351,560455,392,103,157,93
2021-04-13T23:59:59+02:00,35,36,23883,28116,50409,71520,55495,90727,68422,127194,97744,132245,131287,141152,178504,225109,63514,114942,8476,8529,17343,23651,19453,34371,24571,50003,33132,47220,30944,30581,83381,108195,53684,97598,906330,629926,150206,40959,543955,270,103,155,91
2021-04-12T23:59:59+02:00,35,35,23674,27927,49855,71009,54629,89996,66951,125905,95116,129923,124180,133121,175280,221159,63242,114451,8239,8342,16979,23354,19081,33935,24100,49470,32466,46593,29419,29043,81718,106257,53358,97077,889923,621491,148662,37707,528062,256,101,151,89
2021-04-11T23:59:59+02:00,34,35,23500,27766,49329,70587,53898,89543,65808,125100,93259,128444,118695,127104,171363,216557,63072,114154,8105,8209,16683,23075,18763,33624,23742,49089,32021,46207,28784,28378,80701,105011,53149,96759,882456,616203,144254,35885,511704,241,96,146,86
2021-04-10T23:59:59+02:00,34,35,23439,27709,49162,70451,53698,89383,65480,124830,92736,128009,116611,124574,169924,214707,63030,114054,7517,7603,15794,22290,17805,32783,22622,48057,30909,45212,28125,27667,78613,102401,52882,96323,875461,600888,143398,35506,509176,236,91,146,86
2021-04-09T23:59:59+02:00,33,35,23191,27459,48661,69960,53060,88695,64482,123704,90913,126103,107785,113632,166541,210300,62831,113697,6558,6702,14264,20969,16085,31227,20481,46092,28702,43202,26351,25844,75111,98222,52336,95483,856031,573440,136345,33991,498878,224,83,142,83
2021-04-08T23:59:59+02:00,33,35,22895,27214,48085,69470,52305,87997,63173,122622,88493,123941,97475,101634,160990,203436,62495,113116,5914,6114,13076,19951,14827,29889,18842,44378,26210,40869,23331,22874,70462,92449,51191,93731,837309,541888,127452,32056,480829,194,74,140,83
2021-04-07T23:59:59+02:00,31,34,22583,26988,47282,69011,51376,87383,61786,121639,85350,121497,88291,91344,153985,194653,62201,112558,5534,5790,12416,19275,14010,29062,17803,43328,24309,38979,20802,20352,66503,87681,50197,92114,816915,518436,121853,29587,459410,166,67,134,80
2021-04-06T23:59:59+02:00,30,34,22373,26828,46753,68629,50786,86859,60756,120864,83243,119756,80537,82539,147623,186696,61856,111930,5340,5631,12065,18917,13657,28630,17269,42766,23452,38172,19677,19323,63349,83584,49276,90729,797650,505082,118642,26641,441989,156,62,130,77
2021-04-05T23:59:59+02:00,30,33,22274,26703,46441,68282,50399,86459,60209,120172,82063,118605,76059,77445,142619,180593,61655,111614,5200,5493,11804,18665,13363,28317,16946,42392,23007,37712,19215,18854,60465,80029,48576,89662,788205,495743,116888,23849,426753,152,58,127,77
2021-04-04T23:59:59+02:00,30,33,22225,26644,46320,68012,50228,86146,59929,119671,81554,117973,74616,75738,141915,179620,61618,111532,5196,5485,11786,18652,13351,28300,16927,42375,22910,37641,18809,18533,59029,78182,48370,89351,785665,490953,116781,23847,421555,146,54,125,75
2021-04-03T23:59:59+02:00,30,33,22163,26563,46197,67903,50064,85971,59613,119359,80986,117393,73270,74103,140797,178084,61535,111383,5187,5476,11773,18633,13328,28280,16894,42328,22804,37567,18674,18382,58680,77617,48281,89205,779299,489166,116739,23847,419606,146,53,124,75
2021-04-02T23:59:59+02:00,30,33,22085,26478,46036,67737,49846,85723,59143,118908,80107,116582,71714,72216,138518,175098,61338,111023,5168,5439,11725,18591,13273,28198,16805,42180,22532,37093,18318,18019,56346,74738,47469,88105,770173,480702,114964,23205,417677,146,49,123,73
2021-04-01T23:59:59+02:00,27,31,21890,26274,45619,67217,49199,84983,58268,117968,78228,114913,68448,68783,134424,169907,61012,110442,5021,5295,11453,18327,13050,27962,16484,41871,22028,36653,17500,17275,51500,68707,45795,85647,758481,462660,108865,21832,410490,134,44,119,72
2021-03-31T23:59:59+02:00,27,31,21562,26056,45217,66690,48701,84332,57540,117031,77070,113671,66402,66464,129659,163786,60608,109713,4943,5244,11355,18207,12891,27811,16245,41603,21442,36141,16373,16374,46285,62287,44413,83661,748703,444305,101697,20906,404368,131,39,117,67
2021-03-30T23:59:59+02:00,27,30,21385,25834,44817,66072,48195,83537,56832,115980,75932,112293,64560,64443,125277,158036,60140,108814,4876,5159,11251,18081,12698,27623,15917,41281,20868,35592,15541,15572,43528,58881,43300,81867,738520,432459,97470,19543,396430,104,33,113,66
2021-03-29T23:59:59+02:00,26,30,21187,25596,44355,65523,47719,82848,56098,114903,74699,110860,62072,61696,118540,149411,59370,107422,4778,5086,11146,17966,12545,27458,15673,40961,20412,35126,14892,15030,40942,55899,42193,80044,717998,421270,94049,18865,390525,89,31,112,65
2021-03-28T23:59:59+02:00,26,30,20981,25305,43855,64835,47203,82105,55419,113896,73755,109754,60814,60264,113831,143443,58927,106663,4723,5027,11001,17816,12288,27158,15481,40716,20245,34891,14652,14786,39866,54482,41844,79503,711467,416946,86738,17542,383120,69,31,109,60
2021-03-27T23:59:59+01:00,26,30,20861,25148,43563,64471,46839,81578,54919,113210,73081,109017,59659,59180,112345,141734,58860,106581,4710,5015,10974,17797,12270,27128,15120,40287,19845,34455,14361,14575,39381,53794,41371,78685,706194,412893,86034,16888,379090,65,31,109,60
2021-03-26T23:59:59+01:00,26,29,20610,24637,42757,62769,45870,79552,53586,110189,71065,105402,57647,57292,109590,138493,58531,106063,4691,4982,10951,17745,12200,27037,15042,40177,19504,33858,13892,13922,36311,49951,39316,75431,694781,398366,82717,16670,366823,52,28,109,60
2021-03-25T23:59:59+01:00,26,26,20178,23965,41883,61007,44775,77006,52075,106664,68676,101641,55051,54655,106281,134527,57961,105071,4645,4927,10860,17642,12079,26892,14861,39958,19229,33553,13422,13434,32470,44902,36322,70897,683360,380037,78522,16086,349801,47,25,107,60
2021-03-24T23:59:59+01:00,26,26,19774,23517,41100,59734,43756,75468,50695,104739,66575,99312,52271,51743,102029,129430,57320,103994,4590,4861,10767,17499,11912,26689,14631,39673,18862,33137,12968,12984,29905,41691,33205,66057,670557,364478,73646,14996,337525,40,20,105,59
2021-03-23T23:59:59+01:00,26,26,19527,23215,40541,58821,43031,74375,49659,103224,64913,97454,49979,49403,99277,126221,56763,103154,4531,4790,10668,17374,11767,26505,14387,39361,18453,32752,12476,12481,27474,38589,29531,60159,662427,346922,70304,14419,327098,39,19,103,59
2021-03-22T23:59:59+01:00,26,26,19304,22799,39900,57938,42365,73337,48714,101838,63439,95821,48152,47519,96883,123483,56291,102383,4473,4744,10580,17258,11637,26327,14228,39120,18213,32454,12167,12107,25641,36236,25561,53756,656122,330679,67501,13864,316815,36,19,100,57
2021-03-21T23:59:59+01:00,26,26,19165,22540,39408,57184,41815,72492,48061,100683,62495,94588,47106,46496,95240,121632,55919,101804,4457,4735,10544,17210,11590,26241,14168,39033,18131,32353,12047,11974,25213,35786,25208,53198,653542,328483,65474,13450,307882,35,17,98,55
2021-03-20T23:59:59+01:00,25,26,19107,22396,39196,56689,41575,71933,47751,100047,62056,93987,46453,45729,92642,118399,55630,101317,4448,4727,10535,17198,11562,26224,14126,38997,18052,32278,11893,11814,24572,35014,24444,52113,647069,324780,65026,13262,303078,35,17,98,55
2021-03-19T23:59:59+01:00,24,25,18752,21830,38064,54564,40294,69940,46015,97960,59176,91229,42017,41858,87423,112635,54927,100236,4427,4713,10502,17147,11497,26112,14034,38825,17819,31980,11544,11531,22902,32956,22762,49554,629314,315454,57814,12900,290055,30,17,94,55
2021-03-18T23:59:59+01:00,24,24,18358,21181,36888,52411,38756,67150,43861,93490,55333,85437,37991,38059,82694,107158,53839,98582,4407,4684,10436,17044,11419,25957,13889,38638,17606,31780,11311,11348,21659,31440,21049,46956,612394,307386,52070,12288,266981,28,16,93,53
2021-03-17T23:59:59+01:00,24,23,17934,20829,36164,51492,37990,66193,42782,92133,53543,83612,35318,35273,78670,102329,52894,97104,4384,4657,10374,16951,11345,25824,13777,38450,17412,31588,11073,11122,20418,30029,19458,44556,595707,299891,47669,11579,261135,24,16,91,53
2021-03-16T23:59:59+01:00,24,23,17575,20410,35418,50423,37177,64998,41684,90461,51702,81625,33117,33257,74637,97375,52013,95788,4334,4607,10300,16823,11253,25671,13677,38213,17280,31345,10901,10943,19140,28508,17977,42230,582440,292111,42981,11144,252488,24,12,89,53
2021-03-15T23:59:59+01:00,24,23,17295,20046,34708,49445,36385,63809,40780,88981,50440,80024,31393,31420,71350,93283,51318,94656,4312,4572,10234,16700,11187,25471,13561,37925,17132,31075,10736,10785,18408,27545,16721,40370,571307,286298,39657,10498,244623,24,2,87,53
2021-03-14T23:59:59+01:00,24,22,17026,19620,33853,48236,35485,62490,39722,87155,49185,78298,30228,30182,69357,90723,50874,93981,4288,4553,10189,16623,11131,25329,13501,37703,17042,30913,10664,10699,18228,27265,16459,39808,564194,285101,37779,9367,234696,15,0,83,53
2021-03-13T23:59:59+01:00,24,22,16209,18559,32354,46202,33910,60352,37681,84078,47050,75741,28877,28829,67341,88093,50605,93590,4288,4553,10187,16617,11128,25322,13492,37696,17035,30904,10629,10668,17480,26382,15414,38355,547832,280855,37495,9366,224381,15,0,83,53
2021-03-12T23:59:59+01:00,23,21,15110,17184,29914,43553,31243,57213,34818,79225,43835,71277,26039,25638,63037,82793,49621,92188,4275,4520,10168,16555,11110,25272,13448,37578,16944,30774,10354,10441,16593,25138,14343,36834,519801,275063,36183,9355,206928,12,0,81,52
2021-03-11T23:59:59+01:00,22,21,14067,15725,27661,40862,28923,54029,32227,74835,40080,66386,22641,22165,57055,75519,47707,89384,4234,4480,10088,16436,10997,25047,13331,37268,16779,30470,10053,10230,15962,24298,13676,35560,487871,271071,34593,7916,187006,9,0,80,48
2021-03-10T23:59:59+01:00,22,21,13472,15024,26254,39251,27270,52211,30663,72516,37561,63260,19888,19611,51146,68388,46155,87053,4200,4436,9989,16269,10878,24797,13183,36850,16580,30098,9814,10047,15218,23527,13017,34534,461456,266342,32547,7172,175923,7,0,77,48
2021-03-09T23:59:59+01:00,21,20,13191,14559,25130,38211,25856,51025,29597,70864,36182,61426,18705,18487,47637,63946,45032,85264,4176,4410,9904,16103,10774,24538,13030,36533,16404,29861,9690,9945,14553,22690,12519,33760,447852,262629,30016,6339,167432,7,0,77,46
2021-03-08T23:59:59+01:00,20,20,12859,13951,24050,37101,24588,49889,28663,69383,34950,59806,17625,17606,43514,58959,43806,83278,4161,4374,9842,15905,10671,24276,12897,36175,16277,29597,9606,9861,14058,22085,12205,33320,432390,259444,28010,5948,159812,2,0,76,45
2021-03-07T23:59:59+01:00,20,20,12626,13658,23458,36248,23890,49012,28062,68514,34342,59045,17362,17355,42444,57508,43441,82715,4149,4361,9820,15863,10644,24201,12867,36005,16220,29483,9584,9832,13860,21831,12071,33118,427623,258388,26195,5605,156044,0,0,74,44
2021-03-06T23:59:59+01:00,20,20,12513,13366,23056,35515,23358,48223,27013,66983,33242,57281,16974,17025,41799,56617,43140,82246,4146,4347,9809,15836,10626,24167,12857,35964,16202,29452,9567,9792,13814,21793,11968,32907,423551,258012,26131,5321,148848,0,0,74,42
2021-03-05T23:59:59+01:00,20,20,12100,12763,22373,34313,22676,46994,26257,65356,32009,54863,16327,16190,38336,52309,40986,78801,4119,4300,9739,15736,10576,24019,12789,35769,16116,29247,9473,9722,13629,21580,11596,32296,408351,256322,24678,4471,139796,0,0,74,40
2021-03-04T23:59:59+01:00,18,20,11341,11753,21186,32587,21462,44944,24902,62706,30314,52510,15599,15471,34335,47144,37909,74120,4070,4209,9626,15444,10473,23661,12656,35236,15974,28846,9294,9569,13471,21369,11511,32150,389921,253268,22602,4378,125927,0,0,74,37
2021-03-03T23:59:59+01:00,16,20,11031,11259,20498,31367,20688,43583,23994,60957,29269,50868,15119,14969,31723,43823,34824,69355,4030,4146,9545,15274,10394,23409,12550,34814,15795,28500,9109,9442,13344,21154,11365,31880,374479,250627,21806,4212,117207,0,0,70,34
2021-03-02T23:59:59+01:00,16,20,10770,10831,19855,30398,19975,42565,23209,59570,28298,49592,14493,14321,29046,40456,30935,63136,3982,4074,9483,15108,10325,23143,12446,34381,15694,28191,8984,9340,13206,20965,11288,31735,356288,248220,20298,4211,111023,0,0,69,34
2021-03-01T23:59:59+01:00,14,19,10598,10572,19342,29595,19412,41681,22620,58498,27583,48470,14079,13867,26974,37866,26679,56248,3966,4024,9428,14953,10261,22846,12365,34005,15589,27869,8901,9279,13025,20695,11173,31552,339064,245805,19185,4211,105987,0,0,68,34
2021-02-28T23:59:59+01:00,13,19,10430,10370,18875,28946,18876,40942,22139,57645,27094,47675,13871,13624,26367,37205,26274,55647,3950,4010,9403,14920,10242,22795,12349,33936,15562,27823,8874,9255,12894,20516,11110,31403,336598,244953,18327,4175,101203,0,0,68,33
2021-02-27T23:59:59+01:00,13,18,10251,9857,18547,28081,18618,40157,21856,56662,26769,46886,13600,13323,25698,36401,25352,54230,3938,3998,9381,14899,10210,22747,12310,33854,15516,27749,8853,9240,12875,20494,11088,31383,332697,244595,17605,4026,96130,0,0,68,33
2021-02-26T23:59:59+01:00,12,17,9457,9075,17650,26641,17838,37955,20928,53814,25310,44068,13135,12922,24111,34412,23825,51923,3857,3930,9303,14738,10136,22495,12230,33488,15401,27457,8775,9160,12809,20427,11049,31314,323571,242703,17352,3953,82277,0,0,68,31
2021-02-25T23:59:59+01:00,12,17,8302,8223,16333,25034,16573,35701,19694,50926,23604,41286,12661,12522,22832,32822,22328,49638,3733,3785,9137,14422,9916,21891,11977,32637,15076,26805,8579,9009,12546,20102,10909,31045,315952,238562,16580,3095,66078,0,0,66,30
2021-02-24T23:59:59+01:00,11,16,7938,7698,15680,24002,15946,34468,18981,49414,22813,40087,12267,12186,21532,31334,20650,47018,3661,3718,8996,14131,9740,21436,11773,32011,14814,26272,8438,8871,12404,19929,10844,30834,307739,235794,15613,2164,58788,0,0,66,29
2021-02-23T23:59:59+01:00,11,16,7455,7219,14865,22827,15261,33248,18261,48006,22096,39018,11957,11862,20192,29761,19036,44462,3620,3642,8876,13929,9602,21038,11584,31431,14516,25770,8270,8728,12277,19718,10773,30600,299623,232961,14813,1500,51212,0,0,66,27
2021-02-22T23:59:59+01:00,10,14,7348,7013,14483,22211,14910,32522,17797,46997,21600,38285,11758,11613,19443,28751,17721,42509,3591,3540,8739,13638,9439,20536,11329,30687,14147,25172,8024,8535,12078,19466,10667,30295,293751,229654,14203,314,47125,0,0,64,27
2021-02-21T23:59:59+01:00,10,14,7258,6887,14161,21765,14491,31939,17381,46346,21161,37791,11652,11511,19280,28538,17473,42176,3552,3500,8655,13514,9362,20320,11257,30395,14026,24903,7965,8473,12022,19358,10596,30131,292606,227813,13832,299,43489,0,0,62,27
2021-02-20T23:59:59+01:00,10,14,7141,6837,14036,21685,14375,31804,17262,46195,21002,37608,11553,11427,18497,27620,16415,40705,3550,3494,8645,13506,9352,20299,11243,30370,14012,24892,7960,8464,11958,19293,10542,30064,288343,227430,13635,298,42298,0,0,62,26
2021-02-19T23:59:59+01:00,8,13,6839,6586,13684,21247,14004,31137,16789,45398,20297,36739,10951,11025,17450,26290,15256,39097,3470,3471,8569,13478,9309,20242,11205,30277,13954,24798,7918,8404,11738,19021,10349,29734,281959,225726,13259,297,37680,0,0,59,24
2021-02-18T23:59:59+01:00,8,13,6442,6112,13058,20104,13365,29766,15973,43530,19424,35162,10723,10808,16857,25539,14679,38211,3285,3334,8235,12939,9016,19493,10855,29236,13586,23970,7714,8096,11152,18070,9853,28586,278382,217209,12678,297,28800,0,0,58,23
2021-02-17T23:59:59+01:00,8,12,6276,5770,12613,19224,12875,28577,15272,41810,18778,33837,10494,10557,16100,24726,13902,37023,3035,3174,7895,12423,8716,18703,10487,28190,13199,23121,7481,7861,10596,17219,9418,27771,273714,209077,11946,293,22274,0,0,58,23
2021-02-16T23:59:59+01:00,8,12,5951,5468,12077,18392,12373,27506,14728,40436,18185,32803,10340,10455,15430,23898,13394,36235,2854,3054,7592,11970,8409,17979,10092,27099,12741,22225,7212,7568,9887,16052,8693,26221,270183,199591,11450,137,16138,0,0,56,23
2021-02-15T23:59:59+01:00,8,12,5845,5287,11781,17748,12106,26723,14381,39443,17840,32035,10213,10344,14872,23246,13035,35699,2765,2973,7399,11648,8191,17472,9790,26254,12391,21543,6944,7284,9195,14996,8181,24942,267092,191958,10848,91,12761,0,0,53,22
2021-02-14T23:59:59+01:00,8,12,5577,5172,11531,17478,11882,26288,14149,38996,17649,31758,10169,10294,14638,22906,12870,35306,2715,2935,7286,11481,8063,17266,9614,25922,12212,21241,6849,7160,8973,14614,7994,24405,266088,188721,9915,89,10764,0,0,51,22
2021-02-13T23:59:59+01:00,8,12,5517,5134,11481,17441,11851,26256,14121,38964,17629,31739,10155,10266,14611,22873,12856,35288,2711,2932,7281,11474,8051,17244,9598,25887,12185,21198,6818,7126,8818,14402,7642,23778,265843,187216,9911,9,10533,0,0,50,21
2021-02-12T23:59:59+01:00,8,11,5000,4816,10912,17078,11534,25705,13803,38321,17298,31100,10045,10159,14430,22660,12775,35179,2660,2899,7186,11317,7951,17013,9451,25496,11972,20751,6635,6891,8455,13842,7049,22439,264154,182080,9900,7,6864,0,0,49,21
2021-02-11T23:59:59+01:00,8,11,4538,4515,10327,16397,11122,24899,13325,37063,16810,30241,9730,9898,14148,22212,12495,34494,2491,2625,6586,10125,7265,15279,8590,22877,10920,18667,5982,6181,7411,12231,6237,20127,260930,163667,8257,4,3130,0,0,47,16
2021-02-10T23:59:59+01:00,8,11,4292,4347,9992,15949,10814,24361,13014,36181,16395,29492,9512,9761,13966,22007,12403,34288,2129,2333,5649,8659,6459,13239,7605,19970,9795,16627,5438,5597,6425,10572,5465,18078,258280,144115,7757,3,839,0,0,44,4
2021-02-09T23:59:59+01:00,8,10,4228,4248,9868,15681,10704,23958,12841,35561,16183,29019,9334,9621,13771,21794,12261,34063,1733,1980,4867,7390,5686,11449,6688,17455,8715,14631,4864,4967,5377,9018,4736,15976,255824,125601,6978,1,434,0,0,43,4
2021-02-08T23:59:59+01:00,8,10,4194,4193,9774,15470,10595,23597,12722,35099,16039,28659,9240,9555,13569,21510,12153,33866,1568,1785,4308,6393,5022,9878,5871,14927,7698,12776,4306,4439,4401,7432,3975,13896,253443,108738,6464,1,428,0,0,41,4
2021-02-07T23:59:59+01:00,8,10,4029,4126,9617,15335,10493,23432,12642,34837,15927,28466,9199,9509,13422,21327,12079,33722,1354,1541,3889,5719,4609,9000,5447,13766,7213,11820,4054,4182,4173,7039,3815,13301,252345,100983,5919,1,0,0,0,37,3
2021-02-06T23:59:59+01:00,8,10,4020,4117,9606,15319,10480,23397,12620,34787,15909,28409,9180,9496,13405,21293,11973,33524,1202,1346,3657,5415,4424,8575,5231,13184,6934,11266,3920,4050,4048,6890,3537,12843,252004,96581,5633,1,0,0,0,37,2
2021-02-05T23:59:59+01:00,8,9,3947,4049,9534,15176,10414,23147,12534,34419,15795,28126,9096,9423,13334,21222,11623,32928,1061,1116,3376,4971,4165,7995,4916,12408,6552,10539,3667,3807,3890,6659,3030,11952,250125,90160,4741,0,0,0,0,37,1
2021-02-04T23:59:59+01:00,8,9,3889,3924,9413,14859,10237,22600,12347,33622,15577,27564,8974,9312,13109,20930,11508,32724,796,783,2553,3720,3231,6258,3965,9869,5232,8325,2995,3096,3278,5684,2642,10468,246173,72938,4516,0,0,0,0,35,1
2021-02-03T23:59:59+01:00,8,9,3820,3852,9310,14637,10133,22262,12214,33111,15427,27145,8865,9197,12968,20754,11431,32555,661,615,1926,2805,2498,4833,2995,7580,4007,6277,2185,2227,2392,4208,1916,7843,243439,55001,4343,0,0,0,0,34,1
2021-02-02T23:59:59+01:00,8,9,3752,3756,9211,14443,10035,21883,12072,32546,15225,26692,8739,9081,12846,20541,11347,32290,525,487,1458,2074,1909,3635,2254,5766,2989,4694,1545,1530,1631,2773,1334,5215,240219,39841,4341,0,0,0,0,32,1
2021-02-01T23:59:59+01:00,7,9,3712,3666,9133,14212,9928,21498,11933,31909,15042,26188,8620,8934,12737,20397,11297,32111,390,353,1015,1430,1258,2424,1470,3779,1859,2973,978,976,964,1692,764,3017,237076,25353,4341,0,0,0,0,31,1
2021-01-31T23:59:59+01:00,7,9,3694,3631,9079,14103,9859,21293,11865,31612,14939,25992,8565,8875,12685,20286,11252,31982,361,332,893,1241,1069,2051,1269,3226,1628,2605,880,885,863,1508,693,2710,235585,22223,4226,0,0,0,0,30,1
2021-01-30T23:59:59+01:00,7,9,3693,3628,9069,14090,9846,21270,11852,31592,14927,25978,8561,8870,12616,20217,11186,31905,345,308,833,1157,1012,1927,1205,3036,1553,2468,852,859,844,1468,678,2657,235266,21210,4133,0,0,0,0,30,1
2021-01-29T23:59:59+01:00,7,9,3633,3613,9008,14061,9817,21218,11819,31517,14879,25911,8537,8847,12431,19992,11006,31663,278,225,712,984,868,1567,1051,2647,1342,2143,763,768,795,1413,660,2604,234048,18826,4004,0,0,0,0,28,1
2021-01-28T23:59:59+01:00,7,8,3515,3526,8804,13673,9597,20705,11587,30935,14553,25415,8401,8746,11998,19373,10651,31087,131,58,293,361,375,609,460,1146,611,958,399,423,464,813,376,1572,229268,9053,3399,0,0,0,0,26,0
2021-01-27T23:59:59+01:00,7,8,3283,3391,8511,13255,9297,20081,11203,30101,14166,24679,8184,8534,11446,18570,10228,30324,80,34,202,223,242,413,305,799,432,656,301,307,343,605,281,1149,222560,6375,2788,0,0,0,0,26,0
2021-01-26T23:59:59+01:00,6,8,3119,3293,8229,12917,9034,19512,10899,29346,13770,24045,7946,8312,10871,17657,9581,29175,75,30,187,213,226,380,289,746,401,596,287,281,316,542,254,1019,215852,5845,1947,0,0,0,0,26,0
2021-01-25T23:59:59+01:00,6,8,3031,3199,7946,12436,8744,18809,10513,28345,13291,23283,7667,8111,10253,16839,9124,28274,67,22,166,191,192,321,250,625,350,493,251,236,262,464,205,832,209550,4930,408,0,0,0,0,24,0
2021-01-24T23:59:59+01:00,6,8,2987,3178,7861,12356,8670,18684,10404,28185,13162,23100,7623,8075,10188,16727,9076,28178,66,21,162,187,190,308,247,604,341,479,242,232,260,457,201,817,208242,4817,304,0,0,0,0,24,0
2021-01-23T23:59:59+01:00,6,8,2986,3177,7860,12353,8666,18674,10402,28171,13156,23095,7616,8072,10064,16562,8748,27592,65,21,162,187,189,307,245,604,339,479,242,232,260,457,201,815,206985,4808,302,0,0,0,0,23,0
2021-01-22T23:59:59+01:00,6,8,2923,3131,7736,12240,8583,18532,10292,27998,13075,22980,7584,8037,9866,16260,8231,26569,65,21,161,187,189,307,245,604,338,479,242,232,260,457,201,815,203834,4806,301,0,0,0,0,18,0
2021-01-21T23:59:59+01:00,6,8,2841,2961,7237,11327,8100,17386,9755,26373,12470,21766,7301,7711,9230,15317,7715,25520,59,19,146,173,172,276,219,529,301,439,218,207,233,380,176,693,192804,4243,301,0,0,0,0,16,0
2021-01-20T23:59:59+01:00,6,8,2481,2615,6355,9915,7355,15431,8804,23546,11361,19695,6701,7062,8137,13551,6900,23296,57,19,145,168,169,274,211,515,289,417,206,200,227,355,162,655,172992,4072,297,0,0,0,0,16,0
2021-01-19T23:59:59+01:00,6,8,2042,2260,5453,8527,6494,13541,7787,20767,10093,17461,5950,6185,6758,11372,5881,20263,41,12,96,124,115,168,148,352,190,289,131,114,141,238,114,489,150692,2763,216,0,0,0,0,16,0
2021-01-18T23:59:59+01:00,5,8,1770,1972,4696,7144,5541,11311,6590,17173,8668,14747,5072,5306,5381,9125,4811,16798,22,7,38,46,52,78,65,162,75,145,57,53,66,131,62,221,126081,1281,92,0,0,0,0,16,0
2021-01-17T23:59:59+01:00,4,8,1496,1682,4184,6349,5034,10181,6054,15607,8029,13486,4732,4958,5006,8451,4482,15793,8,2,8,15,16,28,20,50,28,56,23,23,20,31,13,47,115498,388,87,0,0,0,0,15,0
2021-01-16T23:59:59+01:00,4,7,1330,1479,3967,6028,4854,9743,5797,14944,7701,12793,4542,4730,4794,8176,4130,15191,0,0,0,1,1,2,1,1,1,2,0,1,1,0,0,1,110249,12,8,0,0,0,0,14,0
2021-01-15T23:59:59+01:00,4,7,1180,1253,3713,5607,4600,9177,5508,14108,7295,11994,4251,4436,4606,7869,3594,14145,0,0,0,0,0,0,0,0,0,0,0,0,0,0,0,0,103387,0,4,0,0,0,0,13,0
2021-01-14T23:59:59+01:00,3,4,906,942,2968,4422,3737,7362,4566,11363,5903,9648,3454,3568,3869,6645,3110,12341,0,0,0,0,0,0,0,0,0,0,0,0,0,0,0,0,84844,0,0,0,0,0,0,13,0
2021-01-13T23:59:59+01:00,3,3,771,789,2495,3690,3153,6140,3795,9423,4812,7772,2585,2656,2921,5064,2381,9441,0,0,0,0,0,0,0,0,0,0,0,0,0,0,0,0,67921,0,0,0,0,0,0,12,0
2021-01-12T23:59:59+01:00,2,3,639,659,2087,3026,2596,4990,3038,7583,3794,6106,1855,1839,1996,3430,1686,6444,0,0,0,0,0,0,0,0,0,0,0,0,0,0,0,0,51806,0,0,0,0,0,0,0,0
2021-01-11T23:59:59+01:00,1,1,495,524,1738,2449,2081,3991,2353,5762,2820,4429,1192,1136,1195,2017,931,3668,0,0,0,0,0,0,0,0,0,0,0,0,0,0,0,0,36807,0,0,0,0,0,0,0,0
2021-01-10T23:59:59+01:00,1,1,438,455,1478,2024,1742,3268,1945,4777,2343,3711,1052,1010,1052,1769,830,3215,0,0,0,0,0,0,0,0,0,0,0,0,0,0,0,0,31126,0,0,0,0,0,0,0,0
2021-01-09T23:59:59+01:00,1,1,407,410,1354,1847,1596,2978,1792,4329,2158,3380,980,940,997,1716,812,3172,0,0,0,0,0,0,0,0,0,0,0,0,0,0,0,0,28883,0,0,0,0,0,0,0,0
2021-01-08T23:59:59+01:00,1,1,310,281,1104,1502,1317,2308,1472,3550,1787,2763,846,832,909,1593,764,3017,0,0,0,0,0,0,0,0,0,0,0,0,0,0,0,0,24367,0,0,0,0,0,0,0,0
2021-01-07T23:59:59+01:00,1,0,145,76,397,507,481,791,592,1363,780,1203,465,480,560,961,465,1906,0,0,0,0,0,0,0,0,0,0,0,0,0,0,0,0,11176,0,0,0,0,0,0,0,0
2021-01-06T23:59:59+01:00,1,0,111,44,267,286,308,514,396,921,530,824,357,358,423,745,358,1439,0,0,0,0,0,0,0,0,0,0,0,0,0,0,0,0,7885,0,0,0,0,0,0,0,0
2021-01-05T23:59:59+01:00,1,0,87,31,189,231,242,428,318,812,447,702,341,344,407,713,351,1385,0,0,0,0,0,0,0,0,0,0,0,0,0,0,0,0,7032,0,0,0,0,0,0,0,0
2021-01-04T23:59:59+01:00,1,0,69,25,172,193,200,334,255,630,353,511,266,251,288,515,234,928,0,0,0,0,0,0,0,0,0,0,0,0,0,0,0,0,5227,0,0,0,0,0,0,0,0
2021-01-03T23:59:59+01:00,1,0,67,21,165,188,195,319,253,614,344,494,258,249,284,502,232,911,0,0,0,0,0,0,0,0,0,0,0,0,0,0,0,0,5099,0,0,0,0,0,0,0,0
2021-01-02T23:59:59+01:00,1,0,67,21,165,188,195,319,250,614,341,494,258,249,284,502,232,910,0,0,0,0,0,0,0,0,0,0,0,0,0,0,0,0,5092,0,0,0,0,0,0,0,0
2021-01-01T23:59:59+01:00,1,0,66,21,164,188,195,318,249,614,338,492,258,249,284,501,232,910,0,0,0,0,0,0,0,0,0,0,0,0,0,0,0,0,5082,0,0,0,0,0,0,0,0
2020-12-31T23:59:59+01:00,1,0,66,21,164,186,195,317,248,613,337,491,258,249,284,501,232,910,0,0,0,0,0,0,0,0,0,0,0,0,0,0,0,0,5075,0,0,0,0,0,0,0,0
2020-12-30T23:59:59+01:00,1,0,65,21,164,185,193,314,248,611,337,489,258,249,284,501,231,910,0,0,0,0,0,0,0,0,0,0,0,0,0,0,0,0,5063,0,0,0,0,0,0,0,0
2020-12-29T23:59:59+01:00,1,0,46,13,116,140,144,211,180,437,237,375,177,161,196,372,170,709,0,0,0,0,0,0,0,0,0,0,0,0,0,0,0,0,3686,0,0,0,0,0,0,0,0
2020-12-28T23:59:59+01:00,1,0,25,9,64,77,80,122,101,252,118,231,97,93,104,200,102,388,0,0,0,0,0,0,0,0,0,0,0,0,0,0,0,0,2065,0,0,0,0,0,0,0,0
2020-12-27T23:59:59+01:00,0,0,12,3,17,26,36,47,36,89,37,94,32,29,41,73,31,145,0,0,0,0,0,0,0,0,0,0,0,0,0,0,0,0,748,0,0,0,0,0,0,0,0
