Datum,<15_m,<15_w,15-24_1_m,15-24_1_w,25-34_1_m,25-34_1_w,35-44_1_m,35-44_1_w,45-54_1_m,45-54_1_w,55-64_1_m,55-64_1_w,65-74_1_m,65-74_1_w,75-84_1_m,75-84_1_w,>84_1_m,>84_1_w,<24_2_m,<24_2_w,25-34_2_m,25-34_2_w,35-44_2_m,35-44_2_w,45-54_2_m,45-54_2_w,55-64_2_m,55-64_2_w,65-74_2_m,65-74_2_w,75-84_2_m,75-84_2_w,>84_2_m,>84_2_w,bp_1,bp_2,mo_1,mo_2,az_1,az_2,ja,unb_1,unb_2
2021-08-06T23:59:59+02:00,26377,24358,246071,237631,356253,328170,376204,369804,442093,452713,498164,501517,343580,384035,242100,309935,71331,130570,183242,177197,299838,274911,334050,326541,405946,414860,466521,470630,328330,366746,232762,297256,68165,124027,3815751,3376527,511057,463559,805753,746564,208642,514,359
2021-08-05T23:59:59+02:00,26095,24065,245048,236788,355461,327398,375500,369157,441462,452130,497578,501045,343332,383767,241993,309785,71293,130515,179242,173618,295235,271066,330213,323216,403374,412543,464423,468966,327715,366102,232512,296915,68111,123926,3810051,3351324,510809,459081,805699,743065,206150,514,359
2021-08-04T23:59:59+02:00,25750,23750,243988,235874,354552,326572,374789,368501,440892,451566,497056,500572,343075,383514,241882,309631,71268,130448,176015,170526,291874,268190,326004,319512,401255,410556,462801,467489,327048,365426,232250,296582,68057,123828,3804050,3325888,510492,457361,805670,741353,203773,506,358
2021-08-03T23:59:59+02:00,25297,23344,242659,234721,353694,325770,374121,367845,440266,450928,496493,500059,342806,383224,241759,309469,71226,130386,172578,167132,287857,264600,321008,314987,398574,408052,460519,465429,326246,364583,231905,296132,67992,123695,3796344,3294344,510337,455511,805639,739301,202052,506,358
2021-08-02T23:59:59+02:00,24988,23047,241657,233813,352891,325076,373476,367293,439754,450419,496009,499633,342565,382964,241649,309328,71201,130328,169016,163616,283566,260958,315350,310213,395906,405567,458339,463469,325487,363765,231615,295741,67932,123581,3790355,3262257,510104,453568,805589,736790,200348,506,357
2021-08-01T23:59:59+02:00,24842,22870,241060,233230,352337,324595,373079,366921,439345,450114,495680,499372,342443,382811,241580,309216,71189,130302,167510,162196,281142,258994,310808,306579,394080,404023,456883,462255,325074,363294,231458,295533,67906,123523,3786856,3244714,509803,451448,805503,734357,199128,506,357
2021-07-31T23:59:59+02:00,24734,22769,240722,232921,352069,324380,372844,366754,439161,449966,495575,499275,342410,382774,241560,309203,71188,130297,163772,158383,278351,256470,308740,304598,392692,402742,455743,461274,324757,362919,231324,295361,67881,123478,3785290,3221982,509623,450515,805500,733572,198493,506,357
2021-07-30T23:59:59+02:00,24449,22514,239942,232227,351514,323866,372367,366303,438712,449573,495220,498986,342271,382638,241516,309126,71175,130281,160049,154648,274975,253392,305746,301813,390481,400665,453917,459713,324264,362395,231116,295072,67848,123422,3781313,3197095,509274,449327,805484,730464,196913,506,357
2021-07-29T23:59:59+02:00,24115,22181,238430,230990,350383,322819,371429,365419,437881,448806,494432,498377,341943,382335,241382,308951,71140,130219,155236,150224,269644,249253,299920,297103,386177,397227,450906,457344,323441,361561,230809,294671,67788,123326,3773951,3163529,508629,444606,805404,725386,193550,506,357
2021-07-28T23:59:59+02:00,23823,21899,237295,229970,349514,322004,370711,364754,437266,448150,493878,497902,341694,382043,241252,308766,71106,130148,151518,146617,265197,245636,295528,293181,382939,394406,448838,455511,322789,360811,230551,294289,67724,123205,3767388,3133130,508107,442701,805327,722773,191656,505,357
2021-07-27T23:59:59+02:00,23555,21675,236319,229025,348702,321285,370035,364187,436705,447552,493370,497460,341463,381750,241121,308578,71072,130050,146547,141558,259355,240569,290296,288488,378999,390764,445702,452745,321819,359722,230192,293790,67636,123049,3761253,3092074,507566,440420,805272,719064,190116,505,356
2021-07-26T23:59:59+02:00,23323,21441,235365,228075,347936,320604,369448,363645,436163,447075,492926,497104,341239,381513,240995,308424,71049,129993,142243,137196,253851,235830,285162,284055,374577,386854,442207,449752,320876,358763,229867,293321,67565,122913,3755713,3053015,506950,438184,805195,714741,188761,505,356
2021-07-25T23:59:59+02:00,22970,21145,234059,226957,347020,319865,368798,363004,435600,446556,492482,496710,341049,381303,240909,308297,71028,129937,140406,135469,251202,233648,282696,281983,372454,385096,440142,447982,320373,358253,229670,293094,67540,122837,3748881,3038227,506586,436021,805136,710403,187387,505,356
2021-07-24T23:59:59+02:00,22728,20956,233146,226117,346309,319233,368233,362491,435080,446127,492129,496437,340934,381206,240868,308236,71025,129928,137520,132688,248490,231344,280147,279789,370213,383264,438918,447002,320030,357920,229528,292917,67521,122803,3744974,3020027,505823,433032,805128,710067,185559,505,356
2021-07-23T23:59:59+02:00,22310,20570,231655,224801,345010,318323,367201,361642,434210,445346,491437,495915,340699,380938,240781,308123,71004,129892,132069,127869,243157,227083,275710,276030,366548,380094,436290,444812,319332,357200,229275,292609,67467,122722,3737622,2984746,505362,431272,805074,707938,182099,505,355
2021-07-22T23:59:59+02:00,21811,20095,229568,222854,343291,316812,365718,360375,432911,444223,490469,495033,340282,380498,240611,307882,70959,129812,127760,123847,237208,222607,269361,270999,359683,374632,430857,440334,318165,355951,228851,292093,67373,122571,3725393,2942930,503787,425347,804940,701660,179381,505,355
2021-07-21T23:59:59+02:00,21307,19580,227709,221054,341630,315310,364118,358826,431361,442851,489262,493883,339736,379985,240366,307602,70906,129719,124025,120308,231781,218392,263866,266502,351590,367740,426278,436610,317050,354806,228393,291530,67292,122394,3714598,2907632,500057,414538,804722,696898,176124,505,352
2021-07-20T23:59:59+02:00,21005,19305,226265,219608,340425,314170,363171,357968,430520,442084,488556,493252,339404,379626,240226,307384,70879,129632,119728,116108,225477,213257,258073,261354,344495,361655,421603,432317,315970,353555,227984,290949,67197,122213,3705496,2864116,499660,407356,804605,692534,174015,505,351
2021-07-19T23:59:59+02:00,20691,19013,224551,217935,339135,312942,362150,357006,429724,441317,487890,492645,339108,379271,240079,307156,70835,129534,116996,113534,221137,209696,253489,257414,340800,358508,419002,430150,315255,352834,227695,290562,67126,122091,3695061,2839282,499249,402008,804519,688240,172448,505,351
2021-07-18T23:59:59+02:00,20540,18887,223279,216692,337561,311547,361107,356105,428936,440615,487365,492107,338882,378989,239950,306978,70814,129473,115514,112158,218517,207543,251152,255331,338569,356669,416986,428476,314778,352351,227534,290344,67105,122024,3685816,2827100,498719,397744,804445,684572,171141,505,350
2021-07-17T23:59:59+02:00,20148,18466,222138,215646,336993,311013,360526,355600,428429,440172,486957,491822,338781,378874,239909,306925,70811,129463,113455,110071,216067,205252,248705,253148,336162,354547,415546,427219,314447,351960,227399,290177,67081,121984,3680329,2809701,498524,395033,804437,683789,169683,499,349
2021-07-16T23:59:59+02:00,19609,17957,219604,213520,335271,309730,359032,354312,426973,438975,485867,490961,338379,378509,239737,306766,70786,129426,110361,107281,211332,201347,244183,249530,331884,350873,412218,424515,313530,351037,227051,289763,67027,121902,3670215,2782174,497773,392706,804281,679987,163444,499,347
2021-07-15T23:59:59+02:00,18972,17337,216841,211126,333383,308043,357463,352884,425652,437808,484937,490116,337984,378091,239539,306512,70744,129323,106477,104096,203017,195143,236739,243960,325328,345672,405189,418102,311803,349243,226514,289102,66956,121705,3655347,2735906,497180,384354,804169,672598,160355,499,347
2021-07-14T23:59:59+02:00,18133,16615,214439,208827,331714,306532,356079,351558,424449,436624,483921,489170,337535,377633,239304,306202,70690,129237,102895,100788,196594,190013,231053,239323,321062,342215,401030,414496,310503,347937,226114,288546,66877,121551,3640617,2702527,496624,378840,804045,665834,157670,499,346
2021-07-13T23:59:59+02:00,17488,15965,212280,206821,330137,305187,354761,350350,423299,435557,482982,488326,337102,377168,239102,305964,70655,129148,99164,97272,190147,184651,223959,233287,314413,336180,392667,406673,308717,346016,225515,287760,66769,121354,3627009,2659993,496073,366203,803903,656400,155601,498,341
2021-07-12T23:59:59+02:00,16477,15036,209025,203655,328093,303474,353200,348895,422070,434373,482014,487433,336691,376706,238923,305738,70616,129071,96082,94566,184886,180373,217004,227641,307616,330165,387591,402413,306999,344158,224930,287028,66670,121186,3608686,2621871,495523,359102,803753,648016,153821,497,340
2021-07-11T23:59:59+02:00,15969,14566,207684,202395,327364,302768,352544,348285,421517,433880,481575,487096,336504,376506,238863,305634,70595,129031,94666,93284,182131,178079,214022,225368,304942,328021,384775,400040,304540,341543,224554,286559,66618,121088,3602548,2606988,494892,357123,803630,637560,152005,490,336
2021-07-10T23:59:59+02:00,15496,14106,205853,200634,325911,301521,351424,347321,420797,433291,481106,486699,336338,376340,238798,305548,70585,129011,93379,92025,179622,175987,211007,222892,302439,325879,383619,399008,303895,340879,224374,286373,66602,121063,3594031,2590309,494269,356899,803395,635816,149380,490,336
2021-07-09T23:59:59+02:00,15175,13830,203948,198803,324312,300082,350363,346368,419900,432584,480542,486225,336135,376121,238701,305429,70569,128977,90607,89307,176101,172770,206673,218753,297429,321287,380188,396041,302807,339659,224072,286007,66565,120999,3584951,2561415,493413,354848,803204,628241,146789,490,335
2021-07-08T23:59:59+02:00,14716,13408,200483,195841,321021,297428,348009,344397,418199,431140,479115,485165,335702,375683,238524,305185,70526,128901,86326,85557,168885,167143,198570,212373,290081,315202,373278,389861,300119,336756,223300,285079,66448,120741,3569752,2515397,489369,346230,802687,617950,141927,490,335
2021-07-07T23:59:59+02:00,14218,12953,196765,192003,317886,294587,345716,342375,416649,429681,477924,484075,335226,375127,238336,304915,70489,128798,82654,82132,161621,161461,189570,205226,282125,308656,366284,383075,296826,333165,222400,283983,66310,120495,3548618,2467605,488019,332852,802307,608007,139068,489,333
2021-07-06T23:59:59+02:00,13760,12582,193351,188642,314652,291872,343257,340096,414943,428129,476668,482948,334727,374575,238141,304626,70437,128712,79113,78585,154978,155973,182192,199036,273219,300725,359827,377015,293640,329932,221521,282896,66202,120264,3528899,2415366,484974,325890,801892,598528,136642,488,333
2021-07-05T23:59:59+02:00,13364,12247,188985,184421,310633,288558,340765,337791,413285,426597,475532,481882,334254,374059,237968,304383,70404,128628,76068,75784,149881,151904,177444,194920,266336,294479,353738,371493,290376,326494,220642,281783,66094,120095,3506227,2376456,483830,321427,801407,588201,132583,481,333
2021-07-04T23:59:59+02:00,13187,12091,185165,180565,308022,286552,339465,336726,412412,425823,474954,481403,334034,373806,237878,304259,70378,128575,73889,73916,146801,149364,175125,192890,263909,292425,350639,369291,287078,323110,220066,281122,66040,119977,3494099,2362761,482548,319140,800837,576717,128102,481,330
2021-07-03T23:59:59+02:00,11999,11039,178754,174586,303783,283114,337150,334568,410607,424021,473754,480344,333634,373362,237704,304013,70354,128532,72118,72346,144389,147493,172696,190818,260860,289712,348365,367441,285332,321133,219799,280761,66008,119928,3467860,2347099,481150,318946,800652,572239,121941,481,330
2021-07-02T23:59:59+02:00,10905,9955,175054,171137,301394,280923,335415,332878,409363,422836,472985,479662,333375,373047,237588,303831,70326,128484,69438,69682,140494,144231,168288,186803,254828,284299,343163,362746,282088,317418,219161,279992,65960,119844,3449855,2314093,479683,316175,800458,559684,119444,480,304
2021-07-01T23:59:59+02:00,9811,9036,171402,167724,297381,277667,332945,330628,407579,421264,471898,478712,332962,372589,237389,303558,70280,128406,64573,64969,134231,138932,161044,180327,244612,275476,332400,353008,277328,312164,217313,277745,65781,119532,3427482,2258021,477606,303873,800112,542035,116311,480,303
2021-06-30T23:59:59+02:00,9326,8646,168147,164670,291801,273066,329288,327309,405817,419742,470886,477747,332543,372107,237199,303263,70246,128320,61454,62128,128621,134260,154421,174336,234590,266353,319042,339774,272134,306645,215428,275426,65615,119214,3402551,2203162,475455,291096,799817,523267,112577,480,301
2021-06-29T23:59:59+02:00,8791,8125,164371,160921,287300,268831,325741,324024,403728,417672,469350,476341,331960,371471,236951,302910,70192,128211,58680,59155,123696,129870,148424,168829,222770,255692,310512,331443,265691,299472,213466,272975,65413,118869,3375204,2144135,473476,286450,799490,505912,108993,479,298
2021-06-28T23:59:59+02:00,8387,7748,161069,157478,282295,264543,322460,321186,401598,415755,467868,475037,331442,370860,236720,302599,70149,128117,56420,56821,119812,126381,144093,164758,213569,247301,304745,326065,260753,294189,211707,270747,65267,118605,3351436,2108554,469506,277879,798837,489422,105801,479,295
2021-06-27T23:59:59+02:00,8240,7625,159575,155963,280201,262743,320664,319662,399910,414397,466983,474334,331150,370571,236617,302440,70130,128068,55231,55722,117698,124684,141549,162642,209478,243935,301403,323217,256966,290209,209254,267842,65156,118417,3341497,2093202,467436,274414,797795,473349,102814,479,295
2021-06-26T23:59:59+02:00,7090,6530,156317,152635,278107,260866,318263,317431,398726,413251,466284,473628,330879,370287,236511,302281,70106,128038,54689,55142,116371,123544,140136,161414,207243,241937,298881,320818,255437,288557,208921,267434,65129,118347,3322451,2076538,464629,274327,797787,470855,102681,427,248
2021-06-25T23:59:59+02:00,5874,5415,152026,148371,274739,257934,316213,315475,397429,412012,465287,472808,330593,369953,236386,302128,70079,127990,53411,53524,113906,120858,136075,156868,198503,233509,293212,314963,253718,286446,208332,266635,65058,118228,3297623,2034191,463210,272640,797736,464300,102460,427,248
2021-06-24T23:59:59+02:00,5023,4633,147608,144262,269958,254031,311951,311713,395259,410155,463923,471679,330176,369494,236219,301892,70046,127904,50775,50944,108808,116163,128777,150253,186515,223090,281828,304763,248358,280642,206507,264299,64855,117828,3266645,1972372,461219,260919,797572,450595,100804,426,247
2021-06-23T23:59:59+02:00,4804,4426,144457,141163,266280,250903,306725,306927,392771,407821,462525,470367,329649,368878,235989,301582,69998,127801,48846,48871,105022,112267,123131,144597,176658,214454,269905,292827,243765,275845,205177,262605,64694,117468,3239219,1916301,457711,251099,797418,439922,99032,426,246
2021-06-22T23:59:59+02:00,4556,4197,141390,138047,262587,247544,300615,301504,390149,405276,460989,468888,329108,368277,235770,301233,69950,127695,47162,47136,101429,108988,118359,140042,164100,203335,259038,282564,239715,271385,203261,260200,64443,117000,3207285,1858148,455792,243413,797238,429003,97769,424,238
2021-06-21T23:59:59+02:00,4299,3952,138135,135115,257906,243671,295384,296654,387127,402410,459522,467542,328590,367722,235545,300923,69910,127583,45941,45918,99055,106786,115633,137346,157907,197592,252186,275950,234380,265571,199351,255702,64259,116626,3175680,1827327,453767,237915,797026,409294,95823,423,238
2021-06-20T23:59:59+02:00,4156,3834,136633,133619,253710,240230,292835,294427,385740,401099,458733,466798,328369,367445,235434,300790,69890,127521,44829,45008,96822,105007,113377,135379,154887,195062,247898,271912,231389,262055,198364,254453,64178,116501,3158382,1807129,452011,234386,796869,401454,94302,423,234
2021-06-19T23:59:59+02:00,3742,3485,134491,131536,250972,237924,291063,292793,383907,399538,457891,466068,328150,367195,235331,300653,69869,127489,44293,44364,95558,103756,111914,133925,153392,193634,244696,268910,230679,261212,198196,254193,64156,116448,3142120,1791266,449204,232812,796861,401181,94207,423,233
2021-06-18T23:59:59+02:00,2794,2573,131219,128404,247462,234885,287064,289398,381520,397421,456551,464907,327776,366795,235177,300417,69842,127440,43518,43459,93990,101988,109636,131268,149866,189616,237876,261678,228962,259218,197712,253555,64081,116315,3116389,1762141,444781,232294,796836,394505,93934,422,233
2021-06-17T23:59:59+02:00,2561,2350,127523,125141,241464,230462,281863,285026,376750,393448,454235,463084,327190,366077,234937,300062,69776,127328,41294,41641,89950,98527,104763,126535,142027,181962,226519,250328,223776,253301,196066,251405,63822,115896,3081799,1706661,441815,228168,796582,383638,89486,309,222
2021-06-16T23:59:59+02:00,2292,2118,124306,121752,236583,226144,277178,280775,371587,388967,451661,460955,326457,365282,234650,299652,69710,127215,39476,40058,86428,95520,100431,122728,133830,174652,214463,238464,217571,246226,194154,249091,63570,115408,3048433,1647145,436298,222576,796066,375594,86892,307,221
2021-06-15T23:59:59+02:00,1906,1788,119396,116897,230614,221017,271845,275799,366533,384342,448826,458546,325592,364314,234305,299138,69628,127032,37863,38456,83117,92487,96476,118697,126800,168298,202158,226488,211565,239459,192211,246670,63259,114839,3003843,1590078,434382,216756,795502,367952,84190,307,218
2021-06-14T23:59:59+02:00,1645,1515,115356,112750,225400,216113,266486,270832,361262,379604,445713,455959,324810,363462,233993,298749,69566,126912,36885,37570,80850,90412,93785,116191,122701,164569,195584,220016,208468,235967,191081,245202,63042,114452,2961789,1560625,432038,214496,795242,360324,81455,305,217
2021-06-13T23:59:59+02:00,1571,1430,113864,111375,222962,214015,263949,268579,359012,377654,444544,454928,324535,363158,233858,298582,69535,126839,36031,36844,79005,88755,91785,114388,119886,161980,191737,216333,205396,232542,190050,243836,62810,114041,2946832,1546723,429606,207252,794934,352151,79412,305,215
2021-06-12T23:59:59+02:00,1422,1293,111217,108631,221072,212290,262573,267308,357580,376257,443650,454160,324248,362850,233766,298479,69517,126811,35663,36442,78022,87663,90538,113103,118321,160424,188185,213036,204365,231418,188650,242181,62800,114011,2930684,1533629,428630,207243,794914,344777,79289,304,214
2021-06-11T23:59:59+02:00,1275,1156,108682,106124,218188,209677,258911,264129,354453,373535,441936,452690,323813,362400,233632,298273,69490,126756,34995,35333,76025,84308,88314,109584,114231,155292,181515,205617,202278,229056,188049,241414,62738,113914,2906325,1506252,425846,206560,794734,331361,78604,304,212
2021-06-10T23:59:59+02:00,1116,1003,103937,101726,212138,204935,251873,258322,348372,368246,437453,448923,322958,361432,233312,297827,69406,126605,33418,33854,72041,80149,83419,104100,107586,147119,169223,192014,196231,222195,186326,239284,62487,113513,2862800,1459330,418773,204827,793893,304415,74496,302,208
2021-06-09T23:59:59+02:00,968,874,100030,98034,206196,200218,245076,252623,341730,362306,433779,445910,322286,360693,233044,297448,69342,126473,31891,32606,68821,77510,79739,100947,102888,142857,158133,181304,185653,210252,184466,237044,62215,113021,2823918,1405533,410267,200861,793387,293194,69867,263,205
2021-06-08T23:59:59+02:00,786,693,95511,93504,199584,194663,238126,246628,333489,355041,428681,441255,321456,359694,232674,296965,69261,126336,30822,31756,66239,75222,76470,98231,98322,138956,150572,173849,176970,200571,182666,234808,61983,112655,2772058,1366472,404511,195967,792808,282401,65370,263,190
2021-06-07T23:59:59+02:00,628,552,92306,90409,193538,189970,231579,241397,325664,348876,425644,438819,320915,359066,232461,296641,69207,126240,29957,30910,63782,73277,73523,96078,94567,136029,142524,166082,172936,195968,181245,233002,61760,112273,2733145,1339449,398368,192683,792245,271343,60549,260,189
2021-06-06T23:59:59+02:00,590,516,90734,89095,190260,187431,228240,238640,321398,345480,424218,437744,320646,358776,232353,296483,69183,126193,29357,30358,62017,71601,71451,94081,91391,132969,136859,160321,170414,193357,180136,231605,61531,111893,2717780,1327639,390994,183062,791770,260922,57825,258,189
2021-06-05T23:59:59+02:00,510,436,88793,87083,185397,183220,225782,236507,319582,343849,423219,436830,320357,358454,232205,296315,69169,126161,28907,29610,60824,69665,70063,91946,89724,130730,132120,155009,167423,189700,179651,230948,61497,111827,2694357,1304100,390877,182597,791574,255601,57449,257,189
2021-06-04T23:59:59+02:00,410,351,86443,84561,181745,179626,221779,232562,316001,340223,420860,434642,319899,357920,232009,296087,69131,126098,28443,28944,59716,68021,68794,89877,87943,128131,128770,151366,163196,184944,178663,229684,61449,111741,2665147,1285361,387063,181828,791462,245536,57057,257,189
2021-06-03T23:59:59+02:00,317,277,83162,81502,176031,174983,214537,226476,308307,333538,413116,427790,318871,356747,231640,295642,69076,125967,27556,27937,57834,65843,66417,87148,84324,124040,122040,144712,156876,177367,177099,227663,61336,111504,2616317,1256271,376831,176539,791044,232826,54156,255,185
2021-06-02T23:59:59+02:00,268,218,81095,79345,171971,171279,210902,223337,304742,330199,411077,425961,318465,356296,231487,295436,69048,125916,27093,27458,56714,64739,64841,85880,82284,122108,117085,139837,149015,168422,176385,226710,61251,111335,2587641,1224155,375450,174577,791015,229217,53298,253,182
2021-06-01T23:59:59+02:00,172,151,76840,75525,163715,164733,201564,215616,295655,322330,402878,418138,316957,354686,230948,294702,68937,125689,25541,26044,52416,61803,60020,82603,76891,117628,109687,132651,137942,155048,174288,223982,61042,110909,2529037,1174166,363828,170481,790256,217465,46463,251,178
2021-05-31T23:59:59+02:00,150,134,74102,73052,158073,160428,194265,209667,288281,315966,397148,413178,315964,353579,230564,294184,68847,125518,24632,24991,49804,59600,56868,80084,73311,114366,105206,128221,133807,150162,172925,222266,60872,110578,2488666,1151826,354461,168167,789632,207094,40681,250,176
2021-05-30T23:59:59+02:00,139,126,73054,71988,155605,158406,191645,207320,285508,313457,395263,411441,315603,353169,230404,293949,68810,125438,24033,24212,48231,57887,55138,78237,71095,111822,102561,125368,131658,147643,172135,221336,60780,110368,2472861,1142108,351945,166861,789011,195762,37846,250,174
2021-05-29T23:59:59+02:00,136,125,72446,71399,154099,157008,189348,205291,283674,311876,394425,410667,315380,352925,230324,293871,68799,125420,23710,23689,47316,56393,53802,76366,69176,108983,100252,122579,128865,144229,171486,220431,60753,110316,2458993,1128551,351788,166797,788942,185244,37826,250,173
2021-05-28T23:59:59+02:00,132,122,71361,70282,151713,154754,185700,201761,280409,308745,392565,408903,314971,352425,230177,293657,68780,125363,23180,22689,45709,54270,51985,73813,67140,105045,95939,116699,124509,139193,170512,219125,60707,110202,2435226,1106023,350743,166584,788734,170732,37449,249,170
2021-05-27T23:59:59+02:00,121,114,68055,67273,145244,149830,177524,195522,274037,303597,386262,403233,313716,350981,229718,293126,68709,125181,21865,21009,42464,51226,48113,70008,62604,99050,89600,109207,120598,134581,167722,215428,60535,109889,2390740,1077670,343152,163845,786939,150721,31730,249,166
2021-05-26T23:59:59+02:00,117,111,65905,65100,140301,145753,171437,190466,267294,297938,379530,396549,312201,349379,229232,292432,68607,124970,21129,20101,40647,49097,45767,67278,59581,95262,85013,104109,115636,128868,163938,210103,60327,109463,2353527,1045819,329973,162282,785132,139280,29003,246,165
2021-05-25T23:59:59+02:00,116,106,63879,63116,136109,142270,166392,186184,260234,291669,374115,391171,310926,347979,228827,291788,68524,124793,20557,19441,39250,47586,43939,65269,57115,92272,80954,99744,110722,123201,158417,202883,60160,109163,2316063,1014429,322477,158865,782601,130076,27370,242,162
2021-05-24T23:59:59+02:00,113,104,62637,61909,133363,140176,163119,183777,253296,285689,369186,386504,310101,347061,228542,291405,68452,124665,20215,19042,38235,46520,42599,63790,55447,90266,78727,97243,109308,121554,157814,202102,60048,108964,2292350,1005140,311400,157572,780829,123402,25828,242,160
2021-05-23T23:59:59+02:00,108,104,62142,61394,132263,139284,161925,182746,252057,284671,367603,385076,309488,346406,228371,291179,68432,124629,19986,18856,37689,45967,41851,63094,54289,89274,77243,95883,108141,120165,156838,200886,59981,108827,2280877,997028,310823,154489,780782,121819,25703,242,159
2021-05-22T23:59:59+02:00,105,102,61450,60775,130782,138218,159562,181128,249092,282384,365131,382861,308963,345815,228195,290913,68406,124579,19670,18434,37079,45367,41214,62565,53638,88554,76477,94744,106593,118366,156067,199918,59954,108773,2262968,990343,310808,154485,780744,118407,24243,242,159
2021-05-21T23:59:59+02:00,101,98,60120,59340,127885,135630,156292,177814,243871,277626,359047,377181,308030,344727,227898,290517,68346,124472,19311,18069,36467,44600,40564,61518,52691,87162,74766,92444,103362,114423,154934,198469,59862,108598,2226986,977365,309172,154160,779182,111821,23960,235,157
2021-05-20T23:59:59+02:00,93,96,57073,56550,122159,130767,149374,171508,233576,268899,350033,368912,305502,341992,227132,289514,68214,124254,18016,17135,34299,42356,38117,58624,49880,83403,70844,87963,99254,109812,152481,195462,59683,108245,2169123,958150,302526,152223,773228,94195,21067,227,157
2021-05-19T23:59:59+02:00,92,94,54864,54359,117158,126095,142216,164904,223058,259557,339509,358039,302862,339130,226387,288476,68064,123978,17436,16353,33076,40776,36713,56564,47873,80634,67609,84395,95379,105347,148863,190751,59421,107753,2103346,934802,296285,150254,770253,84718,19239,227,144
2021-05-18T23:59:59+02:00,87,89,52773,52401,112375,121841,135851,159342,211505,249196,329650,348259,300196,336167,225512,287281,67912,123724,16919,15755,31876,39322,35370,54778,46072,78243,64734,81175,91389,100828,145676,186699,59210,107318,2043571,914648,286940,147406,766665,76115,17261,223,144
2021-05-17T23:59:59+02:00,84,86,51740,51408,110048,119792,133053,156693,204995,243188,322091,341188,298412,334203,224928,286459,67805,123511,16487,15313,30842,38282,34215,53501,44596,76458,62487,78789,86568,94979,144216,184816,59060,107003,2016826,903035,274669,139950,763259,69487,15203,222,142
2021-05-16T23:59:59+02:00,83,83,50956,50753,108610,118472,131316,155037,202029,240513,314663,334246,297395,333075,224621,285976,67753,123414,16204,14943,30095,37507,33344,52583,43535,75147,61158,77321,83160,90915,143430,183744,58973,106864,2001531,896984,264255,133194,760026,65354,13454,221,138
2021-05-15T23:59:59+02:00,83,83,50420,50122,107612,117486,130307,153929,200101,238583,311103,331044,296776,332388,224425,285706,67733,123350,16065,14780,29841,37201,33057,52153,43049,74503,60312,76340,82565,90102,142916,183078,58937,106817,1985374,891758,264238,133048,759163,64229,12745,220,137
2021-05-14T23:59:59+02:00,82,83,49168,48705,105367,115397,126722,150486,191904,231530,304809,325175,295798,331256,224140,285259,67686,123255,15568,14355,29062,36384,32293,50966,41974,72727,58756,74397,80667,87620,142306,182094,58897,106731,1948215,882155,262542,132184,754620,58815,11705,217,136
2021-05-13T23:59:59+02:00,79,82,47254,46761,101535,112177,122022,146388,181904,222961,294222,315377,292832,327839,223332,284121,67586,123048,14707,13911,28208,35689,31533,50070,41034,71641,57256,72836,76899,83288,139551,178501,58787,106515,1896728,869656,253951,125165,748401,54972,10690,213,135
2021-05-12T23:59:59+02:00,77,80,46344,46058,99623,110754,119969,144734,179364,220855,289497,310063,291670,326576,223090,283801,67548,122963,14542,13761,27892,35473,31133,49781,40593,71268,56720,72270,75567,81673,138776,177376,58701,106355,1873722,863956,251792,123386,747912,54702,9892,209,134
2021-05-11T23:59:59+02:00,73,74,44104,44588,95607,107685,114175,140013,166018,209597,277866,299315,288273,322668,222133,282400,67399,122664,14115,13197,26883,34050,30009,47986,39295,68995,55012,70007,72490,78098,137429,175549,58543,105997,1814953,851740,242106,120704,739416,46838,8426,205,132
2021-05-10T23:59:59+02:00,72,70,42854,43619,93012,105687,110928,137391,157643,202594,270004,292218,286103,320223,221557,281538,67274,122424,13771,12753,26124,33067,29215,46733,38300,67142,53790,68278,70409,75551,136290,174040,58424,105710,1779473,842896,236071,119656,732458,39647,7456,201,126
2021-05-09T23:59:59+02:00,71,70,41736,42851,90336,103944,108278,135625,152643,199182,264496,287295,284869,318841,221181,281009,67208,122278,13459,12535,25434,32399,28487,45931,37510,66183,52849,67328,69181,74150,135697,173207,58369,105579,1760211,838326,228994,118670,726483,34890,6467,199,126
2021-05-08T23:59:59+02:00,70,70,41445,42553,89493,103216,107191,134778,151201,197972,261941,285237,284368,318299,221063,280830,67192,122246,13357,12474,25306,32308,28342,45802,37321,65991,52511,67011,68219,73230,134634,171843,58322,105486,1748239,833742,228486,117928,726260,34114,6454,164,100
2021-05-07T23:59:59+02:00,68,69,40522,41839,87569,101884,104386,132571,146589,194175,255708,279735,283033,316705,220715,280373,67139,122123,12612,11990,24484,31576,27581,44743,36460,64731,51331,65502,65979,70547,132418,169036,58233,105308,1722543,824111,225288,115673,722140,27327,5501,163,99
2021-05-06T23:59:59+02:00,64,68,37880,40119,82828,98433,98407,127830,136423,185685,239280,265348,277916,310921,219428,278688,66964,121807,11925,11474,23549,30473,26588,43395,35106,62733,49595,63534,63496,67431,130317,166280,58120,105090,1657089,813060,215391,112572,711279,18965,4590,155,98
2021-05-05T23:59:59+02:00,62,65,35994,38926,79183,95853,93818,124189,128609,179163,224545,251323,271737,303790,217855,276699,66718,121284,11689,11199,23012,29750,25988,42471,34183,61336,48447,62124,60895,64330,127384,162590,58022,104839,1590957,800822,210332,109019,705259,14981,3518,155,97
2021-05-04T23:59:59+02:00,62,63,34892,37825,76465,93544,90322,121151,123055,174434,213941,241063,266255,297346,216415,274858,66510,120816,11528,10998,22610,29212,25531,41702,33470,60259,47340,60853,58182,61163,125029,159662,57872,104603,1541978,788989,205224,106395,699197,11846,2867,154,94
2021-05-03T23:59:59+02:00,61,61,34026,36773,74183,91730,87449,118808,118616,170797,207293,235064,262980,293486,215617,273776,66389,120521,11285,10728,22218,28636,25053,41005,32786,59294,46319,59716,55406,57831,121267,154778,57615,104166,1510264,773197,202116,104688,694280,9086,1214,152,93
2021-05-02T23:59:59+02:00,61,61,33675,36457,73013,90831,85987,117715,116195,168933,204202,232555,262022,292400,215332,273369,66324,120413,11214,10657,22030,28426,24828,40719,32449,58890,45868,59241,54217,56375,118213,151108,57532,104036,1499688,768202,199330,99151,690420,8188,347,151,90
2021-05-01T23:59:59+02:00,60,61,33361,36086,72253,90040,84919,116677,114737,167577,201126,229526,261333,291580,215123,273088,66313,120375,11200,10642,21977,28396,24769,40681,32388,58832,45785,59166,53976,56083,118054,150912,57523,104019,1484647,766894,199328,99111,690155,8140,343,150,90
2021-04-30T23:59:59+02:00,57,58,32821,35487,71048,88821,83461,114953,110964,164018,193741,222419,259341,289216,214675,272482,66253,120269,10880,10447,21617,28118,24495,40259,32063,58271,45323,58535,53083,54922,117106,149728,57468,103900,1451812,763226,199003,97130,689358,5800,147,148,87
2021-04-29T23:59:59+02:00,55,56,31323,34540,68138,86804,79840,112358,105867,159924,180948,210889,251423,280128,213479,270853,66118,119920,10578,10236,21143,27669,24066,39760,31479,57529,44522,57603,51255,52734,115261,147495,57368,103705,1397048,754415,191727,94456,683998,3494,127,141,85
2021-04-28T23:59:59+02:00,54,54,30090,33929,66275,85499,77362,110542,102447,157076,171277,201729,240586,267548,212199,269168,65921,119592,10395,10076,20846,27318,23704,39291,31058,56877,43798,56781,49139,50122,112686,144270,57245,103493,1344488,744901,188375,89923,678629,2268,97,134,83
2021-04-27T23:59:59+02:00,51,53,29335,33247,64705,84038,75367,108738,99695,154683,166565,197013,232088,257751,211054,267556,65801,119369,10272,9965,20565,27029,23468,38963,30701,56382,43116,56091,47139,47584,110049,140844,57128,103294,1310515,735116,186077,85921,670658,1551,96,132,79
2021-04-26T23:59:59+02:00,50,53,28906,32865,63608,83156,73873,107578,97419,152978,157960,189010,227907,252913,210350,266567,65710,119171,10179,9875,20352,26844,23232,38746,30407,56044,42505,55518,45336,45441,108160,138369,57033,103141,1281637,727178,184637,82835,663942,1172,92,130,77
2021-04-25T23:59:59+02:00,50,52,28655,32629,62834,82635,72814,106847,95694,151756,152586,184145,223579,248039,209761,265790,65645,119050,10124,9841,20273,26769,23146,38665,30296,55920,42345,55359,44922,44944,107482,137461,57005,103071,1268928,725523,178504,81067,655271,1040,89,130,76
2021-04-24T23:59:59+02:00,50,51,28313,32203,61899,81416,71630,105406,94149,150104,147692,179004,220797,244714,209291,265118,65611,119000,10109,9823,20232,26727,23096,38600,30215,55834,42196,55223,44680,44637,107233,137167,56984,103043,1244120,724441,178477,80369,653992,997,88,130,75
2021-04-23T23:59:59+02:00,48,51,27567,31584,60332,79912,69846,103391,91565,147472,142926,174623,216255,239177,208636,264128,65549,118885,10057,9761,20123,26641,22965,38450,29982,55629,41834,54893,44062,43881,106173,135887,56827,102768,1219313,721100,177300,77899,645472,945,87,128,73
2021-04-22T23:59:59+02:00,46,50,26953,30985,58799,78477,67383,101178,87448,143988,134900,167144,207234,228196,206598,261498,65351,118490,9932,9665,19874,26349,22612,38017,29469,55115,41080,54259,42894,42556,104183,133445,56599,102370,1177847,713649,169866,73961,637144,821,87,123,71
2021-04-21T23:59:59+02:00,46,48,26461,30464,57475,77378,65504,99554,84422,141355,127723,160341,194182,212878,204452,258613,65126,118065,9802,9579,19643,26104,22328,37692,29118,54667,40531,53730,42051,41539,102001,130668,56346,101960,1126461,707132,166991,69891,630777,749,87,116,70
2021-04-20T23:59:59+02:00,45,47,26037,29998,56320,76239,63835,97979,81883,138783,122650,155288,182720,199439,202032,255487,64893,117644,9699,9489,19426,25916,22037,37423,28711,54257,39992,53197,41238,40611,99788,127687,56010,101423,1083933,699609,163507,66643,624021,671,85,114,66
2021-04-19T23:59:59+02:00,45,46,25672,29645,55353,75420,62555,96807,79763,136861,119135,151915,176981,192607,200325,253259,64710,117314,9591,9398,19196,25698,21793,37152,28396,53867,39482,52669,40444,39704,96696,123728,55605,100713,1059452,689288,161680,64229,617426,635,84,109,66
2021-04-18T23:59:59+02:00,44,44,25369,29385,54586,74875,61434,95861,77916,135442,115777,149524,171881,187062,199315,252035,64602,117124,9518,9324,19009,25526,21617,36987,28180,53590,39222,52420,40116,39317,95481,122185,55424,100417,1045523,685435,160014,62299,606879,620,84,108,65
2021-04-17T23:59:59+02:00,43,43,25260,29293,54215,74681,60919,95510,77263,134845,114932,148784,167635,182186,198781,251311,64567,117059,9473,9265,18871,25338,21431,36757,27954,53315,38957,52153,39818,38997,94722,121258,55360,100334,1034657,681431,159986,61985,602823,608,84,108,65
2021-04-16T23:59:59+02:00,43,43,24888,29045,53228,74075,59638,94636,75645,133517,110795,144650,160011,173421,197129,249111,64458,116851,9264,9090,18479,24912,20854,36185,26856,52418,36948,50560,36532,36096,91546,117752,54958,99679,1008804,666470,159201,55109,593317,570,84,107,64
2021-04-15T23:59:59+02:00,39,39,24414,28592,51979,72908,57682,92910,72380,130676,105329,139377,152153,164454,192477,243242,64162,116234,9090,8928,18111,24491,20361,35528,26180,51627,35559,49333,34428,34073,88448,114033,54451,98822,976629,653430,157148,49536,575405,519,83,106,62
2021-04-14T23:59:59+02:00,37,35,24072,28267,51043,71973,56344,91524,70000,128521,101343,135614,142965,154082,184742,233367,63822,115566,8688,8657,17639,23987,19826,34886,25269,50751,34273,48213,32391,31926,85476,110393,53961,97964,938797,638583,154483,45320,560172,421,82,103,61
2021-04-13T23:59:59+02:00,37,35,23835,28052,50350,71435,55402,90703,68367,127116,97621,132185,131144,140975,178356,225036,63482,114977,8454,8487,17295,23583,19406,34355,24605,49957,33208,47201,31010,30570,83337,108025,53605,97422,905593,629315,149973,40931,543678,299,82,101,59
2021-04-12T23:59:59+02:00,36,34,23628,27867,49800,70927,54541,89971,66906,125830,94995,129861,124043,132948,175134,221088,63213,114486,8216,8301,16936,23288,19038,33921,24135,49422,32540,46576,29494,29034,81681,106092,53279,96901,889211,620919,148437,37680,527794,280,81,100,57
2021-04-11T23:59:59+02:00,35,34,23456,27707,49277,70507,53813,89518,65770,125028,93141,128384,118570,126940,171218,216490,63044,114190,8084,8167,16640,23009,18720,33613,23779,49042,32094,46192,28861,28370,80661,104847,53071,96582,881756,615639,144030,35854,511470,265,79,99,56
2021-04-10T23:59:59+02:00,35,34,23395,27650,49110,70373,53614,89362,65444,124760,92618,127950,116489,124415,169781,214642,63003,114090,7497,7564,15750,22224,17764,32774,22659,48010,30984,45199,28202,27658,78570,102243,52805,96146,874778,600341,143178,35475,508947,259,74,99,56
2021-04-09T23:59:59+02:00,34,34,23149,27402,48611,69882,52976,88682,64449,123639,90794,126046,107679,113489,166408,210241,62805,113734,6539,6667,14224,20904,16047,31219,20522,46048,28787,43194,26432,25838,75076,98076,52262,95308,855407,572955,136133,33966,498658,248,67,94,55
2021-04-08T23:59:59+02:00,34,34,22854,27157,48032,69393,52226,87987,63145,122561,88383,123883,97384,101518,160876,203404,62479,113170,5898,6080,13038,19889,14790,29881,18882,44335,26292,40862,23419,22875,70439,92324,51125,93559,836783,541476,127249,32028,480644,215,57,92,55
2021-04-07T23:59:59+02:00,32,33,22544,26932,47232,68939,51304,87378,61758,121583,85251,121448,88209,91236,153883,194627,62185,112609,5518,5759,12382,19216,13977,29054,17840,43284,24386,38967,20886,20355,66491,87564,50133,91946,816427,518054,121663,29551,459251,183,53,91,54
2021-04-06T23:59:59+02:00,31,33,22334,26771,46707,68559,50717,86854,60727,120807,83149,119707,80454,82437,147532,186668,61842,111982,5326,5601,12035,18860,13626,28623,17307,42724,23524,38161,19762,19328,63340,83480,49214,90566,797176,504726,118455,26615,441840,172,49,89,52
2021-04-05T23:59:59+02:00,31,32,22236,26647,46396,68216,50335,86457,60181,120117,81972,118555,75981,77351,142538,180572,61641,111667,5188,5462,11774,18608,13332,28311,16986,42352,23080,37702,19299,18859,60466,79933,48516,89501,787765,495416,116704,23823,426617,167,46,87,52
2021-04-04T23:59:59+02:00,31,32,22188,26587,46276,67949,50166,86144,59902,119617,81465,117924,74541,75646,141838,179597,61604,111585,5184,5456,11756,18595,13321,28295,16968,42335,22982,37630,18892,18536,59032,78088,48311,89190,785233,490633,116601,23821,421426,160,42,84,50
2021-04-03T23:59:59+02:00,31,32,22126,26506,46153,67841,50004,85969,59586,119305,80898,117348,73196,74012,140724,178060,61521,111436,5175,5448,11743,18577,13298,28275,16934,42288,22877,37556,18756,18387,58682,77528,48222,89045,778878,488854,116559,23821,419480,160,41,83,50
2021-04-02T23:59:59+02:00,31,32,22049,26423,45993,67676,49787,85721,59118,118856,80020,116536,71642,72132,138446,175084,61324,111078,5156,5411,11696,18535,13244,28193,16845,42140,22604,37078,18399,18025,56343,74651,47412,87949,769779,480389,114785,23178,417554,160,39,82,48
2021-04-01T23:59:59+02:00,28,30,21855,26219,45576,67156,49143,84981,58243,117917,78139,114867,68383,68708,134370,169918,61007,110513,5009,5269,11425,18273,13021,27960,16523,41832,22104,36638,17584,17283,51517,68634,45736,85495,758153,462397,108705,21810,410368,146,34,80,47
2021-03-31T23:59:59+02:00,28,30,21529,26000,45176,66634,48651,84333,57516,116979,76982,113623,66345,66393,129618,163815,60605,109791,4931,5219,11330,18155,12861,27810,16284,41562,21512,36129,16456,16380,46317,62233,44361,83524,748417,444112,101561,20866,404249,143,30,78,43
2021-03-30T23:59:59+02:00,28,29,21352,25779,44778,66016,48147,83537,56810,115928,75849,112249,64510,64376,125245,158067,60138,108891,4864,5134,11225,18029,12669,27621,15956,41239,20935,35580,15622,15579,43560,58826,43246,81731,738256,432255,97347,19506,396312,114,26,73,42
2021-03-29T23:59:59+02:00,27,29,21155,25540,44319,65466,47671,82848,56076,114854,74626,110815,62024,61636,118515,149433,59368,107498,4767,5064,11120,17918,12517,27455,15709,40920,20478,35112,14970,15040,40976,55848,42141,79912,717746,421076,93927,18831,390412,99,26,73,41
2021-03-28T23:59:59+02:00,27,29,20950,25252,43821,64784,47157,82107,55397,113849,73686,109712,60765,60202,113815,143462,58924,106741,4712,5006,10974,17773,12263,27157,15518,40674,20311,34881,14731,14796,39896,54432,41793,79376,711221,416770,86623,17506,383021,79,26,72,38
2021-03-27T23:59:59+01:00,27,29,20831,25096,43529,64419,46797,81578,54897,113158,73016,108975,59612,59120,112334,141756,58857,106662,4699,4994,10947,17754,12245,27127,15157,40248,19912,34445,14438,14584,39411,53747,41320,78560,705956,412725,85923,16852,378998,73,26,72,38
2021-03-26T23:59:59+01:00,27,28,20579,24584,42727,62717,45831,79554,53564,110143,71007,105365,57603,57243,109585,138524,58531,106148,4681,4961,10924,17702,12176,27035,15079,40139,19573,33852,13971,13935,36349,49918,39265,75320,694585,398249,82618,16634,366740,60,23,71,38
2021-03-25T23:59:59+01:00,27,26,20148,23911,41854,60957,44739,77006,52053,106624,68623,101603,55013,54611,106278,134559,57961,105159,4635,4907,10833,17600,12054,26890,14895,39920,19299,33545,13496,13445,32501,44876,36271,70791,683183,379928,78424,16037,349728,55,21,70,38
2021-03-24T23:59:59+01:00,27,26,19748,23465,41078,59689,43727,75472,50679,104709,66531,99276,52232,51701,102032,129462,57324,104082,4581,4841,10740,17461,11887,26689,14664,39638,18931,33127,13040,12992,29936,41665,33160,65958,670399,364392,73554,14936,337495,49,16,68,38
2021-03-23T23:59:59+01:00,27,26,19502,23166,40518,58782,43006,74386,49647,103200,64880,97422,49946,49360,99276,126250,56765,103243,4522,4771,10640,17337,11741,26508,14418,39327,18515,32741,12538,12486,27506,38571,29499,60068,662293,346861,70213,14348,327085,45,15,66,38
2021-03-22T23:59:59+01:00,27,26,19283,22755,39883,57902,42341,73348,48703,101818,63407,95792,48117,47480,96879,123506,56293,102471,4464,4724,10554,17222,11611,26331,14260,39087,18276,32440,12228,12113,25673,36224,25554,53702,656010,330688,67407,13796,316802,42,15,65,37
2021-03-21T23:59:59+01:00,27,26,19146,22496,39392,57149,41792,72504,48051,100665,62464,94564,47073,46457,95234,121655,55924,101892,4450,4716,10518,17174,11566,26245,14200,38997,18195,32341,12109,11982,25245,35776,25200,53144,653441,328497,65380,13382,307875,42,14,64,37
2021-03-20T23:59:59+01:00,26,26,19086,22351,39182,56654,41554,71945,47740,100028,62027,93964,46423,45691,92636,118426,55639,101406,4441,4709,10509,17162,11539,26229,14157,38961,18113,32267,11950,11821,24606,35002,24438,52060,646987,324792,64932,13193,303068,42,14,64,37
2021-03-19T23:59:59+01:00,25,25,18733,21787,38050,54536,40276,69952,46007,97943,59153,91206,41990,41826,87426,112668,54938,100326,4421,4696,10476,17114,11475,26118,14067,38791,17878,31969,11598,11543,22939,32946,22758,49501,629257,315486,57734,12831,290057,35,14,62,37
2021-03-18T23:59:59+01:00,25,24,18340,21142,36875,52382,38736,67163,43854,93480,55310,85415,37963,38030,82699,107193,53851,98666,4401,4668,10409,17011,11397,25965,13917,38602,17660,31767,11366,11360,21694,31433,21047,46903,612339,307409,51997,12221,266987,32,14,62,36
2021-03-17T23:59:59+01:00,25,23,17921,20792,36150,51464,37972,66211,42774,92127,53523,83589,35294,35249,78678,102372,52907,97193,4378,4642,10347,16917,11325,25831,13804,38414,17462,31576,11129,11138,20455,30023,19458,44505,595698,299920,47602,11514,261135,29,14,61,36
2021-03-16T23:59:59+01:00,24,23,17564,20374,35404,50396,37159,65018,41679,90456,51687,81602,33092,33233,74657,97444,52027,95879,4328,4593,10274,16789,11234,25681,13706,38177,17328,31333,10959,10961,19176,28509,17977,42182,582469,292158,42916,11080,252501,28,11,60,36
2021-03-15T23:59:59+01:00,24,23,17286,20010,34699,49418,36370,63827,40776,88976,50427,80004,31375,31396,71377,93353,51330,94747,4306,4559,10208,16666,11168,25480,13592,37890,17179,31061,10792,10803,18445,27546,16720,40323,571359,286349,39593,10432,244642,27,0,58,36
2021-03-14T23:59:59+01:00,24,22,17018,19583,33846,48210,35471,62509,39721,87149,49173,78281,30213,30165,69383,90792,50885,94071,4282,4540,10163,16589,11111,25338,13532,37668,17089,30897,10721,10718,18263,27265,16458,39763,564254,285152,37717,9298,234721,17,0,54,36
2021-03-13T23:59:59+01:00,24,22,16208,18527,32352,46184,33899,60381,37686,84092,47048,75740,28866,28815,67369,88172,50616,93680,4282,4540,10161,16583,11108,25331,13523,37662,17083,30888,10684,10685,17515,26380,15413,38311,547909,280903,37432,9297,224502,17,0,54,36
2021-03-12T23:59:59+01:00,23,22,15106,17151,29911,43536,31234,57241,34823,79238,43840,71281,26034,25625,63066,82871,49637,92279,4270,4507,10142,16521,11090,25280,13477,37545,16992,30757,10407,10458,16634,25137,14343,36790,519908,275115,36121,9286,207043,14,0,52,35
2021-03-11T23:59:59+01:00,22,22,14066,15691,27666,40846,28916,54055,32236,74850,40087,66390,22636,22150,57060,75561,47707,89440,4229,4468,10061,16402,10980,25055,13360,37235,16827,30453,10105,10246,15999,24297,13675,35518,487890,271118,34531,7847,187119,11,0,50,34
2021-03-10T23:59:59+01:00,22,22,13470,14994,26259,39230,27268,52234,30675,72533,37572,63266,19889,19601,51145,68424,46156,87102,4195,4424,9962,16235,10862,24805,13212,36816,16626,30081,9869,10063,15255,23524,13016,34493,461490,266390,32485,7103,176024,9,0,49,34
2021-03-09T23:59:59+01:00,21,21,13187,14527,25138,38192,25853,51049,29612,70880,36192,61434,18712,18479,47637,63985,45031,85314,4171,4398,9878,16069,10759,24546,13059,36499,16451,29845,9745,9961,14594,22687,12521,33719,447895,262687,29960,6271,167533,9,0,49,32
2021-03-08T23:59:59+01:00,20,21,12856,13926,24054,37085,24586,49911,28676,69396,34961,59816,17634,17601,43521,59000,43803,83331,4156,4362,9817,15871,10657,24287,12926,36143,16324,29580,9662,9877,14100,22081,12207,33280,432447,259511,27955,5880,159918,4,0,48,31
2021-03-07T23:59:59+01:00,20,21,12623,13634,23460,36235,23890,49036,28076,68525,34352,59058,17372,17351,42455,57551,43436,82768,4144,4349,9797,15829,10630,24214,12894,35973,16267,29466,9640,9848,13901,21828,12071,33078,427691,258454,26141,5540,156150,0,0,47,30
2021-03-06T23:59:59+01:00,20,20,12510,13343,23058,35502,23360,48249,27030,66999,33254,57296,16986,17022,41810,56662,43135,82301,4141,4335,9786,15803,10612,24180,12884,35931,16249,29435,9623,9807,13854,21790,11968,32868,423633,258076,26077,5256,148964,0,0,47,29
2021-03-05T23:59:59+01:00,20,20,12098,12742,22377,34298,22678,47019,26274,65370,32022,54877,16341,16191,38350,52359,40979,78859,4114,4288,9716,15703,10562,24032,12816,35736,16163,29228,9527,9738,13668,21576,11598,32257,408453,256380,24626,4408,139905,0,0,47,28
2021-03-04T23:59:59+01:00,18,20,11339,11737,21189,32571,21460,44975,24919,62720,30327,52519,15611,15474,34347,47194,37899,74171,4064,4199,9603,15413,10460,23675,12683,35206,16018,28830,9352,9585,13510,21365,11514,32112,390014,253339,22553,4316,126030,0,0,47,26
2021-03-03T23:59:59+01:00,16,20,11033,11249,20500,31355,20688,43616,24014,60971,29285,50879,15136,14972,31737,43872,34814,69404,4024,4136,9524,15244,10381,23424,12577,34785,15842,28485,9170,9459,13385,21151,11368,31842,374583,250712,21760,4153,117324,0,0,44,24
2021-03-02T23:59:59+01:00,16,20,10770,10825,19855,30388,19975,42597,23228,59585,28314,49606,14509,14325,29061,40501,30928,63186,3976,4065,9462,15079,10313,23159,12474,34353,15741,28179,9045,9357,13247,20963,11291,31697,356399,248315,20250,4152,111140,0,0,43,24
2021-03-01T23:59:59+01:00,14,19,10599,10566,19343,29585,19414,41716,22639,58515,27602,48484,14094,13870,26991,37912,26673,56302,3961,4016,9408,14924,10250,22860,12394,33976,15634,27856,8963,9297,13064,20695,11176,31514,339189,245901,19137,4152,106109,0,0,43,24
2021-02-28T23:59:59+01:00,13,19,10433,10367,18876,28939,18882,40979,22161,57663,27117,47692,13887,13629,26383,37252,26268,55700,3945,4002,9384,14892,10231,22809,12377,33906,15607,27810,8937,9273,12933,20517,11113,31364,336743,245049,18277,4116,101335,0,0,43,24
2021-02-27T23:59:59+01:00,13,18,10254,9852,18547,28072,18624,40194,21876,56681,26789,46900,13611,13328,25716,36448,25346,54282,3933,3991,9363,14872,10199,22761,12338,33824,15563,27737,8915,9257,12923,20501,11108,31357,332838,244698,17555,4009,96251,0,0,43,24
2021-02-26T23:59:59+01:00,12,17,9458,9067,17645,26633,17843,37988,20948,53831,25330,44076,13145,12926,24127,34461,23822,51976,3852,3923,9285,14711,10125,22505,12257,33459,15446,27443,8835,9176,12856,20433,11067,31287,323727,242791,17302,3935,82364,0,0,43,22
2021-02-25T23:59:59+01:00,12,17,8299,8216,16323,25029,16575,35726,19710,50944,23621,41296,12672,12525,22847,32869,22327,49693,3730,3780,9123,14399,9905,21901,12003,32607,15120,26790,8639,9024,12596,20108,10926,31019,316108,238656,16531,3081,66148,0,0,42,21
2021-02-24T23:59:59+01:00,11,16,7934,7693,15668,23993,15946,34489,18996,49431,22830,40097,12277,12189,21541,31370,20647,47066,3658,3713,8983,14108,9729,21448,11801,31981,14857,26254,8498,8887,12454,19935,10861,30808,307863,235885,15567,2154,58847,0,0,42,21
2021-02-23T23:59:59+01:00,11,16,7450,7216,14854,22818,15261,33271,18276,48021,22112,39029,11970,11865,20204,29796,19033,44510,3618,3638,8863,13906,9593,21052,11614,31405,14558,25752,8329,8745,12327,19725,10791,30577,299752,233065,14767,1491,51273,0,0,42,21
2021-02-22T23:59:59+01:00,10,14,7343,7011,14470,22200,14911,32543,17814,47015,21618,38296,11772,11616,19457,28789,17719,42557,3588,3536,8726,13614,9429,20550,11360,30666,14185,25156,8082,8552,12128,19473,10687,30274,293897,229761,14157,307,47181,0,0,40,21
2021-02-21T23:59:59+01:00,10,14,7253,6886,14149,21758,14492,31960,17399,46364,21181,37802,11666,11515,19294,28576,17472,42224,3550,3496,8644,13491,9354,20334,11289,30374,14064,24887,8020,8490,12072,19366,10616,30111,292756,227926,13785,293,43550,0,0,40,21
2021-02-20T23:59:59+01:00,10,14,7136,6836,14024,21678,14376,31825,17280,46214,21023,37621,11567,11432,18512,27659,16416,40754,3548,3490,8634,13483,9344,20313,11275,30349,14051,24876,8015,8481,12007,19302,10562,30043,288503,227543,13588,292,42359,0,0,40,20
2021-02-19T23:59:59+01:00,8,13,6836,6584,13670,21239,14005,31156,16806,45418,20317,36752,10965,11031,17468,26327,15259,39145,3468,3467,8558,13456,9302,20256,11237,30258,13992,24782,7972,8421,11784,19029,10369,29712,282122,225835,13213,291,37736,0,0,37,19
2021-02-18T23:59:59+01:00,8,13,6439,6109,13043,20095,13365,29781,15990,43547,19445,35173,10735,10812,16876,25572,14682,38262,3283,3330,8224,12916,9009,19507,10887,29221,13627,23955,7767,8112,11197,18077,9872,28562,278546,217319,12631,291,28840,0,0,37,18
2021-02-17T23:59:59+01:00,8,12,6274,5766,12597,19214,12876,28590,15290,41825,18798,33847,10508,10561,16120,24758,13905,37072,3034,3170,7884,12401,8708,18718,10517,28177,13236,23105,7534,7877,10640,17225,9434,27744,273879,209175,11900,289,22308,0,0,37,18
2021-02-16T23:59:59+01:00,8,12,5948,5465,12060,18380,12372,27515,14745,40446,18205,32813,10354,10456,15452,23927,13397,36283,2851,3050,7582,11951,8402,17994,10120,27088,12771,22208,7264,7583,9923,16054,8707,26194,270345,199667,11404,134,16155,0,0,35,18
2021-02-15T23:59:59+01:00,8,12,5843,5284,11766,17737,12106,26731,14397,39452,17857,32043,10229,10346,14892,23273,13036,35744,2762,2970,7391,11629,8183,17489,9820,26245,12421,21525,6983,7298,9223,14999,8192,24913,267243,192015,10801,88,12778,0,0,35,17
2021-02-14T23:59:59+01:00,8,12,5575,5169,11518,17465,11883,26295,14163,39006,17666,31766,10184,10295,14659,22934,12871,35351,2712,2932,7277,11465,8054,17283,9644,25913,12243,21223,6888,7175,9002,14615,8004,24378,266244,188780,9865,87,10778,0,0,33,17
2021-02-13T23:59:59+01:00,8,12,5515,5131,11468,17429,11853,26264,14135,38974,17646,31747,10171,10268,14632,22903,12859,35334,2708,2929,7272,11458,8042,17263,9629,25879,12216,21180,6858,7141,8848,14403,7652,23752,266003,187280,9864,9,10550,0,0,32,16
2021-02-12T23:59:59+01:00,8,11,4999,4813,10897,17066,11535,25713,13816,38330,17318,31104,10060,10161,14448,22689,12779,35225,2658,2896,7178,11301,7941,17032,9479,25487,11999,20735,6677,6909,8487,13842,7060,22412,264306,182145,9853,7,6879,0,0,32,16
2021-02-11T23:59:59+01:00,8,10,4537,4512,10311,16385,11123,24906,13336,37067,16828,30244,9745,9900,14166,22240,12499,34541,2490,2622,6578,10112,7254,15297,8620,22876,10952,18658,6026,6196,7443,12226,6245,20092,261075,163739,8212,4,3137,0,0,30,15
2021-02-10T23:59:59+01:00,8,10,4290,4345,9975,15933,10814,24365,13024,36183,16413,29494,9531,9762,13985,22035,12407,34335,2129,2331,5641,8653,6452,13255,7629,19967,9826,16623,5481,5610,6459,10566,5469,18033,258427,144182,7713,3,835,0,0,29,2
2021-02-09T23:59:59+01:00,8,9,4227,4246,9852,15666,10705,23963,12852,35561,16201,29020,9353,9625,13790,21825,12265,34113,1733,1979,4864,7386,5681,11462,6709,17461,8740,14630,4904,4981,5412,9014,4739,15934,255981,125684,6935,1,431,0,0,28,2
2021-02-08T23:59:59+01:00,8,9,4193,4191,9759,15454,10597,23605,12734,35100,16060,28662,9261,9558,13588,21542,12156,33920,1569,1784,4307,6394,5021,9888,5887,14937,7720,12778,4344,4448,4426,7427,3976,13857,253614,108813,6421,1,425,0,0,28,2
2021-02-07T23:59:59+01:00,8,9,4028,4124,9603,15316,10494,23440,12655,34837,15948,28470,9220,9513,13443,21359,12083,33777,1354,1537,3887,5721,4608,9009,5463,13778,7235,11820,4088,4188,4196,7034,3816,13262,252513,101044,5875,1,0,0,0,28,1
2021-02-06T23:59:59+01:00,8,9,4019,4115,9593,15300,10481,23404,12633,34787,15931,28413,9200,9499,13425,21324,11978,33580,1202,1341,3654,5414,4422,8584,5243,13190,6955,11262,3951,4051,4070,6885,3538,12804,252170,96612,5590,1,0,0,0,28,0
2021-02-05T23:59:59+01:00,8,8,3946,4048,9521,15157,10414,23153,12548,34417,15816,28132,9116,9425,13352,21249,11629,32983,1061,1113,3374,4969,4162,8004,4925,12412,6569,10534,3690,3805,3909,6658,3036,11919,250284,90183,4698,0,0,0,0,27,0
2021-02-04T23:59:59+01:00,8,8,3889,3925,9401,14843,10237,22605,12360,33621,15600,27570,8992,9316,13128,20956,11516,32782,797,780,2549,3719,3226,6262,3973,9867,5244,8322,3009,3093,3284,5671,2644,10421,246344,72893,4474,0,0,0,0,26,0
2021-02-03T23:59:59+01:00,8,8,3820,3854,9297,14621,10133,22270,12227,33112,15450,27150,8883,9201,12987,20779,11440,32617,661,612,1924,2804,2492,4835,3003,7581,4012,6275,2199,2229,2399,4205,1917,7814,243612,54989,4306,0,0,0,0,26,0
2021-02-02T23:59:59+01:00,8,8,3754,3759,9197,14428,10036,21890,12084,32548,15248,26697,8759,9087,12864,20569,11357,32351,525,486,1455,2070,1904,3636,2258,5769,2992,4690,1556,1531,1637,2770,1333,5200,240399,39831,4304,0,0,0,0,26,0
2021-02-01T23:59:59+01:00,7,8,3714,3669,9117,14197,9930,21502,11947,31911,15064,26194,8641,8939,12755,20426,11306,32176,391,352,1014,1429,1254,2420,1471,3778,1857,2969,984,973,970,1691,765,3013,237259,25340,4304,0,0,0,0,25,0
2021-01-31T23:59:59+01:00,7,8,3696,3634,9064,14089,9861,21298,11881,31614,14960,25996,8585,8880,12704,20315,11261,32047,361,331,893,1239,1065,2047,1269,3226,1624,2603,886,882,866,1507,694,2707,235771,22207,4189,0,0,0,0,24,0
2021-01-30T23:59:59+01:00,7,8,3696,3631,9054,14076,9847,21276,11868,31594,14948,25982,8581,8875,12644,20252,11210,31982,344,307,833,1155,1008,1924,1205,3036,1549,2466,858,856,847,1467,679,2654,235452,21194,4139,0,0,0,0,24,0
2021-01-29T23:59:59+01:00,7,8,3636,3616,8993,14047,9818,21225,11836,31519,14901,25914,8557,8852,12457,20027,11030,31739,277,224,713,983,864,1564,1050,2646,1338,2141,769,766,798,1412,661,2601,234234,18811,4011,0,0,0,0,21,0
2021-01-28T23:59:59+01:00,7,8,3517,3530,8789,13660,9598,20713,11605,30940,14574,25415,8420,8751,12021,19406,10674,31158,131,57,294,360,376,608,460,1148,608,960,407,423,467,812,378,1571,229447,9062,3403,0,0,0,0,20,0
2021-01-27T23:59:59+01:00,7,8,3286,3395,8496,13244,9297,20091,11222,30104,14187,24678,8204,8540,11471,18600,10249,30395,79,33,203,222,242,413,306,802,429,662,309,309,347,605,284,1149,222739,6395,2794,0,0,0,0,20,0
2021-01-26T23:59:59+01:00,6,8,3120,3298,8214,12907,9034,19521,10917,29347,13790,24046,7968,8319,10893,17686,9602,29243,74,29,188,212,226,379,290,751,398,601,294,284,320,542,258,1019,216026,5866,1951,0,0,0,0,20,0
2021-01-25T23:59:59+01:00,6,8,3033,3203,7933,12425,8743,18815,10531,28345,13310,23284,7685,8119,10275,16870,9146,28342,66,21,168,191,194,323,251,631,346,497,257,240,266,465,210,831,209725,4958,406,0,0,0,0,18,0
2021-01-24T23:59:59+01:00,6,8,2989,3182,7848,12347,8669,18690,10422,28185,13182,23101,7643,8084,10210,16758,9098,28246,65,20,164,187,192,310,248,610,337,483,248,236,264,458,206,816,208421,4845,304,0,0,0,0,18,0
2021-01-23T23:59:59+01:00,6,8,2988,3181,7847,12344,8665,18680,10421,28172,13176,23096,7636,8081,10086,16593,8770,27659,64,20,164,187,191,309,246,610,335,483,248,236,264,458,206,815,207165,4837,302,0,0,0,0,17,0
2021-01-22T23:59:59+01:00,6,8,2926,3135,7723,12231,8582,18540,10311,28002,13096,22981,7606,8048,9888,16291,8252,26635,64,20,163,187,191,309,246,610,334,483,248,236,264,458,206,815,204018,4835,302,0,0,0,0,16,0
2021-01-21T23:59:59+01:00,6,8,2844,2965,7223,11318,8098,17394,9774,26378,12491,21765,7321,7720,9247,15329,7727,25563,58,18,148,173,174,278,221,534,297,443,222,209,233,378,176,684,192925,4247,302,0,0,0,0,16,0
2021-01-20T23:59:59+01:00,6,8,2485,2618,6342,9907,7354,15441,8820,23549,11381,19692,6720,7068,8153,13562,6912,23341,56,18,147,168,171,276,213,520,286,421,210,202,227,353,162,646,173109,4077,299,0,0,0,0,16,0
2021-01-19T23:59:59+01:00,6,8,2043,2263,5443,8522,6490,13548,7798,20759,10110,17452,5963,6183,6764,11370,5890,20286,40,11,98,124,115,171,150,356,187,293,133,115,139,235,113,479,150722,2759,218,0,0,0,0,16,0
2021-01-18T23:59:59+01:00,5,8,1770,1974,4688,7139,5535,11309,6600,17165,8681,14737,5080,5301,5378,9116,4816,16799,21,6,38,46,52,79,66,162,74,147,59,54,66,131,62,220,126045,1283,94,0,0,0,0,16,0
2021-01-17T23:59:59+01:00,4,8,1493,1684,4175,6345,5027,10175,6064,15590,8041,13472,4740,4952,5005,8443,4487,15792,8,2,8,15,15,28,20,51,27,56,23,23,20,31,13,47,115439,387,90,0,0,0,0,15,0
2021-01-16T23:59:59+01:00,4,7,1326,1481,3958,6024,4847,9735,5805,14924,7711,12779,4551,4724,4793,8167,4132,15188,0,0,0,1,1,2,1,1,1,2,0,1,1,0,0,1,110179,12,7,0,0,0,0,14,0
2021-01-15T23:59:59+01:00,4,7,1175,1255,3704,5602,4593,9170,5513,14085,7303,11980,4259,4430,4607,7860,3597,14142,0,0,0,0,0,0,0,0,0,0,0,0,0,0,0,0,103309,0,4,0,0,0,0,14,0
2021-01-14T23:59:59+01:00,3,4,901,942,2958,4413,3729,7354,4569,11340,5906,9634,3458,3561,3869,6635,3113,12330,0,0,0,0,0,0,0,0,0,0,0,0,0,0,0,0,84737,0,0,0,0,0,0,14,0
2021-01-13T23:59:59+01:00,3,3,765,788,2485,3681,3144,6130,3796,9402,4812,7760,2585,2648,2922,5052,2381,9426,0,0,0,0,0,0,0,0,0,0,0,0,0,0,0,0,67797,0,0,0,0,0,0,13,0
2021-01-12T23:59:59+01:00,2,3,634,657,2083,3020,2588,4982,3039,7579,3795,6096,1855,1828,1996,3417,1683,6429,0,0,0,0,0,0,0,0,0,0,0,0,0,0,0,0,51709,0,0,0,0,0,0,0,0
2021-01-11T23:59:59+01:00,1,1,493,522,1739,2444,2079,3980,2354,5761,2818,4423,1193,1131,1196,2004,923,3648,0,0,0,0,0,0,0,0,0,0,0,0,0,0,0,0,36729,0,0,0,0,0,0,0,0
2021-01-10T23:59:59+01:00,1,1,437,453,1479,2020,1738,3257,1945,4776,2342,3705,1052,1007,1051,1757,822,3195,0,0,0,0,0,0,0,0,0,0,0,0,0,0,0,0,31049,0,0,0,0,0,0,0,0
2021-01-09T23:59:59+01:00,1,1,405,409,1355,1843,1593,2967,1791,4327,2157,3374,977,936,992,1703,804,3152,0,0,0,0,0,0,0,0,0,0,0,0,0,0,0,0,28796,0,0,0,0,0,0,0,0
2021-01-08T23:59:59+01:00,1,1,308,281,1107,1501,1315,2298,1473,3548,1787,2757,844,830,904,1580,757,2999,0,0,0,0,0,0,0,0,0,0,0,0,0,0,0,0,24298,0,0,0,0,0,0,0,0
2021-01-07T23:59:59+01:00,1,0,145,76,398,507,479,788,594,1368,779,1204,467,481,560,961,464,1906,0,0,0,0,0,0,0,0,0,0,0,0,0,0,0,0,11179,0,0,0,0,0,0,0,0
2021-01-06T23:59:59+01:00,1,0,110,44,268,285,307,512,398,928,529,824,359,361,423,747,358,1439,0,0,0,0,0,0,0,0,0,0,0,0,0,0,0,0,7894,0,0,0,0,0,0,0,0
2021-01-05T23:59:59+01:00,1,0,86,31,189,230,240,426,320,819,446,704,343,345,406,714,351,1385,0,0,0,0,0,0,0,0,0,0,0,0,0,0,0,0,7037,0,0,0,0,0,0,0,0
2021-01-04T23:59:59+01:00,1,0,68,25,172,193,199,333,256,636,352,512,268,253,286,516,234,927,0,0,0,0,0,0,0,0,0,0,0,0,0,0,0,0,5231,0,0,0,0,0,0,0,0
2021-01-03T23:59:59+01:00,1,0,66,21,166,188,194,319,254,621,343,495,260,251,282,503,232,910,0,0,0,0,0,0,0,0,0,0,0,0,0,0,0,0,5106,0,0,0,0,0,0,0,0
2021-01-02T23:59:59+01:00,1,0,66,21,166,188,194,319,251,621,340,495,260,251,282,503,232,909,0,0,0,0,0,0,0,0,0,0,0,0,0,0,0,0,5099,0,0,0,0,0,0,0,0
2021-01-01T23:59:59+01:00,1,0,65,21,165,188,194,318,251,621,338,493,260,251,282,502,232,909,0,0,0,0,0,0,0,0,0,0,0,0,0,0,0,0,5091,0,0,0,0,0,0,0,0
2020-12-31T23:59:59+01:00,1,0,65,21,165,186,194,317,250,620,337,492,260,251,282,502,232,909,0,0,0,0,0,0,0,0,0,0,0,0,0,0,0,0,5084,0,0,0,0,0,0,0,0
2020-12-30T23:59:59+01:00,1,0,64,21,165,185,192,314,250,618,337,490,260,251,282,502,231,909,0,0,0,0,0,0,0,0,0,0,0,0,0,0,0,0,5072,0,0,0,0,0,0,0,0
2020-12-29T23:59:59+01:00,1,0,45,12,117,140,143,212,182,443,237,376,179,164,194,373,170,709,0,0,0,0,0,0,0,0,0,0,0,0,0,0,0,0,3697,0,0,0,0,0,0,0,0
2020-12-28T23:59:59+01:00,1,0,24,8,64,77,80,122,101,252,118,232,98,93,103,200,103,388,0,0,0,0,0,0,0,0,0,0,0,0,0,0,0,0,2064,0,0,0,0,0,0,0,0
2020-12-27T23:59:59+01:00,0,0,11,3,17,26,36,47,36,89,37,94,32,29,40,73,32,145,0,0,0,0,0,0,0,0,0,0,0,0,0,0,0,0,747,0,0,0,0,0,0,0,0
