Datum,<24_1_m,<24_1_w,25-34_1_m,25-34_1_w,35-44_1_m,35-44_1_w,45-54_1_m,45-54_1_w,55-64_1_m,55-64_1_w,65-74_1_m,65-74_1_w,75-84_1_m,75-84_1_w,>84_1_m,>84_1_w,<24_2_m,<24_2_w,25-34_2_m,25-34_2_w,35-44_2_m,35-44_2_w,45-54_2_m,45-54_2_w,55-64_2_m,55-64_2_w,65-74_2_m,65-74_2_w,75-84_2_m,75-84_2_w,>84_2_m,>84_2_w,bp_1,bp_2,mo_1,mo_2,az_1,az_2,ja
2021-05-21T23:59:59+02:00,68604,70050,128598,135017,155794,180522,253130,287342,355836,373981,294327,332389,213215,276530,56083,106350,21592,21361,35750,43758,39457,61759,53307,87941,74541,88579,104232,116670,151007,196680,48890,92373,2195816,958442,303948,151607,765599,105302,22638
2021-05-20T23:59:59+02:00,65358,67060,123193,130371,149006,174465,244008,279358,347893,366601,292267,330165,212613,275728,55995,106185,20351,20341,33794,41867,37337,59168,50617,84461,70931,84598,100975,113083,148968,194210,48778,92152,2140986,941893,299363,149850,760025,89855,20125
2021-05-19T23:59:59+02:00,62918,64672,118300,125807,141472,167736,234346,270590,337976,356374,290387,328071,212001,274857,55872,105954,19770,19626,32711,40568,36068,57379,48695,81958,67849,81268,97377,108924,145668,189868,48565,91751,2078629,919489,293379,148138,757230,82182,18328
2021-05-18T23:59:59+02:00,60560,62468,113575,121608,134931,161997,223083,260388,328847,347218,288157,325540,211247,273809,55745,105753,19212,18917,31586,39184,34807,55663,46896,79596,64871,78002,93783,104776,142785,186217,48393,91382,2020408,900205,284366,145321,753874,74125,16511
2021-05-17T23:59:59+02:00,59335,61327,111247,119575,132117,159254,216458,254256,321733,340581,286622,323823,210744,273076,55666,105590,18697,18381,30597,38215,33683,54431,45431,77850,62685,75622,89030,99021,141655,184713,48267,91132,1994177,889203,272328,137936,750646,67877,14486
2021-05-16T23:59:59+02:00,58485,60579,109830,118275,130378,157581,213379,251505,314525,333777,285803,322872,210471,272646,55620,105513,18357,17962,29875,37450,32848,53536,44347,76533,61405,74193,85629,94975,141061,183883,48200,91018,1979209,883355,261994,131268,747497,63969,12772
2021-05-15T23:59:59+02:00,57884,59883,108838,117307,129358,156420,211247,249422,311229,330811,285263,322261,210298,272398,55606,105459,18199,17779,29622,37147,32576,53104,43852,75872,60593,73272,84989,94126,140645,183316,48171,90982,1963218,878238,261982,131128,746641,62895,12076
2021-05-14T23:59:59+02:00,56438,58267,106523,115193,125701,152853,202716,242112,305669,325566,284472,321299,210048,272018,55565,105385,17640,17305,28861,36330,31840,51900,42749,74040,59015,71384,83230,91722,140133,182523,48142,90912,1926511,868868,260334,130282,742132,57588,11080
2021-05-13T23:59:59+02:00,54211,56023,102734,112028,120952,148710,192255,233137,295692,316186,282007,318420,209363,271035,55486,105214,16668,16807,28078,35658,31098,51007,41830,72998,57458,69714,79069,86908,138041,179749,48051,90728,1875724,856654,251876,123356,735994,53854,10090
2021-05-12T23:59:59+02:00,53183,55186,100864,110660,118965,147112,189780,231042,290785,310559,281308,317676,209152,270754,55455,105140,16483,16648,27788,35443,30732,50723,41423,72630,56900,69116,77769,85282,137390,178816,47976,90593,1853210,851193,249736,121635,735520,53590,9386
2021-05-11T23:59:59+02:00,50664,53507,96739,107496,113194,142321,175843,219351,280004,300331,278482,314357,208351,269539,55337,104892,15979,15951,26792,34026,29642,48949,40119,70321,55135,66909,74790,81763,136232,177239,47856,90285,1795351,839241,240151,119001,727178,45879,7959
2021-05-10T23:59:59+02:00,49232,52394,94159,105474,110023,139721,167026,211961,272804,293655,276626,312241,207845,268761,55235,104691,15607,15432,26090,33093,28921,47720,39144,68428,53886,65251,72783,79255,135239,175912,47756,90044,1760433,830592,234168,117992,720337,38928,7141
2021-05-09T23:59:59+02:00,47909,51473,91519,103776,107379,137979,161859,208389,267541,288849,275685,311164,207510,268291,55182,104561,15234,15160,25422,32443,28221,46920,38391,67492,52903,64322,71635,77874,134735,175199,47711,89938,1741518,826169,227132,117040,714482,34319,6164
2021-05-08T23:59:59+02:00,47559,51120,90654,103062,106341,137122,160336,207126,265170,286901,275252,310704,207404,268130,55170,104534,15119,15091,25302,32354,28075,46798,38198,67283,52495,63970,70628,76845,133835,174034,47672,89859,1729763,821637,226631,116305,714263,33550,6158
2021-05-07T23:59:59+02:00,46520,50301,88717,101741,103492,134832,155356,203060,259615,281815,274135,309358,207124,267723,55124,104438,14302,14531,24533,31639,27360,45723,37314,66001,51265,62419,68264,74060,132006,171673,47599,89725,1704633,812293,223481,114089,710156,26814,5310
2021-05-06T23:59:59+02:00,43654,48333,83911,98233,97503,130067,143918,193523,244642,268222,269845,304496,206056,266282,54981,104186,13527,13924,23627,30564,26383,44341,35932,64025,49501,60424,65728,70837,130251,169378,47507,89530,1640241,801537,213747,111032,699690,18599,4403
2021-05-05T23:59:59+02:00,41571,46954,80199,95629,92892,126333,135155,186152,230638,254564,264583,298272,204717,264590,54788,103746,13258,13586,23124,29868,25787,43408,35005,62613,48342,58998,62944,67524,127765,166210,47428,89332,1575107,789687,208733,107530,693818,14716,3351
2021-05-04T23:59:59+02:00,40304,45662,77470,93344,89394,123266,129174,180946,220004,244067,260067,292873,203499,263027,54618,103351,13071,13347,22741,29331,25330,42646,34276,61488,47176,57652,60140,64256,125776,163729,47314,89141,1527061,778221,203661,104940,687848,11624,2721
2021-05-03T23:59:59+02:00,39292,44458,75116,91498,86543,120932,124397,177019,213575,238087,257281,289547,202826,262081,54520,103097,12798,13033,22350,28767,24856,41924,33595,60508,46084,56455,56976,60313,122592,159648,47107,88775,1495818,762646,200573,103251,683011,8885,1091
2021-05-02T23:59:59+02:00,38892,44071,73908,90641,85094,119870,121810,175042,210741,235749,256502,288629,202584,261718,54461,103001,12718,12958,22163,28554,24629,41623,33260,60110,45599,55919,55212,58285,120243,156707,47035,88667,1485666,757749,197823,97783,679214,8009,233
2021-05-01T23:59:59+02:00,38517,43651,73121,89818,84010,118829,120317,173630,207715,232750,255921,287921,202408,261466,54452,102972,12700,12942,22115,28526,24574,41585,33193,60054,45517,55835,54960,57972,120109,156549,47027,88652,1470730,756462,197821,97746,678941,7965,229
2021-04-30T23:59:59+02:00,37878,42941,71910,88587,82534,117120,115870,169563,200917,225948,254277,285953,202017,260946,54403,102884,12337,12729,21792,28252,24309,41154,32882,59479,45037,55230,53991,56709,119303,155545,46986,88559,1438247,752882,197499,95774,678151,5657,73
2021-04-29T23:59:59+02:00,36173,41851,68961,86581,78983,114510,110351,165122,187645,213560,247678,278347,201065,259572,54296,102587,12005,12478,21321,27816,23900,40644,32289,58742,44217,54273,52034,54356,117731,153636,46902,88391,1384199,744254,190328,93129,672921,3390,54
2021-04-28T23:59:59+02:00,34784,41156,67088,85249,76487,112672,106805,162135,177375,203559,237851,266873,199973,258138,54137,102320,11807,12292,21021,27470,23556,40182,31866,58077,43444,53413,49742,51513,115500,150834,46802,88208,1332152,734961,187006,88649,667632,2177,31
2021-04-27T23:59:59+02:00,33905,40352,65512,83786,74536,110911,103973,159690,172611,198589,229768,257547,199070,256812,54038,102139,11673,12162,20739,27186,23338,39855,31483,57571,42724,52657,47520,48721,113197,147812,46710,88048,1298873,725292,184734,84691,659819,1473,31
2021-04-26T23:59:59+02:00,33393,39900,64416,82918,73056,109751,101499,157859,163616,189973,226327,253528,198509,255990,53965,101964,11571,12066,20543,27013,23109,39646,31182,57236,42058,52011,45572,46362,111607,145704,46633,87925,1270363,717517,183308,81689,653182,1094,29
2021-04-25T23:59:59+02:00,33089,39621,63624,82399,71982,109009,99705,156604,157044,183605,223507,250282,197987,255319,53911,101858,11510,12027,20471,26946,23026,39561,31077,57118,41893,51842,45104,45792,111020,144902,46610,87864,1257867,715899,177198,79960,644670,967,28
2021-04-24T23:59:59+02:00,32673,39101,62679,81181,70812,107556,98102,154924,151766,178020,221283,247561,197605,254759,53881,101817,11496,12010,20426,26903,22977,39499,30988,57032,41738,51686,44852,45481,110803,144647,46593,87838,1233323,714842,177177,79268,643409,923,27
2021-04-23T23:59:59+02:00,31797,38366,61104,79663,69054,105507,95363,152224,146824,173295,217292,242641,197024,253924,53835,101718,11443,11947,20309,26820,22842,39345,30752,56821,41374,51340,44176,44661,109820,143439,46469,87626,1208834,711536,176013,76841,634971,872,26
2021-04-22T23:59:59+02:00,31068,37653,59534,78199,66552,103240,90723,148362,138829,165482,208934,232408,195344,251736,53665,101385,11299,11818,20074,26543,22496,38919,30240,56312,40611,50700,42950,43262,107971,141116,46298,87316,1167939,704196,168658,73033,626702,761,26
2021-04-21T23:59:59+02:00,30503,37072,58161,77053,64662,101633,87548,145572,131117,157907,196638,217930,193593,249346,53473,101020,11164,11717,19843,26305,22219,38596,29880,55869,40066,50176,42016,42143,105910,138456,46105,86981,1117206,697805,165795,69006,620411,699,26
2021-04-20T23:59:59+02:00,30002,36523,56981,75910,62986,100011,84870,142903,125631,152272,185730,205038,191598,246788,53282,100660,11054,11624,19625,26109,21935,38325,29461,55442,39547,49674,41137,41064,103770,135621,45847,86542,1075319,690437,162345,65781,613704,624,25
2021-04-19T23:59:59+02:00,29600,36112,56002,75094,61692,98822,82643,140874,121925,148644,180283,198462,190160,244907,53129,100380,10920,11518,19413,25894,21692,38054,29138,55043,39049,49154,40258,40049,100794,131768,45534,85961,1051134,680304,160534,63412,607243,588,25
2021-04-18T23:59:59+02:00,29245,35814,55219,74545,60541,97855,80648,139396,118468,146053,175505,193218,189313,243839,53042,100218,10836,11430,19221,25723,21523,37891,28927,54768,38803,48916,39882,39608,99619,130267,45392,85730,1037330,676525,158967,61499,596804,577,25
2021-04-17T23:59:59+02:00,29120,35719,54816,74335,60044,97503,79969,138770,117403,145016,171530,188615,188862,243252,53016,100163,10780,11354,19087,25537,21327,37668,28693,54477,38547,48670,39571,39253,98895,129388,45344,85664,1026594,672575,158945,61186,592776,559,25
2021-04-16T23:59:59+02:00,28682,35416,53807,73714,58775,96611,78264,137365,113002,140530,164329,180216,187493,241422,52931,100005,10548,11150,18691,25131,20765,37097,27529,53532,36486,47051,36333,36354,96004,126130,45023,85129,1001163,658054,158189,54429,583392,534,25
2021-04-15T23:59:59+02:00,28129,34890,52512,72510,56768,94833,74840,134354,107179,134796,156695,171405,183528,236352,52690,99484,10356,10954,18316,24692,20273,36463,26810,52701,35072,45798,34182,34266,93088,122541,44624,84439,969274,645261,156143,48898,565728,480,25
2021-04-14T23:59:59+02:00,27727,34499,51602,71586,55405,93430,72407,132126,102807,130610,147561,160959,176624,227449,52416,98932,9899,10642,17865,24191,19742,35832,25847,51786,33816,44691,32008,31962,90354,119124,44237,83745,931917,630709,153469,44713,550934,384,24
2021-04-13T23:59:59+02:00,27447,34240,50892,71029,54487,92607,70658,130632,98416,126446,136065,147997,171061,220139,52141,98443,9636,10439,17524,23774,19325,35301,25159,50983,32759,43684,30611,30564,88377,116924,43966,83303,899166,621788,148991,40343,534723,263,24
2021-04-12T23:59:59+02:00,27207,34010,50329,70511,53632,91871,69120,129265,95487,123739,128808,139766,168623,217087,51915,98024,9374,10221,17169,23481,18961,34854,24677,50456,32053,43045,29052,28975,86822,115062,43708,82876,882967,613488,147474,37108,519132,253,24
2021-04-11T23:59:59+02:00,26989,33828,49814,70098,52908,91403,67926,128420,93399,121987,122514,132871,165973,213847,51783,97777,9223,10071,16865,23201,18661,34552,24302,50073,31636,42682,28378,28271,85856,113869,43539,82611,875626,608275,143108,35337,502983,241,23
2021-04-10T23:59:59+02:00,26910,33760,49660,69974,52701,91249,67593,128139,92818,121457,120013,129837,165080,212644,51746,97687,8551,9390,15969,22444,17721,33695,23144,49021,30595,41741,27700,27544,83831,111311,43314,82229,868695,593053,142263,34972,500489,237,23
2021-04-09T23:59:59+02:00,26619,33474,49185,69495,52048,90557,66534,126951,90754,119207,110958,118547,162419,209155,51584,97401,7465,8385,14438,21085,15977,32132,20917,47011,28557,39828,25866,25691,80474,107226,42886,81550,849511,565847,135251,33481,490306,223,21
2021-04-08T23:59:59+02:00,26294,33201,48592,68994,51308,89845,65150,125826,88113,116673,100429,106250,157638,203212,51321,96921,6716,7720,13255,20044,14709,30776,19215,45261,26051,37477,22902,22677,75935,101617,42000,80133,831064,534792,126411,31563,472476,197,17
2021-04-07T23:59:59+02:00,25922,32938,47788,68552,50402,89230,63641,124755,84561,113762,91207,95766,151519,195469,51076,96441,6294,7348,12577,19352,13882,29951,18152,44158,24051,35488,20368,20154,72117,96918,41212,78823,810917,511640,120850,29104,451444,165,16
2021-04-06T23:59:59+02:00,25668,32750,47284,68175,49838,88705,62520,123936,82206,111678,82959,86326,146144,188666,50807,95908,6078,7169,12223,19001,13545,29507,17589,43581,23171,34710,19245,19065,68930,92767,40492,77714,791850,498495,117660,26202,434241,154,16
2021-04-05T23:59:59+02:00,25550,32608,46977,67823,49453,88296,61936,123213,80843,110350,77971,80613,141978,183460,50632,95642,5926,7011,11947,18751,13261,29198,17265,43212,22738,34264,18769,18561,65965,89092,40001,76919,782496,489322,115871,23471,419157,151,15
2021-04-04T23:59:59+02:00,25501,32540,46849,67545,49279,87981,61664,122700,80278,109692,76529,78855,141375,182622,50604,95575,5923,7002,11934,18744,13250,29183,17250,43193,22600,34175,18382,18211,64489,87197,39868,76716,779990,484567,115774,23471,414004,143,15
2021-04-03T23:59:59+02:00,25429,32454,46727,67432,49122,87806,61313,122357,79726,109090,75059,77094,140426,181285,50536,95453,5915,6993,11918,18728,13228,29160,17211,43148,22496,34093,18238,18064,64132,86624,39806,76605,773672,482810,115736,23471,412081,143,14
2021-04-02T23:59:59+02:00,25344,32362,46565,67269,48889,87544,60804,121883,78833,108228,73323,74937,138409,178639,50382,95167,5893,6954,11874,18687,13175,29080,17115,42967,22220,33631,17860,17708,61682,83597,39174,75712,764618,474415,113966,22837,410174,143,13
2021-04-01T23:59:59+02:00,25109,32100,46141,66763,48244,86789,59916,120929,76914,106539,69350,70589,135171,174485,50136,94714,5717,6769,11620,18450,12952,28857,16793,42652,21711,33177,17011,16919,56701,77279,37840,73707,753035,456624,107939,21471,403094,128,11
2021-03-31T23:59:59+02:00,24756,31839,45730,66248,47768,86148,59170,119930,75737,105305,67029,67885,130807,168849,49804,94113,5633,6712,11516,18326,12803,28711,16533,42353,21093,32655,15835,16002,51406,70626,36749,72137,743387,438503,100865,20531,397045,125,10
2021-03-30T23:59:59+02:00,24564,31572,45325,65622,47273,85342,58437,118841,74595,103943,64920,65565,126764,163438,49433,93359,5563,6618,11411,18205,12605,28529,16194,42020,20519,32094,14980,15190,48588,67078,35863,70625,733271,426857,96676,19198,389226,98,7
2021-03-29T23:59:59+02:00,24336,31285,44867,65077,46804,84641,57688,117721,73330,102507,61907,62030,120667,155616,48815,92205,5467,6546,11317,18099,12445,28365,15950,41684,20051,31627,14327,14639,45851,63842,35008,69148,712915,415784,93288,18572,383473,81,7
2021-03-28T23:59:59+02:00,24089,30939,44373,64393,46300,83906,57000,116716,72397,101397,59983,59837,116676,150445,48455,91582,5408,6478,11172,17955,12193,28059,15781,41463,19884,31400,14085,14404,44725,62341,34754,68745,706459,411550,86017,17304,376192,64,7
2021-03-27T23:59:59+01:00,23952,30747,44087,64029,45921,83367,56493,116027,71668,100650,58880,58750,115294,148848,48406,91520,5395,6466,11142,17934,12174,28029,15374,40973,19516,31009,13805,14207,44133,61466,34407,68137,701253,407534,85321,16653,372244,51,7
2021-03-26T23:59:59+01:00,23659,30079,43248,62360,44971,81297,55104,112847,69659,97320,56739,56763,112813,145828,48151,91102,5375,6428,11120,17884,12104,27937,15291,40866,19152,30379,13327,13593,40618,57012,32891,65591,689977,393153,82028,16438,360111,48,7
2021-03-25T23:59:59+01:00,23206,29262,42350,60569,43898,78714,53533,109243,67316,93795,54053,54066,109762,142071,47702,90297,5324,6367,11027,17776,11984,27799,15112,40634,18862,30070,12825,13073,36211,51146,30656,62140,678641,375187,77860,15846,343512,44,6
2021-03-24T23:59:59+01:00,22734,28720,41595,59304,42902,77187,52075,107286,65252,91537,51154,51040,105797,137214,47186,89400,5262,6296,10930,17634,11816,27597,14874,40327,18501,29671,12369,12610,33112,47142,28180,58228,665947,359834,73009,14749,331605,41,2
2021-03-23T23:59:59+01:00,22459,28339,41015,58413,42212,76089,51009,105738,63597,89709,48841,48592,103166,134231,46755,88694,5198,6222,10832,17502,11668,27416,14618,40009,18090,29267,11856,12131,30177,43269,25161,53277,657989,342566,69712,14162,321335,40,1
2021-03-22T23:59:59+01:00,22175,27858,40397,57536,41563,75052,50057,104310,62137,88108,46982,46693,100920,131609,46388,88052,5126,6168,10757,17377,11536,27252,14455,39776,17847,28950,11554,11764,27813,40169,21842,47781,651793,326590,66919,13614,311301,38,1
2021-03-21T23:59:59+01:00,22011,27528,39897,56782,41033,74196,49397,103151,61195,86930,45904,45636,99363,129826,46088,87563,5111,6159,10722,17327,11488,27164,14398,39685,17763,28847,11431,11642,27357,39668,21543,47297,649246,324437,64901,13202,302525,38,1
2021-03-20T23:59:59+01:00,21941,27345,39686,56264,40792,73666,49079,102485,60744,86355,45190,44818,96861,126669,45844,87134,5103,6152,10711,17317,11461,27147,14353,39646,17669,28763,11271,11480,26636,38803,20890,46325,642822,320751,64459,13013,297763,38,1
2021-03-19T23:59:59+01:00,21517,26618,38525,54194,39524,71680,47242,100341,57779,83584,40719,40920,91979,121142,45290,86249,5082,6139,10680,17258,11397,27042,14265,39473,17419,28462,10934,11213,24678,36375,19542,44185,625188,311532,57278,12651,285005,36,1
2021-03-18T23:59:59+01:00,21058,25793,37280,52042,37991,68771,44971,95687,53930,78123,36706,37099,87463,115850,44426,84874,5056,6102,10614,17157,11317,26890,14115,39279,17201,28278,10694,11029,23171,34449,18142,42043,608411,303535,51551,12044,262268,32,1
2021-03-17T23:59:59+01:00,20583,25379,36561,51111,37216,67815,43845,94242,52113,76334,33895,34133,83677,111189,43643,83655,5027,6072,10555,17061,11247,26754,13997,39092,16985,28088,10475,10808,21718,32734,16832,40013,591882,296160,47188,11341,256485,29,1
2021-03-16T23:59:59+01:00,20175,24884,35796,50041,36420,66600,42664,92554,50266,74387,31677,32043,79843,106400,42926,82564,4972,6014,10484,16932,11156,26597,13900,38853,16842,27861,10309,10628,20221,30930,15607,38024,578890,288464,42509,10909,248001,28,1
2021-03-15T23:59:59+01:00,19851,24442,35076,49068,35643,65362,41731,91071,48998,72835,29933,30151,76610,102357,42392,81620,4948,5970,10423,16808,11088,26397,13783,38561,16695,27597,10141,10470,19309,29733,14574,36431,567860,282711,39193,10264,240245,25,0
2021-03-14T23:59:59+01:00,19541,23915,34183,47868,34781,64052,40639,89190,47808,71226,28747,28911,74659,99832,42045,81067,4923,5947,10372,16726,11031,26247,13727,38334,16604,27455,10066,10385,19126,29430,14328,35904,560788,281529,37330,9131,230502,17,0
2021-03-13T23:59:59+01:00,18629,22796,32735,46033,33299,62089,38594,86247,45840,69021,27492,27614,72682,97250,41867,80793,4923,5947,10370,16721,11027,26241,13722,38328,16599,27447,10019,10344,18257,28354,13427,34657,544492,277307,37048,9130,221590,17,0
2021-03-12T23:59:59+01:00,17346,21190,30239,43380,30708,58866,35623,81201,42735,64865,24695,24481,68416,91945,41133,79698,4912,5911,10351,16661,11008,26185,13678,38213,16501,27294,9750,10145,17215,26897,12544,33375,516601,271572,35739,9120,204327,16,0
2021-03-11T23:59:59+01:00,16150,19461,28001,40772,28446,55628,32935,76716,39038,60197,21322,20997,62421,84544,39612,77405,4865,5866,10274,16544,10897,25944,13555,37896,16327,27017,9456,9928,16541,25995,11948,32197,484740,267617,34154,7688,184889,13,0
2021-03-10T23:59:59+01:00,15472,18616,26527,39163,26855,53799,31335,74296,36429,57130,18633,18482,56461,77226,38411,75554,4822,5808,10179,16376,10786,25686,13405,37478,16124,26687,9229,9744,15717,25111,11397,31300,458475,262916,32119,6989,173931,12,0
2021-03-09T23:59:59+01:00,15143,18053,25335,38137,25519,52589,30254,72596,35055,55385,17473,17400,52894,72642,37510,74048,4791,5770,10096,16200,10676,25430,13242,37159,15968,26473,9102,9639,14995,24194,10983,30630,444995,259248,29605,6157,165560,11,0
2021-03-08T23:59:59+01:00,14759,17357,24187,37068,24331,51433,29315,71082,33842,53843,16405,16557,48653,67393,36547,72450,4775,5717,10030,16000,10572,25173,13103,36800,15850,26242,9032,9550,14444,23537,10733,30259,429604,256113,27658,5768,158085,4,0
2021-03-07T23:59:59+01:00,14501,16999,23585,36232,23631,50555,28742,70211,33289,53175,16151,16316,47516,65850,36283,72018,4761,5702,10010,15959,10545,25085,13070,36628,15794,26150,9012,9516,14229,23257,10621,30093,424886,255069,25851,5430,154440,0,0
2021-03-06T23:59:59+01:00,14365,16633,23154,35521,23112,49737,27632,68589,32228,51532,15845,16080,46803,64835,36075,71695,4757,5682,9998,15938,10530,25051,13060,36586,15776,26119,8992,9479,14182,23216,10523,29889,420843,254696,25788,5149,147327,0,0
2021-03-05T23:59:59+01:00,13900,15924,22472,34372,22454,48467,26853,66922,31008,49202,15223,15327,42888,59895,34466,68958,4727,5621,9928,15840,10475,24903,12993,36390,15694,25918,8899,9424,13991,22996,10178,29304,405701,253032,24343,4316,138404,0,0
2021-03-04T23:59:59+01:00,13062,14752,21277,32679,21280,46402,25455,64167,29393,47125,14510,14612,38260,53796,32159,65366,4676,5517,9819,15547,10382,24539,12864,35870,15557,25571,8753,9294,13837,22788,10112,29174,387398,250140,22273,4226,124740,0,0
2021-03-03T23:59:59+01:00,12710,14174,20586,31486,20525,45035,24533,62423,28421,45632,14045,14139,35123,49670,29692,61495,4632,5442,9736,15368,10302,24288,12757,35437,15366,25263,8601,9175,13703,22560,9981,28924,372061,247536,21506,4065,116234,0,0
2021-03-02T23:59:59+01:00,12421,13673,19945,30537,19816,44011,23741,61024,27497,44434,13422,13533,31912,45477,26462,56238,4578,5360,9674,15205,10236,24012,12658,35012,15264,24983,8483,9080,13560,22367,9917,28796,354047,245185,20056,4064,110149,0,0
2021-03-01T23:59:59+01:00,12213,13335,19438,29723,19268,43165,23152,59941,26819,43362,13017,13098,29264,42091,22865,50272,4555,5299,9624,15044,10169,23719,12578,34608,15167,24719,8407,9025,13363,22070,9826,28650,336969,242823,18997,4064,105165,0,0
2021-02-28T23:59:59+01:00,12016,13097,18957,29078,18767,42395,22662,59099,26351,42616,12819,12892,28637,41378,22522,49755,4536,5284,9604,15012,10148,23667,12561,34542,15141,24684,8384,9002,13222,21866,9777,28532,334570,241996,18140,4030,100437,0,0
2021-02-27T23:59:59+01:00,11794,12451,18641,28279,18514,41625,22376,58086,26025,41897,12557,12610,27854,40432,21743,48506,4525,5271,9580,14993,10116,23606,12522,34468,15102,24618,8366,8986,13210,21851,9776,28528,330672,241652,17420,3930,95402,0,0
2021-02-26T23:59:59+01:00,10891,11523,17781,26827,17740,39347,21436,55169,24558,39318,12193,12322,25997,38099,20526,46581,4434,5186,9505,14839,10046,23336,12437,34094,14985,24364,8291,8915,13144,21771,9742,28473,321591,239768,17167,3857,81652,0,0
2021-02-25T23:59:59+01:00,9612,10515,16468,25216,16495,37037,20152,52160,22920,36801,11800,12035,24495,36158,19301,44690,4306,5022,9344,14527,9845,22702,12180,33243,14680,23799,8116,8774,12881,21430,9625,28252,313996,235766,16398,3023,65561,0,0
2021-02-24T23:59:59+01:00,9173,9894,15835,24177,15882,35769,19409,50609,22152,35753,11445,11722,22984,34330,17902,42467,4224,4924,9206,14250,9669,22236,11989,32618,14425,23311,7989,8646,12746,21256,9568,28061,305876,233062,15438,2117,58287,0,0
2021-02-23T23:59:59+01:00,8613,9303,15030,23021,15226,34517,18657,49195,21466,34803,11180,11423,21393,32429,16573,40278,4181,4838,9078,14024,9531,21817,11797,32047,14118,22865,7844,8506,12628,21045,9507,27845,297806,230267,14640,1465,50757,0,0
2021-02-22T23:59:59+01:00,8475,9044,14645,22404,14872,33790,18184,48154,20997,34146,11002,11184,20448,31168,15485,38612,4147,4713,8931,13720,9360,21290,11530,31303,13741,22323,7633,8327,12431,20794,9420,27560,291984,226989,14031,294,46690,0,0
2021-02-21T23:59:59+01:00,8368,8868,14307,21966,14460,33209,17760,47468,20586,33723,10902,11094,20280,30942,15258,38300,4099,4659,8852,13589,9283,21071,11458,31009,13628,22076,7572,8276,12368,20682,9359,27409,290854,225168,13663,281,43067,0,0
2021-02-20T23:59:59+01:00,8234,8811,14191,21881,14345,33084,17636,47297,20431,33562,10796,11006,19384,29844,14341,37030,4096,4653,8843,13580,9272,21050,11443,30983,13615,22070,7569,8268,12296,20606,9316,27360,286617,224799,13467,280,41881,0,0
2021-02-19T23:59:59+01:00,7896,8522,13845,21433,13970,32390,17156,46492,19716,32720,10265,10675,18172,28299,13382,35667,4004,4628,8777,13553,9229,20987,11411,30889,13550,21985,7527,8212,12051,20293,9152,27073,280324,223100,13092,280,37272,0,0
2021-02-18T23:59:59+01:00,7442,7919,13221,20321,13333,30985,16318,44542,18869,31314,10091,10494,17516,27465,12887,34888,3797,4441,8439,13009,8937,20220,11063,29840,13199,21260,7325,7900,11423,19263,8729,26055,276770,214678,12513,280,28408,0,0
2021-02-17T23:59:59+01:00,7245,7484,12778,19454,12832,29753,15622,42762,18261,30184,9887,10273,16651,26509,12239,33856,3517,4225,8095,12504,8649,19384,10679,28766,12830,20529,7101,7667,10815,18332,8360,25350,272078,206580,11782,279,22015,0,0
2021-02-16T23:59:59+01:00,6850,7107,12272,18616,12350,28652,15086,41432,17707,29292,9746,10170,15922,25591,11811,33172,3308,4072,7790,12037,8339,18637,10270,27656,12392,19733,6842,7362,10037,17065,7718,23948,268512,197135,11286,127,16061,0,0
2021-02-15T23:59:59+01:00,6727,6865,11979,17985,12080,27849,14724,40429,17381,28601,9628,10069,15302,24869,11528,32715,3208,3965,7594,11702,8121,18123,9962,26804,12047,19091,6568,7087,9301,15908,7269,22818,265425,189541,10684,83,12705,0,0
2021-02-14T23:59:59+01:00,6435,6724,11739,17707,11859,27404,14493,39983,17195,28361,9586,10020,15050,24499,11387,32360,3153,3918,7479,11537,7988,17919,9791,26457,11876,18818,6461,6956,9080,15505,7107,22324,264426,186341,9750,83,10707,0,0
2021-02-13T23:59:59+01:00,6363,6678,11698,17676,11828,27372,14469,39954,17177,28339,9573,9995,15021,24472,11380,32345,3148,3913,7472,11532,7978,17899,9773,26422,11847,18777,6438,6924,8915,15273,6769,21723,264192,184852,9749,6,10480,0,0
2021-02-12T23:59:59+01:00,5768,6315,11177,17305,11523,26824,14148,39289,16862,27743,9473,9921,14828,24247,11318,32253,3092,3866,7379,11379,7873,17650,9616,26033,11637,18337,6257,6703,8531,14668,6219,20462,262504,179752,9739,5,6831,0,0
2021-02-11T23:59:59+01:00,5237,5949,10625,16645,11111,25977,13663,38052,16398,26969,9182,9675,14544,23795,11065,31606,2894,3495,6746,10164,7203,15859,8744,23375,10607,16482,5646,6027,7448,12892,5511,18389,259344,161530,8102,3,3126,0,0
2021-02-10T23:59:59+01:00,4965,5738,10278,16193,10819,25435,13329,37133,16010,26311,8994,9547,14372,23583,10978,31414,2473,3099,5820,8695,6406,13741,7744,20452,9554,14730,5135,5456,6405,11137,4855,16526,256709,142270,7642,1,827,0,0
2021-02-09T23:59:59+01:00,4889,5614,10156,15920,10712,25023,13150,36491,15799,25886,8820,9419,14171,23371,10860,31211,2034,2637,5023,7428,5627,11894,6839,17890,8503,12987,4583,4819,5325,9460,4231,14662,254280,123980,6865,1,425,0,0
2021-02-08T23:59:59+01:00,4847,5546,10068,15697,10601,24658,13030,35999,15667,25588,8733,9358,13952,23054,10775,31059,1831,2362,4464,6433,4977,10254,6007,15337,7512,11370,4072,4296,4299,7775,3577,12786,251935,107385,6352,1,421,0,0
2021-02-07T23:59:59+01:00,4659,5466,9928,15563,10500,24480,12944,35731,15565,25420,8698,9314,13797,22845,10716,30948,1586,2047,4044,5774,4577,9347,5571,14174,7047,10513,3832,4049,4074,7371,3440,12237,250840,99713,5808,1,0,0,0
2021-02-06T23:59:59+01:00,4650,5453,9916,15548,10486,24440,12924,35680,15547,25369,8680,9297,13775,22812,10616,30754,1404,1799,3818,5497,4397,8891,5346,13571,6766,9993,3713,3944,3952,7214,3169,11794,250496,95297,5525,1,0,0,0
2021-02-05T23:59:59+01:00,4568,5369,9847,15409,10421,24170,12833,35305,15434,25114,8605,9230,13704,22732,10272,30168,1239,1513,3534,5069,4137,8299,5041,12780,6372,9323,3475,3724,3795,6976,2687,10946,248619,88937,4634,0,0,0,0
2021-02-04T23:59:59+01:00,4501,5218,9717,15083,10256,23588,12632,34500,15224,24631,8490,9123,13471,22421,10178,29996,918,1067,2680,3800,3227,6508,4052,10164,5078,7355,2851,3055,3202,5952,2341,9566,244689,71836,4412,0,0,0,0
2021-02-03T23:59:59+01:00,4423,5122,9602,14861,10151,23214,12495,33966,15071,24250,8387,9004,13313,22215,10109,29786,755,834,2022,2873,2493,5027,3098,7790,3868,5570,2064,2212,2353,4461,1713,7208,241796,54356,4245,0,0,0,0
2021-02-02T23:59:59+01:00,4352,5015,9500,14652,10048,22809,12343,33385,14869,23845,8281,8883,13190,22000,10031,29534,599,655,1526,2124,1912,3788,2332,5927,2870,4172,1453,1483,1602,2973,1193,4803,238565,39424,4243,0,0,0,0
2021-02-01T23:59:59+01:00,4307,4903,9409,14414,9941,22384,12202,32735,14689,23392,8168,8748,13091,21863,9988,29368,455,469,1048,1465,1262,2520,1501,3841,1784,2659,911,945,964,1822,682,2772,235430,25109,4243,0,0,0,0
2021-01-31T23:59:59+01:00,4285,4856,9355,14300,9869,22181,12134,32429,14598,23215,8116,8698,13038,21747,9949,29248,415,431,918,1270,1078,2132,1294,3262,1556,2354,824,855,859,1628,619,2487,233956,21988,4132,0,0,0,0
2021-01-30T23:59:59+01:00,4285,4853,9345,14287,9853,22156,12122,32409,14585,23205,8114,8693,12972,21671,9908,29200,397,399,853,1185,1024,2006,1225,3072,1485,2230,802,832,840,1588,606,2438,233641,20987,4087,0,0,0,0
2021-01-29T23:59:59+01:00,4215,4839,9295,14255,9821,22104,12092,32335,14538,23143,8092,8666,12761,21411,9755,28998,320,299,730,1008,880,1633,1072,2685,1279,1938,723,746,791,1532,591,2392,232428,18622,3962,0,0,0,0
2021-01-28T23:59:59+01:00,4079,4717,9088,13859,9604,21581,11848,31750,14231,22699,7962,8571,12286,20716,9456,28503,152,81,291,375,372,630,468,1168,589,861,390,417,468,889,337,1446,227652,8934,3367,0,0,0,0
2021-01-27T23:59:59+01:00,3819,4535,8784,13448,9305,20922,11471,30909,13857,22044,7758,8364,11689,19829,9098,27853,93,51,199,229,244,430,307,814,422,592,293,303,346,658,254,1059,220983,6294,2767,0,0,0,0
2021-01-26T23:59:59+01:00,3632,4409,8500,13089,9043,20339,11156,30127,13464,21490,7537,8142,11056,18836,8523,26805,88,47,185,219,226,390,293,757,389,542,281,277,316,585,232,944,214286,5771,1927,0,0,0,0
2021-01-25T23:59:59+01:00,3533,4277,8202,12596,8748,19609,10757,29117,12985,20802,7293,7951,10389,17924,8132,26031,79,37,164,195,196,331,250,631,340,450,242,237,264,502,187,766,208021,4871,389,0,0,0,0
2021-01-24T23:59:59+01:00,3484,4249,8118,12514,8677,19486,10646,28941,12860,20646,7260,7913,10320,17815,8091,25939,78,35,160,191,194,318,248,610,331,437,234,234,262,494,183,752,206729,4761,293,0,0,0,0
2021-01-23T23:59:59+01:00,3482,4247,8118,12513,8673,19477,10645,28929,12853,20641,7256,7912,10183,17632,7776,25372,78,35,160,191,193,318,247,610,330,437,234,234,262,494,183,752,205480,4758,292,0,0,0,0
2021-01-22T23:59:59+01:00,3411,4195,7995,12400,8592,19326,10537,28769,12781,20534,7226,7882,9955,17287,7290,24393,78,35,159,191,193,318,247,610,330,437,234,234,262,494,183,752,202344,4757,292,0,0,0,0
2021-01-21T23:59:59+01:00,3293,3948,7475,11467,8122,18150,9979,27097,12193,19425,6960,7577,9256,16205,6849,23465,71,32,143,175,177,285,222,535,293,400,211,207,229,407,156,632,191229,4175,292,0,0,0,0
2021-01-20T23:59:59+01:00,2871,3497,6587,10024,7372,16110,8999,24225,11123,17598,6398,6917,8098,14343,6156,21453,70,32,142,169,174,284,214,518,282,382,200,199,220,381,146,597,171535,4010,290,0,0,0,0
2021-01-19T23:59:59+01:00,2373,3023,5670,8639,6492,14126,7979,21371,9885,15581,5664,6032,6667,11972,5270,18707,46,22,95,123,117,175,151,351,181,270,122,112,141,261,99,441,149286,2707,211,0,0,0,0
2021-01-18T23:59:59+01:00,2055,2619,4879,7224,5532,11782,6753,17667,8494,13184,4823,5161,5236,9554,4330,15522,25,11,36,46,54,83,66,154,68,133,59,53,61,140,56,208,124769,1253,89,0,0,0,0
2021-01-17T23:59:59+01:00,1738,2243,4358,6447,5032,10595,6212,16060,7863,12037,4498,4819,4869,8861,4033,14580,11,3,6,14,15,32,19,44,25,49,25,23,15,36,12,42,114195,371,87,0,0,0,0
2021-01-16T23:59:59+01:00,1542,1984,4145,6154,4851,10120,5946,15374,7534,11386,4329,4626,4658,8569,3691,14002,0,0,0,0,2,3,0,0,1,2,0,1,0,0,0,2,108943,11,4,0,0,0,0
2021-01-15T23:59:59+01:00,1370,1701,3889,5751,4597,9537,5657,14512,7119,10632,4051,4361,4475,8249,3181,12999,0,0,0,0,0,0,0,0,0,0,0,0,0,0,0,1,102112,1,2,0,0,0,0
2021-01-14T23:59:59+01:00,1038,1274,3116,4540,3743,7634,4677,11699,5742,8523,3308,3531,3780,6990,2758,11338,0,0,0,0,0,0,0,0,0,0,0,0,0,0,0,0,83717,0,0,0,0,0,0
2021-01-13T23:59:59+01:00,878,1074,2620,3776,3147,6353,3901,9641,4630,6853,2433,2629,2865,5329,2112,8614,0,0,0,0,0,0,0,0,0,0,0,0,0,0,0,0,66877,0,0,0,0,0,0
2021-01-12T23:59:59+01:00,733,905,2192,3092,2585,5161,3136,7784,3628,5360,1731,1789,1966,3665,1499,5913,0,0,0,0,0,0,0,0,0,0,0,0,0,0,0,0,51157,0,0,0,0,0,0
2021-01-11T23:59:59+01:00,584,727,1821,2491,2073,4131,2403,5847,2673,3867,1092,1091,1168,2163,822,3331,0,0,0,0,0,0,0,0,0,0,0,0,0,0,0,0,36298,0,0,0,0,0,0
2021-01-10T23:59:59+01:00,511,622,1548,2047,1726,3378,1977,4829,2219,3250,975,972,1024,1898,732,2913,0,0,0,0,0,0,0,0,0,0,0,0,0,0,0,0,30632,0,0,0,0,0,0
2021-01-09T23:59:59+01:00,476,561,1422,1871,1580,3069,1820,4366,2047,2965,907,908,968,1845,717,2876,0,0,0,0,0,0,0,0,0,0,0,0,0,0,0,0,28407,0,0,0,0,0,0
2021-01-08T23:59:59+01:00,362,410,1168,1504,1308,2400,1494,3584,1698,2441,788,804,885,1717,679,2745,0,0,0,0,0,0,0,0,0,0,0,0,0,0,0,0,23995,0,0,0,0,0,0
2021-01-07T23:59:59+01:00,172,110,402,519,472,812,607,1404,750,1065,448,474,555,1053,411,1737,0,0,0,0,0,0,0,0,0,0,0,0,0,0,0,0,10991,0,0,0,0,0,0
2021-01-06T23:59:59+01:00,130,65,263,292,309,528,408,959,518,736,339,358,421,821,324,1330,0,0,0,0,0,0,0,0,0,0,0,0,0,0,0,0,7801,0,0,0,0,0,0
2021-01-05T23:59:59+01:00,100,49,189,238,242,442,324,843,442,634,327,342,405,786,318,1277,0,0,0,0,0,0,0,0,0,0,0,0,0,0,0,0,6958,0,0,0,0,0,0
2021-01-04T23:59:59+01:00,83,39,168,198,200,348,255,636,352,466,248,253,285,558,210,857,0,0,0,0,0,0,0,0,0,0,0,0,0,0,0,0,5156,0,0,0,0,0,0
2021-01-03T23:59:59+01:00,81,35,162,193,196,332,254,622,342,450,243,250,281,546,208,840,0,0,0,0,0,0,0,0,0,0,0,0,0,0,0,0,5035,0,0,0,0,0,0
2021-01-02T23:59:59+01:00,81,35,162,193,196,332,253,622,341,450,243,250,281,546,208,840,0,0,0,0,0,0,0,0,0,0,0,0,0,0,0,0,5033,0,0,0,0,0,0
2021-01-01T23:59:59+01:00,81,35,161,193,196,331,253,622,340,448,242,249,281,545,208,840,0,0,0,0,0,0,0,0,0,0,0,0,0,0,0,0,5025,0,0,0,0,0,0
2020-12-31T23:59:59+01:00,81,35,161,191,196,331,253,621,340,447,242,249,281,545,208,840,0,0,0,0,0,0,0,0,0,0,0,0,0,0,0,0,5021,0,0,0,0,0,0
2020-12-30T23:59:59+01:00,80,35,161,189,194,329,253,620,340,446,242,249,281,545,208,840,0,0,0,0,0,0,0,0,0,0,0,0,0,0,0,0,5012,0,0,0,0,0,0
2020-12-29T23:59:59+01:00,56,24,114,143,147,223,184,446,239,344,159,159,199,412,152,654,0,0,0,0,0,0,0,0,0,0,0,0,0,0,0,0,3655,0,0,0,0,0,0
2020-12-28T23:59:59+01:00,29,17,65,77,83,126,103,254,112,208,92,92,102,217,93,364,0,0,0,0,0,0,0,0,0,0,0,0,0,0,0,0,2034,0,0,0,0,0,0
2020-12-27T23:59:59+01:00,14,8,17,24,37,53,35,84,35,82,32,28,36,80,30,137,0,0,0,0,0,0,0,0,0,0,0,0,0,0,0,0,732,0,0,0,0,0,0
