Datum,<15_m,<15_w,15-24_1_m,15-24_1_w,25-34_1_m,25-34_1_w,35-44_1_m,35-44_1_w,45-54_1_m,45-54_1_w,55-64_1_m,55-64_1_w,65-74_1_m,65-74_1_w,75-84_1_m,75-84_1_w,>84_1_m,>84_1_w,<24_2_m,<24_2_w,25-34_2_m,25-34_2_w,35-44_2_m,35-44_2_w,45-54_2_m,45-54_2_w,55-64_2_m,55-64_2_w,65-74_2_m,65-74_2_w,75-84_2_m,75-84_2_w,>84_2_m,>84_2_w,bp_1,bp_2,mo_1,mo_2,az_1,az_2,ja,unb_1,unb_2
2021-10-02T23:59:59+02:00,42931,40423,292766,281398,397136,366653,410030,402888,471976,480551,521600,521818,353915,394936,247093,316848,72771,133487,263964,253268,371495,338415,387506,376388,449382,454665,500975,500785,343068,382527,239836,306789,69852,127436,4104412,3852908,525917,503430,808121,763999,311886,527,468
2021-10-01T23:59:59+02:00,42728,40175,292168,280864,396600,366176,409598,402522,471658,480306,521354,521647,353837,394865,247067,316806,72760,133471,263324,252637,371019,338002,387137,376025,449071,454360,500758,500594,343001,382461,239812,306749,69845,127421,4100702,3849166,525776,503278,808118,763952,311121,527,468
2021-09-30T23:59:59+02:00,42342,39795,291076,279805,395618,365238,408825,401754,471017,479659,520858,521257,353680,394663,246979,316684,72736,133419,262167,251517,370193,337117,386461,375233,448499,453736,500314,500213,342846,382254,239741,306603,69819,127382,4093262,3842485,525451,502286,808097,763876,309708,526,467
2021-09-29T23:59:59+02:00,42016,39497,290355,279086,394907,364541,408289,401176,470525,479181,520503,520948,353500,394459,246891,316539,72704,133348,261441,250773,369571,336478,386010,374668,448088,453296,499969,499875,342678,382073,239652,306444,69796,127330,4087482,3837159,525298,502140,808091,763811,308706,526,467
2021-09-28T23:59:59+02:00,41691,39193,289493,278261,394125,363840,407690,400618,470007,478683,520123,520591,353289,394236,246789,316368,72655,133224,260590,249992,368876,335848,385505,374149,447652,452847,499618,499532,342498,381870,239558,306299,69771,127274,4081207,3831701,525175,501994,808082,763759,307522,526,467
2021-09-27T23:59:59+02:00,41279,38811,288645,277441,393366,363144,407152,400046,469543,478171,519731,520266,353135,394040,246705,316243,72625,133130,259606,249088,368061,335060,384864,373496,447127,452321,499226,499181,342317,381642,239472,306167,69747,127212,4075605,3825636,525027,501852,808075,763652,305871,526,466
2021-09-26T23:59:59+02:00,40908,38506,288083,276917,392877,362712,406812,399699,469254,477880,519522,520078,353025,393939,246661,316167,72603,133081,259111,248634,367630,334669,384530,373134,446839,452029,499022,498998,342228,381552,239415,306093,69731,127175,4071930,3822720,524887,501705,808051,763538,304961,526,466
2021-09-25T23:59:59+02:00,40854,38446,287915,276750,392725,362593,406697,399613,469165,477798,519461,520036,353014,393918,246652,316158,72601,133078,258954,248485,367487,334548,384416,373040,446773,451934,498961,498966,342208,381530,239405,306080,69731,127173,4071175,3822034,524814,501646,808049,763507,304541,526,466
2021-09-24T23:59:59+02:00,40657,38236,287286,276106,392082,362028,406174,399133,468718,477393,519162,519793,352910,393833,246611,316105,72595,133054,258301,247807,366883,334016,383973,372600,446361,451578,498641,498721,342093,381425,239361,306026,69719,127149,4067434,3818359,524668,501546,808039,763437,302837,526,465
2021-09-23T23:59:59+02:00,40033,37572,285607,274466,390636,360697,405005,397947,467684,476437,518428,519113,352614,393557,246473,315885,72550,132939,257021,246735,365755,333050,383060,371785,445570,450862,498059,498219,341865,381191,239250,305873,69691,127069,4057656,3812373,524262,501274,808028,763337,298792,525,465
2021-09-22T23:59:59+02:00,39700,37259,284610,273495,389785,359852,404252,397179,467018,475832,517895,518669,352387,393289,246361,315684,72501,132855,256247,245989,365013,332369,382428,371191,445055,450339,497597,497875,341663,380984,239147,305735,69658,127006,4050812,3807289,524047,501106,808005,763222,296852,525,465
2021-09-21T23:59:59+02:00,39289,36777,283537,272423,388832,358950,403499,396432,466400,475249,517447,518241,352160,393025,246258,315503,72446,132740,255398,245143,364258,331658,381796,370592,444560,449855,497185,497476,341467,380779,239037,305572,69624,126921,4043269,3801704,523893,500911,807995,763143,295142,525,465
2021-09-20T23:59:59+02:00,38938,36503,282404,271360,387796,358026,402678,395631,465704,474641,516956,517785,351913,392800,246145,315317,72400,132636,254280,244163,363275,330823,381013,369832,443837,449281,496726,497035,341244,380564,238932,305384,69588,126845,4036268,3795258,523754,500737,807981,762939,292718,525,464
2021-09-19T23:59:59+02:00,38779,36371,281817,270960,387226,357539,402278,395236,465362,474329,516692,517556,351825,392676,246106,315237,72387,132598,253770,243735,362780,330404,380593,369498,443473,448941,496445,496817,341138,380436,238873,305298,69577,126814,4032956,3792462,523622,500559,807959,762643,291524,525,464
2021-09-18T23:59:59+02:00,38727,36300,281659,270803,387030,357377,402100,395096,465253,474215,516626,517497,351809,392663,246098,315228,72385,132594,253457,243390,362530,330152,380356,369309,443311,448809,496353,496729,341108,380410,238854,305278,69574,126805,4032016,3790591,523509,500478,807956,762630,291064,525,464
2021-09-17T23:59:59+02:00,38397,35936,280764,269975,386239,356619,401372,394438,464641,473689,516246,517135,351659,392518,246035,315159,72361,132563,252716,242715,361847,329558,379768,368817,442851,448403,496017,496441,340988,380275,238804,305199,69561,126784,4026678,3786849,523178,500080,807946,762599,289025,524,464
2021-09-16T23:59:59+02:00,37832,35352,279194,268435,384897,355173,400184,393130,463633,472714,515478,516444,351343,392192,245909,314973,72315,132471,251576,241711,360896,328636,378952,367966,442186,447718,495505,496001,340761,380053,238705,305071,69531,126721,4015893,3780295,522447,499683,807893,762453,286515,524,464
2021-09-15T23:59:59+02:00,37457,35044,278080,267349,384003,354197,399337,392278,462960,472034,514947,515928,351118,391906,245734,314794,72277,132354,250725,240904,360118,327845,378271,367294,441626,447201,495001,495562,340550,379816,238568,304922,69506,126648,4008397,3774661,522163,499453,807880,762380,284433,524,464
2021-09-14T23:59:59+02:00,37146,34741,277116,266401,383068,353344,398609,391515,462358,471385,514427,515479,350880,391668,245602,314620,72231,132281,249946,240112,359390,327179,377665,366696,441084,446690,494582,495183,340356,379602,238458,304775,69483,126593,4001634,3769566,521836,499230,807851,762232,282625,523,464
2021-09-13T23:59:59+02:00,36764,34349,275886,265145,382124,352311,397837,390637,461660,470671,513909,514981,350657,391418,245480,314469,72193,132209,248825,239063,358574,326398,377067,366044,440525,446165,494124,494805,340162,379378,238358,304627,69452,126540,3993484,3762659,521124,498944,807818,762135,281348,522,464
2021-09-12T23:59:59+02:00,36625,34220,275324,264710,381658,351870,397455,390216,461338,470370,513698,514766,350553,391310,245433,314393,72182,132175,248301,238656,358074,325955,376702,365696,440225,445876,493875,494584,340039,379248,238299,304539,69436,126496,3990341,3759654,520961,498755,807782,762011,280284,522,463
2021-09-11T23:59:59+02:00,36548,34172,275133,264503,381434,351682,397297,390061,461206,470247,513628,514707,350523,391280,245424,314377,72180,132172,248021,238474,357852,325797,376553,365556,440078,445760,493810,494530,340016,379221,238291,304526,69436,126492,3989312,3758571,520873,498625,807775,761990,279685,522,463
2021-09-10T23:59:59+02:00,36225,33845,274064,263519,380488,350786,396425,389258,460412,469575,513073,514261,350322,391082,245336,314265,72162,132143,247118,237774,357029,325063,375770,364932,439388,445241,493322,494152,339855,379065,238210,304423,69414,126461,3984057,3755139,520735,498412,807765,761967,275750,522,463
2021-09-09T23:59:59+02:00,35803,33412,272786,262389,379459,349627,395507,388239,459624,468718,512496,513755,350085,390801,245207,314109,72126,132083,246059,236817,356119,324201,374964,364126,438700,444637,492735,493708,339640,378837,238088,304281,69383,126406,3976064,3749073,520432,498014,807725,761820,273073,515,462
2021-09-08T23:59:59+02:00,35403,33016,271835,261411,378675,348788,394819,387462,459007,468123,512058,513294,349879,390557,245101,313936,72097,132025,245136,235965,355316,323472,374284,363406,438104,444077,492287,493250,339441,378590,237967,304114,69349,126314,3969666,3743387,520211,497698,807674,761687,270998,515,462
2021-09-07T23:59:59+02:00,35034,32686,270816,260491,377850,348011,394176,386795,458481,467604,511613,512899,349688,390345,245002,313769,72064,131954,244261,235184,354514,322792,373640,362850,437601,443572,491842,492861,339233,378378,237878,303976,69322,126262,3963613,3738416,519971,497358,807661,761510,269093,515,462
2021-09-06T23:59:59+02:00,34636,32278,269704,259395,376918,347068,393501,386024,457890,466978,511177,512468,349470,390101,244915,313649,72035,131885,243495,234431,353781,322139,373026,362265,437143,443071,491430,492479,339023,378172,237794,303842,69293,126206,3956456,3733606,519834,497117,807612,761385,267248,515,462
2021-09-05T23:59:59+02:00,34485,32132,269305,258986,376617,346731,393213,385715,457655,466738,511002,512288,349397,390007,244873,313587,72019,131857,243067,234040,353388,321759,372677,361956,436885,442824,491232,492273,338921,378053,237750,303778,69276,126173,3953894,3730985,519735,496842,807584,761251,266452,515,462
2021-09-04T23:59:59+02:00,34428,32095,269146,258860,376500,346605,393089,385613,457581,466656,510951,512242,349385,389989,244867,313575,72019,131856,242902,233898,353229,321596,372532,361839,436794,442723,491167,492225,338899,378033,237742,303766,69276,126172,3953213,3730206,519679,496707,807579,761228,266043,515,462
2021-09-03T23:59:59+02:00,34110,31782,268258,258056,375764,345948,392506,385031,457009,466177,510490,511905,349216,389811,244801,313469,71996,131824,241889,233041,352438,320881,371860,361190,436145,442134,490677,491809,338702,377836,237655,303657,69256,126145,3948881,3725924,518983,495171,807551,761155,263794,515,462
2021-09-02T23:59:59+02:00,33754,31451,267214,257181,374907,345119,391781,384289,456327,465551,509960,511481,348952,389562,244679,313293,71970,131746,240873,232245,351554,320107,371127,360485,435431,441508,490114,491349,338454,377573,237547,303504,69229,126068,3942989,3720750,518700,494691,807516,760834,261063,515,462
2021-09-01T23:59:59+02:00,33429,31086,266367,256344,374153,344450,391242,383742,455858,465067,509579,511139,348774,389368,244591,313176,71946,131686,239789,231193,350699,319261,370446,359792,434819,440904,489594,490866,338223,377306,237415,303347,69201,126013,3937536,3713978,518519,494154,807484,760617,259507,515,458
2021-08-31T23:59:59+02:00,33031,30745,265504,255443,373423,343739,390674,383161,455352,464584,509132,510773,348584,389177,244495,313028,71915,131643,238839,230310,349896,318518,369786,359159,434265,440397,489073,490468,338018,377094,237324,303197,69167,125957,3932037,3708682,518329,493767,807458,760202,257626,514,458
2021-08-30T23:59:59+02:00,32484,30259,264202,254261,372429,342831,389859,382350,454598,463875,508568,510278,348356,388962,244402,312874,71879,131574,237683,229330,348899,317625,369001,358418,433569,439819,488513,489958,337761,376852,237198,303015,69126,125880,3924570,3702657,518213,493326,807413,759950,254887,514,458
2021-08-29T23:59:59+02:00,32296,30070,263637,253755,371956,342418,389480,382014,454303,463585,508339,510057,348259,388853,244353,312809,71869,131550,236967,228697,348294,317084,368506,357950,433144,439443,488204,489698,337617,376698,237138,302940,69108,125855,3921497,3698791,518095,492928,807385,759692,253665,514,458
2021-08-28T23:59:59+02:00,32207,29977,263412,253577,371783,342263,389323,381892,454177,463466,508265,510006,348235,388830,244342,312797,71868,131547,236649,228440,348045,316889,368284,357786,432962,439278,488076,489605,337575,376656,237118,302914,69106,125851,3920467,3697215,518055,492812,807379,759666,253105,514,458
2021-08-27T23:59:59+02:00,31977,29728,262764,253012,371269,341748,388852,381442,453725,463070,507894,509722,348105,388697,244283,312710,71849,131525,236046,227942,347436,316388,367808,357360,432513,438926,487772,489357,337442,376538,237063,302849,69095,125844,3916667,3694008,517987,492598,807323,759605,251432,514,458
2021-08-26T23:59:59+02:00,31597,29344,261755,252035,370421,340934,388101,380701,453041,462392,507345,509239,347872,388437,244162,312592,71821,131465,234573,226584,346210,315202,366695,356367,431644,438126,487105,488782,337160,376218,236900,302681,69065,125798,3910490,3685690,517743,491953,807282,759247,248768,514,457
2021-08-25T23:59:59+02:00,31236,29013,260832,251178,369676,340160,387445,380007,452405,461802,506790,508783,347635,388179,244036,312430,71786,131398,232529,224723,344733,313800,365513,355172,430646,437161,486301,488056,336775,375825,236744,302444,69020,125709,3904789,3673718,517614,491546,807254,759096,246163,512,453
2021-08-24T23:59:59+02:00,30919,28747,260100,250399,369069,339528,386906,379433,451923,461290,506378,508409,347425,387953,243919,312265,71760,131325,231318,223663,343771,312880,364730,354422,429973,436509,485740,487505,336496,375513,236609,302283,68995,125644,3899850,3666536,517328,491100,807233,758792,244364,512,449
2021-08-23T23:59:59+02:00,30398,28221,258713,249083,368043,338615,386074,378643,451142,460608,505729,507842,347143,387673,243780,312078,71733,131266,229839,222349,342460,311816,363779,353571,429111,435754,485036,486936,336190,375181,236472,302094,68969,125584,3892428,3659144,517183,490620,807199,758510,240997,512,448
2021-08-22T23:59:59+02:00,30256,28107,258308,248715,367691,338286,385800,378377,450906,460364,505543,507692,347046,387577,243739,312019,71716,131240,229120,221671,341777,311160,363243,353067,428671,435349,484717,486670,336027,374998,236404,301987,68945,125536,3890216,3654746,517035,490159,807160,758210,239992,512,446
2021-08-21T23:59:59+02:00,30005,27902,257809,248254,367374,337965,385544,378120,450701,460186,505395,507553,346991,387521,243717,311981,71713,131231,228378,221020,341292,310762,362841,352656,428306,435043,484488,486474,335943,374930,236377,301944,68939,125524,3887669,3651777,516891,488953,807152,758154,239270,512,446
2021-08-20T23:59:59+02:00,29812,27704,257150,247595,366634,337343,384868,377592,450108,459689,504921,507233,346848,387363,243662,311884,71697,131196,226573,219406,339884,309571,361724,351701,427350,434246,483770,485925,335699,374680,236275,301824,68914,125494,3884206,3643535,516566,487798,807139,757788,236406,512,446
2021-08-19T23:59:59+02:00,29480,27391,256168,246751,365636,336556,384080,376902,449393,459053,504362,506750,346607,387101,243554,311737,71663,131123,223814,216974,337578,307737,360024,350229,425948,432978,482614,484968,335279,374253,236083,301577,68880,125424,3878701,3629189,516200,486032,807099,757317,233319,512,445
2021-08-18T23:59:59+02:00,29194,27131,255372,246045,364936,335942,383504,376335,448795,458556,503890,506340,346334,386860,243435,311588,71631,131057,221341,214454,335524,305977,358382,348577,424425,431650,481467,483928,334755,373696,235849,301277,68828,125329,3873603,3615920,516023,482086,807069,756938,231261,511,445
2021-08-17T23:59:59+02:00,28875,26855,254584,245328,364317,335260,382943,375783,448307,458072,503460,505919,346131,386649,243318,311458,71604,131005,218591,211704,333452,304150,356694,347115,422991,430375,480343,482937,334261,373155,235613,300983,68774,125252,3868563,3600860,515722,479311,807043,756508,229549,511,444
2021-08-16T23:59:59+02:00,28587,26592,253887,244680,363744,334703,382480,375321,447868,457630,503038,505554,345945,386441,243219,311293,71573,130965,215421,208633,331160,302039,355175,345670,421784,429242,479391,482096,333869,372708,235425,300708,68734,125164,3864145,3583483,515566,478584,807017,756158,227800,511,442
2021-08-15T23:59:59+02:00,28391,26429,253394,244239,363318,334314,382120,374984,447572,457371,502796,505361,345830,386323,243170,311213,71562,130944,211413,204577,329266,300422,353914,344451,420762,428307,478609,481437,333536,372372,235302,300531,68710,125114,3861307,3565879,515423,477673,806978,755834,226631,511,441
2021-08-14T23:59:59+02:00,28325,26372,253148,244042,363086,334138,381947,374835,447415,457242,502678,505254,345781,386291,243152,311190,71559,130939,210342,203473,328445,299660,353198,343773,420267,427848,478220,481115,333396,372243,235264,300474,68701,125097,3860140,3559187,515352,477304,806974,755758,225936,511,441
2021-08-13T23:59:59+02:00,28069,26130,252443,243453,362585,333710,381511,374402,446980,456880,502340,504997,345652,386140,243087,311115,71547,130910,208454,201689,327020,298345,351932,342583,419216,426911,477470,480475,333152,371952,235151,300332,68683,125043,3856324,3547251,515281,476703,806964,755567,224393,507,441
2021-08-12T23:59:59+02:00,27870,25903,251720,242818,361965,333124,380981,373917,446445,456434,501919,504641,345469,385941,242985,311010,71533,130862,205859,199420,324139,295810,349920,340785,417706,425659,476234,479406,332697,371414,234901,300055,68643,124959,3852370,3529840,515094,475497,806927,754541,222153,507,439
2021-08-11T23:59:59+02:00,27636,25657,250987,242130,361341,332545,380456,373440,445983,456009,501511,504211,345243,385700,242869,310875,71505,130807,202818,196439,320957,292869,347746,338716,416205,424252,474949,478115,332154,370771,234652,299647,68592,124830,3847535,3507981,514875,474424,806887,753603,220618,504,438
2021-08-10T23:59:59+02:00,27390,25399,250155,241395,360627,331997,379916,372892,445483,455534,501056,503813,345047,385503,242783,310736,71482,130763,198617,192309,316288,288658,344759,335938,414088,422306,473351,476656,331467,370099,234353,299237,68535,124711,3842439,3477841,514592,473312,806852,752454,219096,504,438
2021-08-09T23:59:59+02:00,27194,25198,249529,240824,360047,331512,379472,372511,445071,455189,500710,503530,344887,385354,242717,310625,71462,130727,194073,187709,310576,283907,341999,333442,412171,420533,471731,475188,330819,369409,234073,298866,68476,124575,3838731,3447451,514413,470530,806821,751357,217601,504,434
2021-08-08T23:59:59+02:00,27024,25040,249048,240414,359653,331160,379124,372224,444768,454933,500469,503337,344781,385246,242654,310545,71445,130694,192725,186341,308949,282570,340687,332278,411296,419776,471166,474672,330558,369141,233944,298696,68451,124525,3836168,3438330,514258,469170,806769,750879,216368,504,434
2021-08-07T23:59:59+02:00,26874,24864,248518,239965,359255,330821,378788,371940,444475,454697,500243,503163,344709,385152,242620,310496,71437,130683,189047,182750,306905,280718,338969,330754,409962,418509,470240,473876,330202,368768,233813,298507,68417,124488,3833309,3418702,514151,467834,806759,750665,215485,504,431
2021-08-06T23:59:59+02:00,26648,24630,247647,239302,358468,330210,378113,371362,443818,454169,499705,502773,344476,384946,242521,310379,71426,130661,185311,179195,303436,277911,336848,328916,408358,417168,468939,472912,329821,368382,233653,298351,68393,124440,3830727,3399393,512785,466105,806747,749566,211999,504,429
2021-08-05T23:59:59+02:00,26326,24306,246470,238365,357570,329332,377289,370630,443078,453487,499037,502232,344192,384644,242405,310204,71385,130598,180832,175247,298046,273503,332730,325350,405550,414675,466682,471125,329151,367676,233388,297979,68332,124329,3824356,3371449,512521,461393,806683,745854,208987,504,428
2021-08-04T23:59:59+02:00,25952,23964,245319,237374,356571,328420,376511,369915,442447,452884,498464,501703,343917,384376,242284,310031,71357,130527,177348,171941,294276,270370,328319,321441,403295,412582,464973,469571,328454,366975,233113,297624,68273,124227,3817840,3344266,512178,459625,806647,744102,206344,500,427
2021-08-03T23:59:59+02:00,25488,23542,243955,236187,355658,327580,375799,369219,441788,452221,497866,501167,343623,384075,242155,309853,71313,130459,173864,168494,290173,266729,323207,316832,400547,410021,462631,467466,327607,366106,232762,297152,68204,124088,3809864,3312140,512017,457748,806605,742030,204454,500,427
2021-08-02T23:59:59+02:00,25171,23236,242903,235223,354811,326821,375097,368619,441218,451675,497341,500719,343360,383801,242037,309698,71287,130400,170226,164899,285473,262762,317331,311875,397794,407464,460393,465471,326834,365271,232465,296752,68140,123970,3803504,3278652,511768,455770,806548,739497,202588,499,425
2021-08-01T23:59:59+02:00,25016,23045,242274,234616,354214,326309,374655,368226,440784,451354,496997,500441,343222,383636,241961,309582,71273,130374,168674,163447,282986,260761,312697,308158,395935,405887,458913,464223,326400,364785,232294,296534,68111,123911,3799826,3260735,511465,453625,806455,737051,201220,498,421
2021-07-31T23:59:59+02:00,24906,22940,241932,234297,353931,326081,374414,368057,440595,451201,496889,500342,343189,383597,241941,309569,71272,130368,164898,159602,280157,258213,310605,306159,394538,404604,457766,463234,326081,364409,232160,296360,68085,123865,3798211,3237797,511275,452687,806449,736259,200572,498,421
2021-07-30T23:59:59+02:00,24616,22680,241132,233579,353354,325550,373924,367592,440132,450799,496528,500051,343051,383456,241896,309490,71259,130352,161149,155833,276757,255097,307577,303337,392306,402487,455916,461647,325571,363876,231950,296067,68052,123807,3794124,3212696,510907,451482,806432,733058,198962,497,420
2021-07-29T23:59:59+02:00,24269,22339,239593,232305,352187,324470,372952,366681,439276,450007,495713,499426,342717,383143,241759,309307,71222,130285,156291,151346,271371,250916,301664,298553,387948,398990,452860,459236,324738,363029,231637,295657,67990,123708,3786532,3178750,510227,446622,806348,727949,195523,496,420
2021-07-28T23:59:59+02:00,23969,22051,238439,231265,351299,323627,372196,365986,438637,449338,495146,498934,342464,382843,241624,309122,71187,130212,152527,147694,266869,247250,297226,294597,384680,396131,450768,457384,324077,362268,231367,295272,67926,123583,3779768,3147994,509686,444697,806269,725306,193596,495,417
2021-07-27T23:59:59+02:00,23697,21824,237429,230287,350455,322885,371491,365393,438050,448722,494619,498475,342220,382538,241490,308927,71151,130113,147498,142563,260938,242109,291920,289829,380660,392429,447582,454566,323088,361163,231000,294765,67835,123424,3773463,3106364,509128,442370,806211,721560,191945,494,415
2021-07-26T23:59:59+02:00,23465,21585,236454,229305,349660,322181,370883,364839,437493,448231,494168,498103,341988,382297,241361,308769,71127,130055,143148,138166,255384,237317,286746,285352,376186,388468,444061,451540,322135,360198,230669,294286,67760,123287,3767768,3066916,508495,440114,806131,717207,190547,492,415
2021-07-25T23:59:59+02:00,23106,21284,235113,228150,348713,321413,370203,364177,436913,447691,493708,497697,341788,382083,241271,308640,71106,129991,141302,136407,252699,235098,284238,283250,374048,386688,441974,449747,321620,359684,230466,294056,67735,123210,3760691,3051895,508118,437925,806063,712849,189147,492,415
2021-07-24T23:59:59+02:00,22857,21086,234182,227290,347988,320760,369626,363654,436385,447252,493347,497419,341671,381984,241227,308578,71103,129980,138404,133605,249964,232772,281671,281032,371787,384828,440734,448759,321270,359346,230321,293877,67716,123176,3756665,3033531,507350,434909,806047,712508,187296,492,415
2021-07-23T23:59:59+02:00,22439,20699,232676,225945,346663,319819,368577,362786,435504,446463,492648,496886,341436,381712,241138,308465,71082,129944,132918,128756,244589,228463,277191,277241,368095,381626,438078,446557,320570,358625,230067,293565,67662,123095,3749186,2997966,506878,433136,805991,710371,183787,492,415
2021-07-22T23:59:59+02:00,21934,20223,230570,223968,344910,318277,367068,361494,434183,445314,491665,495984,341002,381261,240960,308216,71038,129862,128569,124695,238584,223947,270801,272168,361196,376121,432615,442042,319386,357365,229628,293036,67568,122941,3736728,2955856,505290,427148,805861,704048,181001,491,413
2021-07-21T23:59:59+02:00,21426,19705,228682,222143,343210,316745,365445,359918,432605,443924,490438,494812,340448,380739,240711,307930,70984,129767,124802,121124,233121,219704,265266,267641,353055,369181,428003,438298,318266,356215,229165,292469,67487,122761,3725707,2920313,501527,416254,805635,699263,177708,491,412
2021-07-20T23:59:59+02:00,21124,19426,227211,220665,341971,315574,364477,359042,431739,443129,489716,494161,340105,380367,240563,307707,70956,129678,120465,116883,226770,214529,259433,262459,345937,363073,423303,433987,317172,354959,228751,291883,67390,122578,3716360,2876515,501119,409031,805504,694873,175569,491,411
2021-07-19T23:59:59+02:00,20810,19129,225473,218969,340654,314317,363441,358065,430925,442349,489043,493542,339809,380005,240412,307474,70911,129581,117708,114281,222385,210936,254813,258505,342219,359900,420681,431806,316445,354230,228451,291491,67315,122454,3705761,2851456,500695,403649,805410,690545,173980,491,411
2021-07-18T23:59:59+02:00,20656,18996,224178,217696,339036,312880,362369,357134,430104,441627,488504,492999,339573,379719,240283,307294,70889,129519,116207,112891,219724,208753,252456,256404,339967,358050,418644,430113,315953,353742,228290,291273,67294,122387,3696300,2839159,500156,399372,805333,686842,172601,491,408
2021-07-17T23:59:59+02:00,20259,18574,223022,216636,338456,312339,361779,356619,429586,441176,488091,492709,339468,379602,240241,307239,70886,129508,114133,110788,217262,206448,249988,254207,337542,355909,417196,428850,315618,353351,228155,291105,67270,122347,3690724,2821638,499952,396648,805316,686056,171131,488,408
2021-07-16T23:59:59+02:00,19716,18060,220473,214484,336714,311038,360271,355325,428116,439967,486991,491844,339062,379231,240069,307080,70861,129471,111016,107986,212491,202516,245448,250569,333238,352209,413847,426125,314697,352421,227805,290688,67216,122265,3680501,2793934,499192,394290,805154,682242,164854,487,407
2021-07-15T23:59:59+02:00,19074,17433,217690,212055,334803,309333,358680,353883,426775,438778,486046,490990,338662,378803,239866,306823,70819,129366,107106,104761,204114,196264,237950,244961,326626,346964,406768,419670,312954,350604,227255,290017,67144,122066,3665429,2747304,498593,385843,805036,674816,161719,486,407
2021-07-14T23:59:59+02:00,18228,16707,215241,209726,333093,307792,357268,352535,425549,437574,485011,490029,338204,378342,239625,306511,70765,129277,103492,101421,197634,191094,232231,240286,322328,343484,402592,416040,311641,349290,226845,289458,67061,121912,3650458,2713649,498004,380305,804905,668007,159004,485,404
2021-07-13T23:59:59+02:00,17574,16049,213051,207698,331483,306416,355928,351305,424371,436480,484048,489168,337763,377867,239422,306264,70730,129184,99730,97877,191143,185686,225087,234217,315643,337418,394191,408179,309842,347362,226239,288666,66948,121711,3636592,2670805,497445,367626,804743,658529,156911,483,400
2021-07-12T23:59:59+02:00,16554,15114,209765,204513,329419,304680,354347,349834,423126,435274,483063,488263,337346,377393,239242,306034,70691,129107,96631,95153,185857,181381,218104,228537,308803,331380,389088,403899,308111,345493,225645,287932,66849,121541,3618089,2632476,496887,360481,804562,650107,155111,482,399
2021-07-11T23:59:59+02:00,16045,14640,208405,203237,328674,303962,353686,349204,422561,434767,482614,487919,337155,377189,239182,305928,70669,129067,95210,93864,183077,179073,215106,226244,306113,329222,386259,401510,305638,342867,225264,287461,66794,121443,3611835,2617479,496247,358491,804433,639609,153277,477,395
2021-07-10T23:59:59+02:00,15570,14180,206558,201454,327207,302697,352545,348225,421831,434168,482137,487520,336985,377024,239116,305842,70659,129047,93907,92590,180543,176954,212070,223759,303588,327059,385092,400473,304991,342198,225084,287272,66778,121416,3603234,2600660,495605,358260,804196,637859,150612,476,395
2021-07-09T23:59:59+02:00,15246,13900,204653,199610,325598,301239,351474,347260,420926,433455,481565,487042,336778,376800,239019,305720,70644,129013,91115,89862,177011,173724,207721,219603,298564,322453,381647,397489,303894,340966,224778,286905,66741,121352,3594071,2571644,494740,356195,804001,630258,148006,475,395
2021-07-08T23:59:59+02:00,14779,13472,201154,196620,322280,298563,349096,345269,419214,431999,480127,485972,336339,376357,238839,305469,70599,128936,86808,86092,169758,168059,199579,213199,291187,316334,374691,391272,301169,338039,223996,285967,66624,121092,3578695,2525401,490691,347526,803478,619895,143070,473,395
2021-07-07T23:59:59+02:00,14278,13018,197410,192757,319109,295706,346777,343223,417655,430526,478925,484870,335861,375792,238649,305197,70561,128830,83125,82641,162454,162338,190526,206016,283198,309768,367642,384446,297854,334421,223086,284866,66484,120845,3557400,2477384,489323,334088,803092,609892,140132,470,392
2021-07-06T23:59:59+02:00,13819,12646,193973,189378,315852,292968,344301,340936,415940,428963,477654,483732,335359,375236,238451,304905,70508,128745,79551,79062,155776,156824,183110,199806,274252,301815,361150,378356,294655,331172,222200,283774,66375,120616,3537532,2424846,486254,327106,802673,600371,137704,467,392
2021-07-05T23:59:59+02:00,13422,12309,189581,185128,311799,289630,341789,338599,414261,427415,476509,482660,334886,374718,238273,304660,70475,128659,76485,76232,150656,152733,178343,195678,267332,295545,355042,372816,291379,327726,221312,282654,66266,120447,3514673,2385763,485095,322609,802176,590013,133618,464,389
2021-07-04T23:59:59+02:00,13244,12151,185735,181254,309157,287601,340473,337527,413377,426637,475929,482169,334661,374463,238184,304533,70449,128605,74295,74361,147553,150163,176011,193633,264881,293482,351927,370606,288070,324330,220727,281984,66210,120327,3502420,2371971,483802,320304,801609,578471,129103,464,388
2021-07-03T23:59:59+02:00,12049,11095,179299,175253,304891,284138,338138,335356,411559,424829,474713,481112,334262,374017,238010,304285,70425,128562,72513,72782,145128,148281,173573,191550,261815,290754,349646,368749,286315,322347,220460,281622,66178,120278,3476033,2356235,482395,320104,801426,573979,122910,464,388
2021-07-02T23:59:59+02:00,10951,10002,175587,171793,302472,281938,336391,333650,410306,423638,473937,480421,334001,373703,237896,304103,70397,128514,69817,70098,141203,144992,169135,187503,255758,285306,344420,364042,283064,318618,219819,280850,66129,120194,3457933,2323020,480916,317314,801241,561399,120376,462,369
2021-07-01T23:59:59+02:00,9855,9073,171918,168349,298432,278646,333895,331377,408508,422058,472839,479460,333581,373240,237695,303832,70351,128435,64933,65379,134882,139657,161846,180989,245498,276444,333619,354252,278277,313344,217966,278594,65950,119882,3435376,2266660,478817,304963,800894,543669,117220,462,365
2021-06-30T23:59:59+02:00,9366,8679,168647,165269,292803,274018,330223,328039,406736,420513,471813,478492,333158,372757,237504,303532,70317,128346,61803,62532,129237,134979,155202,174993,235449,267297,320215,340974,273063,307798,216075,276273,65782,119560,3410258,2211640,476650,292147,800601,524830,113458,461,364
2021-06-29T23:59:59+02:00,8830,8156,164848,161491,288262,269754,326655,324746,404636,418434,470267,477081,332568,372118,237251,303177,70262,128237,59012,59534,124292,130567,149181,169465,223600,256603,311658,332608,266599,300607,214103,273814,65579,119214,3382740,2152387,474653,287484,800276,507421,109848,460,360
2021-06-28T23:59:59+02:00,8425,7776,161521,158032,283229,265433,323349,321899,402492,416508,468779,475770,332047,371507,237018,302867,70218,128143,56740,57186,120389,127054,144833,165383,214373,248189,305870,327203,261653,295311,212339,271579,65432,118948,3358813,2116666,470679,278867,799616,490900,106636,460,357
2021-06-27T23:59:59+02:00,8277,7653,160015,156506,281124,263623,321543,320362,400792,415148,467880,475053,331755,371214,236915,302704,70199,128094,55544,56078,118264,125341,142267,163256,210263,244802,302505,324344,257843,291306,209879,268668,65321,118753,3348792,2101207,468600,275375,798566,474760,103629,459,357
2021-06-26T23:59:59+02:00,7123,6555,156746,153169,279019,261742,319128,318123,399602,413992,467181,474352,331486,370933,236808,302546,70175,128064,54998,55489,116925,124187,140841,162019,208017,242798,299973,321933,256305,289645,209545,268259,65294,118683,3329657,2084401,465778,275287,798560,472261,103495,433,336
2021-06-25T23:59:59+02:00,5901,5439,152435,148886,275627,258784,317071,316161,398293,412745,466180,473527,331197,370598,236680,302390,70147,128014,53710,53866,114449,121489,136755,157449,199252,234346,294282,316059,254583,287526,208954,267457,65223,118566,3304694,2041892,464350,273595,798504,465680,103270,433,336
2021-06-24T23:59:59+02:00,5047,4651,147994,144752,270798,254837,312795,312381,396100,410871,464803,472391,330773,370133,236511,302152,70113,127927,51066,51271,109328,116769,129426,150801,187213,223893,282867,305829,249204,281684,207119,265113,65020,118166,3273498,1979834,462339,261822,798336,451926,101592,432,335
2021-06-23T23:59:59+02:00,4826,4445,144827,141636,267100,251682,307550,307580,393606,408523,463397,471072,330245,369512,236280,301841,70065,127820,49124,49188,105533,112857,123753,145125,177319,215227,270888,293836,244590,276868,205786,263415,64859,117807,3245936,1923506,458814,251958,798175,441229,99815,430,334
2021-06-22T23:59:59+02:00,4576,4216,141752,138506,263383,248302,301421,302146,390972,405962,461857,469592,329695,368903,236059,301487,70018,127713,47435,47449,101923,109554,118958,140545,164725,204081,259978,283534,240526,272398,203863,261006,64607,117334,3213877,1865139,456881,244243,797981,430272,98540,428,325
2021-06-21T23:59:59+02:00,4317,3971,138490,135562,258677,244403,296172,297277,387931,403092,460383,468239,329178,368342,235836,301172,69977,127601,46202,46220,99540,107337,116220,137839,158505,198308,253092,276893,235174,266561,199927,256484,64420,116957,3182141,1834143,454840,238726,797770,410490,96575,425,325
2021-06-20T23:59:59+02:00,4173,3854,136981,134051,254430,240912,293589,295036,386541,401778,459592,467493,328952,368056,235724,301040,69957,127539,45079,45297,97280,105543,113944,135852,155470,195769,248782,272818,232171,263031,198940,255231,64339,116831,3164668,1813787,453076,235173,797613,402623,95041,423,318
2021-06-19T23:59:59+02:00,3756,3504,134833,131950,251674,238587,291806,293387,384699,400209,458750,466763,328730,367804,235620,300901,69936,127507,44539,44648,96009,104279,112468,134387,153966,194331,245560,269797,231452,262184,198769,254968,64317,116778,3148314,1797817,450254,233592,797603,402343,94937,423,318
2021-06-18T23:59:59+02:00,2806,2591,131552,128807,248153,235539,287798,289977,382302,398084,457411,465602,328354,367403,235465,300665,69909,127458,43752,43734,94431,102500,110176,131717,150414,190298,238702,262511,229727,260179,198284,254330,64242,116644,3122508,1768502,445819,233063,797577,395640,94661,423,317
2021-06-17T23:59:59+02:00,2573,2368,127836,125524,242132,231099,282573,285588,377516,394090,455079,463761,327758,366680,235221,300310,69844,127344,41510,41909,90381,99025,105279,126968,142549,182625,227303,251121,224525,254243,196632,252173,63983,116225,3087697,1712815,442834,228920,797315,384739,90196,360,309
2021-06-16T23:59:59+02:00,2302,2134,124605,122120,237234,226754,277885,281325,372345,389595,452480,461617,327010,365878,234930,299897,69778,127230,39679,40311,86844,95996,100929,123144,134313,175280,215200,239210,218297,247135,194710,249846,63731,115737,3054157,1653028,437302,223314,796812,376644,87587,358,308
2021-06-15T23:59:59+02:00,1915,1802,119688,117249,231250,221606,272532,276338,367280,384966,449630,459201,326140,364898,234577,299384,69696,127045,38062,38699,83521,92951,96964,119092,127262,168908,202850,227182,212268,240349,192748,247414,63421,115167,3009427,1595753,435374,217471,796247,368968,84870,358,305
2021-06-14T23:59:59+02:00,1652,1527,115637,113093,226026,216695,267171,271367,361988,380218,446510,456606,325355,364039,234267,298995,69634,126925,37082,37810,81243,90857,94258,116574,123147,165158,196250,220682,209160,236842,191613,245944,63202,114778,2967288,1566163,433022,215197,795988,361316,82119,356,302
2021-06-13T23:59:59+02:00,1579,1442,114144,111717,223579,214591,264631,269108,359733,378262,445338,455580,325079,363734,234131,298824,69602,126851,36215,37073,79385,89183,92246,114752,120320,162549,192376,216976,206068,233405,190581,244576,62970,114366,2952303,1552157,430584,207920,795684,353092,80060,356,300
2021-06-12T23:59:59+02:00,1430,1304,111491,108968,221684,212862,263245,267832,358295,376859,444441,454811,324792,363425,234039,298721,69584,126823,35846,36668,78397,88088,90993,113454,118741,160987,188810,213675,205033,232277,189182,242921,62960,114334,2936120,1538996,429605,207911,795660,345714,79925,355,299
2021-06-11T23:59:59+02:00,1282,1168,108948,106451,218787,210242,259578,264640,355158,374125,442725,453338,324356,362974,233902,298513,69557,126768,35169,35554,76388,84713,88759,109921,114634,155844,182106,206221,202935,229906,188578,242151,62898,114235,2911695,1511475,426806,207214,795479,332269,79229,354,298
2021-06-10T23:59:59+02:00,1120,1011,104192,102043,212711,205478,252519,258816,349063,368826,438225,449562,323494,362002,233580,298065,69473,126615,33589,34068,72385,80534,83837,104416,107965,147628,169755,192572,196852,223006,186848,240008,62644,113831,2868041,1464298,419705,205470,794640,305253,75084,351,293
2021-06-09T23:59:59+02:00,972,882,100276,98331,206750,200742,245704,253105,342402,362874,434545,446534,322813,361254,233308,297682,69408,126483,32056,32809,69148,77887,80136,101248,103242,143343,158603,181808,186222,211000,184985,237763,62371,113336,2829007,1410224,411185,201489,794121,293975,70431,330,288
2021-06-08T23:59:59+02:00,790,701,95748,93791,200111,195179,238743,247094,334153,355596,429435,441857,321972,360246,232934,297193,69328,126347,30982,31951,66558,75588,76853,98522,98664,139425,150995,174308,177502,201276,183179,235512,62139,112969,2777016,1370982,405420,196571,793527,283114,65914,330,280
2021-06-07T23:59:59+02:00,631,560,92527,90694,194047,190475,232188,241852,326321,349424,426386,439405,321424,359613,232717,296865,69274,126251,30111,31103,64092,73627,73898,96361,94899,136485,142904,166505,173450,196648,181747,233697,61917,112587,2738004,1343837,399256,193268,792956,271988,61085,329,280
2021-06-06T23:59:59+02:00,593,524,90950,89377,190760,187921,228833,239076,322036,346020,424947,438321,321152,359316,232609,296706,69250,126204,29508,30547,62320,71942,71818,94347,91703,133419,137210,160705,170911,194014,180636,232295,61688,112207,2722569,1331972,391860,183568,792472,261542,58333,327,275
2021-06-05T23:59:59+02:00,512,444,89005,87358,185884,183702,226364,236943,320219,344398,423950,437407,320866,358997,232461,296538,69236,126172,29049,29788,61118,69985,70418,92197,90025,131144,132443,155366,167906,190340,180151,231637,61654,112141,2699069,1308326,391729,183100,792348,256128,57944,326,274
2021-06-04T23:59:59+02:00,412,359,86651,84827,182219,180088,222358,232995,316624,340758,421588,435212,320409,358459,232264,296309,69197,126110,28581,29114,59998,68331,69132,90112,88233,128523,129069,151705,163669,185567,179160,230371,61606,112053,2669807,1289461,387903,182326,792232,246051,57519,326,272
2021-06-03T23:59:59+02:00,319,284,83363,81756,176491,175422,215093,226895,308906,334056,413825,428353,319370,357270,231893,295855,69141,125976,27690,28102,58104,66136,66732,87362,84595,124404,122298,145028,157320,177952,177586,228342,61492,111817,2620841,1260222,377654,176996,791810,233302,54568,323,265
2021-06-02T23:59:59+02:00,269,225,81278,79589,172403,171694,211444,223735,305322,330703,411780,426518,318960,356813,231739,295647,69113,125925,27220,27623,56973,65019,65129,86084,82535,122458,117318,140142,149431,168977,176863,227386,61407,111647,2592044,1227972,376267,175024,791783,229683,53658,320,257
2021-06-01T23:59:59+02:00,170,158,77011,75760,164119,165121,202082,215999,296222,322818,403569,418680,317446,355197,231198,294906,68999,125695,25668,26207,52657,62059,60288,82792,77105,117949,109880,132924,138321,155555,174756,224650,61199,111223,2533317,1177771,364621,170912,791024,217902,46762,316,251
2021-05-31T23:59:59+02:00,148,141,74263,73275,158457,160794,194769,210022,288828,316431,397825,413707,316449,354082,230810,294380,68909,125525,24753,25145,50027,59836,57109,80258,73492,114667,105376,128477,134161,150630,173384,222931,61029,110891,2492864,1155319,355227,168545,790381,207507,40902,315,249
2021-05-30T23:59:59+02:00,137,133,73212,72208,155974,158758,192144,207668,286040,313916,395937,411962,316086,353670,230649,294141,68871,125444,24149,24357,48434,58104,55368,78401,71258,112101,102722,125609,132005,148100,172591,221996,60937,110680,2477036,1145531,352704,167234,789747,196136,38016,314,244
2021-05-29T23:59:59+02:00,134,131,72603,71615,154461,157357,189843,205638,284201,312330,395100,411192,315864,353426,230568,294062,68860,125425,23826,23830,47513,56607,54023,76524,69332,109256,100401,122810,129195,144673,171937,221089,60910,110628,2463146,1131895,352543,167167,789681,185604,37991,314,243
2021-05-28T23:59:59+02:00,130,128,71515,70500,152061,155097,186181,202094,280929,309195,393239,409424,315452,352921,230421,293848,68841,125368,23294,22827,45904,54482,52195,73961,67290,105307,96070,116918,124814,139613,170959,219777,60863,110514,2439314,1109235,351489,166953,789471,171089,37613,312,238
2021-05-27T23:59:59+02:00,119,119,68201,67483,145571,150159,177991,195836,274529,304034,386923,403738,314184,351466,229958,293316,68769,125185,21971,21143,42649,51432,48312,70150,62732,99295,89713,109404,120879,134989,168154,216073,60690,110199,2394701,1080775,343864,164217,787659,151004,31884,311,232
2021-05-26T23:59:59+02:00,115,116,66045,65306,140618,146077,171889,190770,267776,298363,380178,397040,312660,349853,229464,292614,68665,124972,21226,20224,40825,49294,45956,67417,59692,95501,85123,104287,115891,129265,164350,210731,60480,109771,2357387,1048808,330661,162637,785836,139534,29148,310,229
2021-05-25T23:59:59+02:00,114,109,64013,63313,136415,142589,166836,186476,260711,292084,374750,391649,311369,348435,229051,291965,68582,124794,20649,19559,39426,47776,44122,65400,57217,92497,81038,99907,110941,123562,158796,203461,60310,109464,2319797,1017191,323150,159214,783296,130301,27515,306,224
2021-05-24T23:59:59+02:00,112,107,62771,62101,133656,140482,163557,184063,253761,286093,369811,386966,310540,347515,228764,291577,68510,124663,20308,19151,38407,46704,42778,63914,55537,90487,78805,97395,109515,121906,158188,202669,60198,109261,2296055,1007828,312032,157910,781489,123617,25967,306,220
2021-05-23T23:59:59+02:00,107,106,62273,61585,132554,139585,162361,183031,252519,285072,368221,385538,309920,346857,228591,291349,68490,124627,20075,18963,37856,46147,42022,63214,54373,89490,77313,96030,108338,120506,157209,201447,60127,109119,2284549,999640,311444,154832,781445,122017,25839,306,217
2021-05-22T23:59:59+02:00,104,104,61578,60962,131057,138503,159982,181403,249544,282779,365740,383310,309388,346261,228414,291082,68464,124576,19755,18541,37238,45539,41380,62682,53716,88762,76541,94879,106786,118700,156436,200476,60100,109065,2266563,992937,311429,154828,781405,118587,24339,306,217
2021-05-21T23:59:59+02:00,100,100,60246,59520,128148,135907,156691,178079,244306,278011,359641,377622,308452,345166,228118,290684,68403,124468,19395,18175,36624,44773,40728,61629,52763,87370,74817,92577,103544,114748,155296,199025,60008,108890,2230465,979913,309788,154500,779830,111991,24054,302,215
2021-05-20T23:59:59+02:00,91,98,57198,56730,122407,131030,149755,171759,233994,269254,350606,369335,305911,342419,227350,289672,68271,124249,18099,17240,34451,42529,38274,58731,49940,83594,70888,88077,99417,110099,152830,196006,59827,108535,2172443,960594,303122,152548,773872,94331,21152,294,215
2021-05-19T23:59:59+02:00,90,96,54987,54539,117400,126351,142586,165138,223458,259905,340053,358428,303264,339546,226598,288619,68120,123973,17517,16453,33225,40944,36866,56672,47934,80812,67648,84497,95533,105626,149197,191268,59565,108044,2106514,937179,296863,150569,770888,84821,19326,292,202
2021-05-18T23:59:59+02:00,86,91,52890,52577,112619,122092,136209,159565,211893,249545,330171,348626,300591,336579,225715,287414,67969,123720,16999,15846,32012,39479,35512,54874,46123,78401,64760,81270,91529,101088,145999,187201,59352,107610,2046642,916920,287495,147707,767297,76170,17346,288,202
2021-05-17T23:59:59+02:00,83,88,51857,51583,110283,120036,133392,156911,205371,243527,322598,341539,298798,334605,225124,286589,67862,123507,16541,15398,30962,38437,34339,53583,44642,76601,62498,78874,86686,95224,144536,185315,59204,107297,2019834,905217,275188,140235,763871,69486,15283,286,199
2021-05-16T23:59:59+02:00,82,85,51070,50928,108838,118713,131650,155248,202399,240846,315161,334583,297777,333471,224814,286105,67810,123409,16258,15026,30213,37655,33465,52666,43581,75288,61167,77404,83270,91147,143745,184236,59117,107157,2004486,899131,264759,133465,760631,65351,13531,283,195
2021-05-15T23:59:59+02:00,82,85,50531,50295,107837,117723,130634,154134,200461,238911,311591,331374,297156,332785,224618,285834,67790,123345,16118,14862,29959,37349,33179,52234,43096,74641,60319,76419,82673,90331,143229,183568,59081,107110,1988280,893891,264738,133318,759763,64223,12820,281,194
2021-05-14T23:59:59+02:00,81,84,49272,48871,105587,115632,127043,150682,192251,231844,305280,325489,296174,331648,224333,285385,67743,123250,15620,14432,29172,36527,32409,51042,42019,72858,58753,74466,80765,87843,142617,182577,59041,107024,1951019,884234,263040,132443,755220,58798,11773,278,192
2021-05-13T23:59:59+02:00,77,83,47359,46920,101747,112402,122337,146571,182234,223261,294678,315675,293207,328227,223522,284248,67643,123043,14760,13986,28315,35830,31648,50140,41076,71764,57241,72901,76988,83492,139850,178966,58931,106807,1899443,871681,254428,125392,748994,54947,10757,274,187
2021-05-12T23:59:59+02:00,75,81,46448,46212,99832,110974,120273,144910,179684,221151,289944,310349,292045,326960,223282,283928,67605,122958,14595,13835,27994,35611,31245,49852,40630,71390,56698,72334,75640,81861,139071,177832,58845,106647,1876371,865932,252265,123596,748503,54677,9957,270,185
2021-05-11T23:59:59+02:00,71,75,44205,44737,95805,107898,114469,140182,166324,209882,278300,299589,288644,323049,222326,282530,67455,122659,14166,13269,26983,34183,30115,48047,39325,69115,54989,70071,72554,78274,137714,175996,58686,106289,1817533,853652,242556,120907,740001,46815,8479,265,183
2021-05-10T23:59:59+02:00,70,71,42953,43759,93206,105891,111212,137550,157939,202856,270422,292482,286468,320596,221754,281670,67331,122418,13822,12825,26225,33198,29321,46788,38328,67261,53758,68342,70464,75720,136568,174486,58567,106002,1781971,844787,236508,119853,733030,39617,7501,261,175
2021-05-09T23:59:59+02:00,69,71,41830,42987,90523,104137,108549,135782,152927,199437,264901,287535,285227,319210,221378,281143,67265,122272,13507,12605,25532,32529,28593,45985,37535,66301,52828,67399,69235,74319,135971,173649,58512,105871,1762644,840216,229408,118875,727034,34844,6516,256,173
2021-05-08T23:59:59+02:00,68,71,41539,42684,89677,103404,107452,134925,151477,198220,262338,285470,284726,318669,221259,280965,67249,122240,13405,12543,25403,32437,28448,45856,37345,66106,52488,67080,68271,73398,134900,172283,58465,105778,1750587,835600,228898,118129,726808,34067,6502,247,159
2021-05-07T23:59:59+02:00,66,70,40614,41967,87740,102066,104624,132711,146856,194416,256084,279959,283386,317070,220911,280509,67196,122117,12660,12062,24578,31701,27684,44796,36481,64844,51304,65568,66021,70710,132672,169459,58375,105600,1724800,825916,225687,115859,722684,27283,5549,242,156
2021-05-06T23:59:59+02:00,62,69,37972,40243,82993,98612,98634,127957,136671,185906,239641,265548,278263,311276,219627,278821,67022,121804,11975,11544,23640,30596,26687,43446,35126,62846,49569,63591,63534,67582,130562,166696,58261,105382,1659253,814822,215782,112751,711794,18919,4636,230,155
2021-05-05T23:59:59+02:00,60,66,36085,39044,79336,96032,94034,124311,128851,179375,224892,251509,272082,304142,218056,276830,66776,121281,11742,11269,23098,29871,26084,42525,34201,61444,48416,62176,60922,64470,127618,162992,58163,105131,1593074,802522,210704,109183,705757,14947,3563,230,151
2021-05-04T23:59:59+02:00,60,64,34981,37937,76615,93709,90526,121274,123283,174644,214264,241245,266598,297697,216614,274986,66567,120813,11579,11065,22690,29330,25624,41752,33480,60354,47309,60904,58205,61292,125253,160056,58013,104895,1544037,790636,205583,106546,699679,11803,2910,228,149
2021-05-03T23:59:59+02:00,59,62,34110,36884,74323,91888,87652,118924,118847,171001,207610,235247,263321,293838,215814,273897,66446,120518,11332,10792,22295,28753,25142,41052,32792,59390,46286,59764,55414,57951,121477,155161,57756,104457,1512293,774778,202472,104832,694748,9049,1251,227,145
2021-05-02T23:59:59+02:00,59,62,33756,36569,73148,90982,86180,117832,116419,169134,204515,232730,262360,292749,215527,273488,66379,120410,11260,10720,22107,28539,24912,40766,32450,58984,45833,59289,54224,56490,118408,151479,57672,104326,1501682,769755,199675,99268,690877,8149,384,225,140
2021-05-01T23:59:59+02:00,58,62,33437,36192,72387,90188,85107,116789,114949,167770,201428,229702,261668,291924,215317,273208,66368,120371,11246,10704,22054,28509,24851,40728,32388,58927,45751,59212,53982,56198,118250,151283,57663,104309,1486583,768446,199667,99228,690611,8101,377,224,140
2021-04-30T23:59:59+02:00,55,60,32893,35591,71180,88964,83644,115059,111166,164203,194031,222587,259677,289555,214869,272598,66308,120263,10925,10508,21695,28231,24577,40306,32061,58364,45289,58581,53086,55034,117298,150097,57608,104190,1453680,764770,199340,97237,689815,5765,177,221,138
2021-04-29T23:59:59+02:00,53,59,31392,34640,68257,86937,80010,112454,106052,160092,181217,211042,251743,280456,213673,270966,66173,119920,10618,10294,21221,27783,24150,39809,31478,57624,44486,57651,51254,52839,115452,147859,57508,103995,1398789,755944,192057,94569,684444,3451,155,211,136
2021-04-28T23:59:59+02:00,52,57,30158,34031,66388,85627,77533,110632,102625,157235,171531,201875,240887,267859,212392,269281,65977,119594,10432,10134,20922,27428,23786,39339,31055,56965,43761,56826,49130,50217,112871,144623,57384,103783,1346148,746389,188691,90018,679078,2227,125,205,128
2021-04-27T23:59:59+02:00,49,56,29400,33346,64813,84163,75522,108822,99863,154838,166811,197154,232382,258054,211244,267668,65857,119371,10307,10023,20641,27139,23549,39009,30695,56468,43076,56138,47123,47673,110233,141188,57265,103583,1312116,736577,186386,86010,671091,1508,124,200,121
2021-04-26T23:59:59+02:00,48,56,28970,32961,63712,83277,74021,107656,97576,153124,158191,189151,228190,253212,210535,266671,65764,119172,10213,9933,20423,26951,23312,38795,30399,56126,42460,55567,45317,45526,108336,138708,57169,103429,1283164,728616,184941,82911,664365,1128,119,195,119
2021-04-25T23:59:59+02:00,48,55,28719,32721,62936,82753,72959,106919,95845,151897,152807,184284,223859,248332,209946,265890,65698,119049,10157,9899,20345,26873,23224,38713,30289,55999,42300,55408,44905,45030,107655,137803,57141,103358,1270400,726950,178805,81148,655694,997,116,194,117
2021-04-24T23:59:59+02:00,48,54,28376,32294,61995,81529,71773,105471,94297,150237,147900,179136,221071,244997,209476,265216,65664,118999,10143,9880,20304,26831,23171,38646,30208,55913,42151,55272,44661,44722,107403,137506,57120,103330,1245523,725857,178775,80448,654411,954,115,194,115
2021-04-23T23:59:59+02:00,46,54,27630,31672,60427,80020,69983,103452,91707,147595,143115,174739,216520,239449,208820,264228,65601,118884,10090,9816,20194,26744,23040,38496,29975,55704,41788,54942,44046,43962,106342,136217,56964,103055,1220638,722503,177590,77970,645885,902,114,191,113
2021-04-22T23:59:59+02:00,44,53,27016,31071,58893,78585,67518,101240,87582,144104,135080,167252,207493,228456,206779,261601,65402,118488,9965,9720,19944,26447,22686,38064,29465,55192,41041,54308,42888,42649,104350,133765,56735,102658,1179132,715026,170142,74073,637551,781,114,186,109
2021-04-21T23:59:59+02:00,44,51,26522,30549,57561,77482,65637,99611,84540,141463,127897,160438,194414,213122,204630,258714,65176,118062,9834,9634,19711,26196,22398,37739,29109,54741,40489,53776,42042,41632,102155,130977,56480,102245,1127638,708471,167258,69982,631182,709,114,182,107
2021-04-20T23:59:59+02:00,43,50,26096,30079,56398,76337,63961,98030,81991,138890,122813,155377,182942,199669,202203,255577,64939,117633,9730,9544,19491,26008,22105,37470,28697,54327,39950,53244,41227,40701,99935,127992,56142,101708,1085014,700922,163772,66733,624406,629,112,179,100
2021-04-19T23:59:59+02:00,43,49,25730,29720,55427,75516,62675,96851,79864,136965,119291,151997,177192,192831,200493,253341,64754,117301,9622,9451,19260,25788,21861,37196,28383,53937,39437,52713,40432,39794,96833,124015,55737,100996,1060460,690561,161941,64315,617808,592,111,171,100
2021-04-18T23:59:59+02:00,42,44,25422,29458,54660,74970,61552,95904,78006,135538,115926,149604,172085,187276,199480,252111,64642,117108,9548,9376,19071,25613,21684,37031,28167,53662,39178,52463,40104,39411,95623,122469,55554,100696,1046469,686699,160272,62387,607250,577,111,168,99
2021-04-17T23:59:59+02:00,41,43,25314,29366,54289,74773,61036,95551,77353,134939,115077,148865,167830,182391,198945,251385,64608,117043,9503,9317,18933,25426,21497,36801,27939,53388,38914,52196,39805,39087,94858,121545,55489,100612,1035581,682685,160244,62073,603186,565,111,168,99
2021-04-16T23:59:59+02:00,41,43,24940,29116,53301,74164,59749,94673,75726,133610,110926,144722,160185,173622,197286,249181,64500,116834,9297,9142,18539,24993,20912,36227,26830,52483,36891,50597,36493,36147,91673,118022,55087,99957,1009666,667606,159451,55161,593664,536,110,165,98
2021-04-15T23:59:59+02:00,37,39,24465,28667,52052,72997,57786,92950,72450,130771,105466,139448,152327,164651,192631,243311,64203,116218,9123,8979,18170,24570,20420,35565,26152,51686,35500,49367,34383,34099,88558,114283,54579,99100,977483,654493,157398,49572,575747,486,109,163,94
2021-04-14T23:59:59+02:00,35,36,24126,28341,51115,72059,56444,91561,70065,128610,101471,135681,143130,154274,184894,233430,63861,115551,8715,8707,17696,24064,19885,34918,25243,50809,34211,48251,32341,31949,85578,110633,54087,98238,939617,639597,154728,45355,560499,391,108,158,93
2021-04-13T23:59:59+02:00,35,36,23888,28123,50418,71524,55499,90732,68431,127198,97746,132246,131312,141156,178504,225104,63523,114963,8480,8534,17350,23656,19461,34381,24577,50016,33144,47232,30958,30588,83423,108245,53729,97693,906389,630252,150211,40964,543997,269,108,156,92
2021-04-12T23:59:59+02:00,35,35,23679,27934,49864,71013,54633,90001,66960,125909,95117,129924,124201,133125,175280,221155,63251,114472,8243,8347,16985,23359,19089,33945,24105,49483,32478,46605,29433,29050,81760,106306,53403,97172,889980,621814,148666,37712,528103,255,106,152,90
2021-04-11T23:59:59+02:00,34,35,23504,27773,49338,70591,53902,89548,65817,125104,93260,128445,118715,127108,171362,216551,63081,114175,8109,8214,16689,23080,18771,33634,23747,49102,32033,46219,28798,28385,80743,105060,53194,96854,882510,616526,144257,35890,511744,240,101,147,87
2021-04-10T23:59:59+02:00,34,35,23443,27716,49171,70454,53702,89388,65488,124834,92737,128010,116631,124577,169923,214701,63039,114075,7521,7608,15800,22294,17813,32793,22627,48070,30921,45224,28138,27674,78655,102451,52927,96418,875513,601210,143401,35511,509215,236,95,147,87
2021-04-09T23:59:59+02:00,33,35,23194,27466,48669,69963,53064,88700,64490,123708,90914,126104,107803,113635,166541,210292,62840,113718,6561,6707,14270,20973,16093,31237,20485,46105,28713,43214,26362,25851,75153,98271,52382,95578,856082,573760,136347,33996,498916,223,85,143,84
2021-04-08T23:59:59+02:00,33,35,22898,27221,48093,69474,52309,88002,63180,122625,88494,123941,97494,101635,160989,203429,62504,113138,5917,6119,13083,19954,14834,29899,18846,44391,26221,40881,23341,22880,70505,92497,51237,93826,837356,542208,127455,32060,480868,193,76,141,82
2021-04-07T23:59:59+02:00,31,34,22586,26995,47289,69014,51380,87387,61793,121641,85350,121496,88308,91343,153985,194646,62210,112581,5537,5795,12423,19278,14017,29072,17807,43341,24320,38991,20811,20358,66545,87727,50243,92209,816957,518753,121856,29590,459447,165,69,134,79
2021-04-06T23:59:59+02:00,30,34,22376,26835,46759,68632,50790,86863,60762,120866,83243,119755,80553,82536,147620,186689,61865,111953,5342,5636,12071,18920,13664,28640,17273,42779,23463,38184,19685,19329,63389,83630,49322,90824,797687,505396,118645,26643,442024,155,63,130,76
2021-04-05T23:59:59+02:00,30,33,22277,26710,46447,68285,50403,86464,60215,120173,82062,118604,76073,77442,142616,180587,61664,111637,5202,5498,11810,18668,13370,28327,16950,42405,23018,37724,19223,18860,60503,80074,48622,89757,788241,496054,116891,23851,426786,151,59,127,76
2021-04-04T23:59:59+02:00,30,33,22228,26650,46326,68014,50232,86151,59935,119672,81552,117972,74630,75735,141912,179614,61627,111555,5197,5490,11792,18655,13358,28310,16931,42388,22921,37653,18817,18539,59065,78227,48416,89446,785700,491262,116783,23848,421587,145,55,125,74
2021-04-03T23:59:59+02:00,30,33,22166,26569,46203,67905,50068,85976,59619,119360,80984,117392,73284,74100,140794,178077,61544,111406,5188,5481,11779,18636,13335,28290,16898,42341,22815,37579,18682,18388,58716,77662,48327,89300,779333,489475,116741,23848,419638,145,54,124,74
2021-04-02T23:59:59+02:00,30,33,22088,26484,46042,67739,49850,85728,59149,118909,80105,116581,71728,72212,138515,175091,61347,111046,5169,5444,11731,18594,13280,28208,16809,42192,22543,37105,18326,18025,56379,74784,47515,88200,770206,481008,114966,23206,417709,145,50,123,72
2021-04-01T23:59:59+02:00,27,31,21893,26280,45625,67219,49203,84988,58274,117969,78225,114912,68462,68779,134421,169899,61021,110465,5022,5300,11459,18330,13057,27972,16488,41883,22038,36665,17504,17281,51531,68752,45840,85742,758513,462957,108866,21833,410522,133,45,119,71
2021-03-31T23:59:59+02:00,27,31,21565,26061,45223,66692,48706,84337,57545,117032,77067,113670,66414,66460,129657,163779,60619,109741,4944,5248,11361,18210,12897,27821,16249,41615,21451,36153,16377,16380,46315,62329,44456,83752,748744,444589,101697,20907,404398,130,40,117,66
2021-03-30T23:59:59+02:00,27,30,21388,25839,44822,66074,48200,83542,56835,115981,75930,112291,64571,64439,125275,158029,60151,108842,4877,5163,11257,18084,12704,27632,15921,41293,20877,35605,15545,15578,43557,58924,43344,81958,738558,432745,97471,19543,396460,103,34,111,65
2021-03-29T23:59:59+02:00,26,30,21190,25601,44360,65525,47724,82853,56101,114904,74697,110858,62083,61692,118537,149402,59381,107449,4779,5090,11152,17969,12551,27467,15677,40973,20419,35139,14897,15037,40969,55940,42237,80134,718033,421551,94049,18865,390555,88,32,110,64
2021-03-28T23:59:59+02:00,26,30,20984,25310,43860,64836,47208,82110,55422,113897,73753,109751,60825,60260,113831,143436,58938,106690,4724,5031,11007,17819,12294,27167,15485,40728,20252,34904,14657,14793,39893,54524,41888,79594,711500,417229,86742,17543,383149,68,32,107,58
2021-03-27T23:59:59+01:00,26,30,20864,25153,43568,64473,46844,81583,54921,113211,73079,109014,59670,59176,112345,141727,58871,106608,4711,5019,10980,17800,12276,27137,15124,40299,19852,34468,14366,14582,39408,53836,41415,78776,706227,413176,86038,16889,379119,64,32,107,58
2021-03-26T23:59:59+01:00,26,29,20613,24641,42762,62771,45875,79557,53587,110189,71063,105398,57657,57288,109591,138486,58543,106090,4692,4986,10957,17748,12206,27046,15046,40189,19511,33872,13896,13929,36337,49992,39359,75522,694815,398645,82720,16671,366849,52,29,107,58
2021-03-25T23:59:59+01:00,26,26,20181,23969,41887,61010,44780,77009,52076,106663,68675,101637,55058,54651,106281,134520,57973,105097,4646,4931,10866,17645,12085,26901,14865,39970,19236,33567,13426,13440,32491,44938,36364,70984,683392,380300,78525,16087,349823,47,26,104,58
2021-03-24T23:59:59+01:00,26,26,19777,23521,41104,59737,43760,75470,50696,104738,66573,99309,52276,51737,102029,129424,57332,104020,4591,4865,10773,17502,11918,26698,14635,39684,18869,33151,12972,12990,29925,41727,33248,66140,670588,364736,73649,14997,337542,40,21,102,57
2021-03-23T23:59:59+01:00,26,26,19530,23219,40545,58823,43035,74376,49658,103223,64911,97449,49983,49396,99278,126215,56775,103180,4532,4794,10674,17377,11772,26514,14391,39372,18460,32766,12479,12486,27493,38621,29562,60228,662454,347146,70306,14420,327113,39,20,100,57
2021-03-22T23:59:59+01:00,26,26,19307,22802,39902,57939,42369,73337,48713,101837,63437,95816,48156,47512,96884,123477,56303,102409,4475,4748,10586,17261,11642,26336,14233,39131,18219,32466,12169,12113,25656,36266,25573,53788,656147,330839,67502,13865,316828,36,20,97,56
2021-03-21T23:59:59+01:00,26,26,19168,22543,39410,57185,41819,72493,48060,100682,62493,94583,47110,46489,95241,121626,55931,101830,4459,4739,10550,17213,11595,26250,14173,39044,18137,32365,12049,11979,25227,35816,25220,53229,653567,328641,65475,13451,307896,35,18,95,53
2021-03-20T23:59:59+01:00,25,26,19110,22399,39198,56690,41579,71934,47750,100046,62053,93982,46457,45723,92643,118393,55642,101344,4450,4731,10541,17201,11567,26233,14131,39008,18058,32290,11895,11819,24586,35044,24456,52144,647096,324938,65027,13263,303091,35,18,95,53
2021-03-19T23:59:59+01:00,24,25,18754,21833,38066,54565,40298,69941,46014,97959,59173,91224,42019,41852,87424,112629,54939,100263,4428,4717,10508,17150,11502,26121,14039,38836,17823,31992,11546,11536,22916,32986,22773,49585,629339,315609,57815,12901,290068,30,17,91,53
2021-03-18T23:59:59+01:00,24,24,18360,21184,36890,52411,38760,67151,43859,93488,55330,85430,37992,38053,82695,107154,53851,98611,4408,4688,10442,17047,11424,25966,13894,38649,17611,31792,11312,11353,21672,31469,21059,46987,612421,307539,52071,12288,266990,28,16,90,51
2021-03-17T23:59:59+01:00,24,23,17936,20832,36166,51493,37995,66194,42779,92130,53541,83605,35320,35268,78676,102328,52907,97138,4385,4660,10380,16954,11350,25833,13782,38461,17416,31600,11074,11127,20425,30052,19467,44582,595749,300024,47670,11579,261144,24,16,88,51
2021-03-16T23:59:59+01:00,24,23,17577,20413,35420,50424,37182,64999,41681,90457,51700,81618,33118,33253,74643,97375,52026,95823,4335,4609,10306,16826,11259,25680,13682,38224,17284,31357,10902,10948,19147,28531,17985,42257,582483,292244,42982,11144,252496,24,12,87,51
2021-03-15T23:59:59+01:00,24,23,17297,20049,34710,49446,36390,63810,40777,88977,50438,80017,31394,31416,71354,93283,51331,94691,4313,4574,10240,16703,11193,25480,13566,37936,17136,31087,10737,10790,18416,27568,16728,40397,571349,286430,39658,10498,244630,24,2,85,51
2021-03-14T23:59:59+01:00,24,22,17028,19623,33855,48237,35490,62492,39719,87151,49183,78290,30228,30178,69361,90723,50887,94016,4289,4555,10195,16626,11137,25338,13506,37714,17046,30925,10665,10704,18236,27288,16466,39835,564235,285233,37780,9367,234703,15,0,81,51
2021-03-13T23:59:59+01:00,24,22,16211,18562,32356,46202,33915,60354,37677,84074,47048,75733,28878,28825,67344,88092,50618,93625,4289,4555,10193,16620,11134,25331,13497,37707,17039,30916,10630,10673,17488,26405,15421,38382,547871,280987,37496,9366,224387,15,0,81,51
2021-03-12T23:59:59+01:00,23,21,15112,17187,29916,43553,31248,57215,34813,79220,43834,71268,26039,25633,63037,82791,49634,92223,4276,4522,10174,16558,11116,25282,13453,37589,16948,30786,10355,10445,16600,25161,14350,36861,519834,275194,36185,9355,206931,12,0,79,50
2021-03-11T23:59:59+01:00,22,21,14069,15728,27663,40861,28926,54031,32222,74830,40079,66377,22638,22158,57042,75502,47718,89416,4235,4481,10094,16439,11003,25057,13336,37279,16783,30482,10054,10234,15969,24320,13683,35587,487866,271200,34594,7916,187008,9,0,77,46
2021-03-10T23:59:59+01:00,22,21,13474,15027,26255,39250,27271,52212,30658,72511,37560,63253,19885,19604,51131,68371,46164,87080,4201,4437,9995,16272,10884,24807,13188,36861,16584,30110,9815,10052,15225,23548,13023,34561,461444,266470,32548,7172,175921,7,0,74,46
2021-03-09T23:59:59+01:00,21,20,13193,14561,25131,38210,25856,51027,29594,70859,36183,61419,18702,18480,47622,63930,45041,85291,4177,4411,9910,16106,10780,24548,13035,36544,16408,29873,9691,9949,14560,22711,12525,33787,447843,262756,30017,6339,167431,7,0,74,44
2021-03-08T23:59:59+01:00,20,20,12861,13953,24051,37100,24588,49890,28660,69378,34951,59800,17622,17600,43498,58944,43815,83305,4162,4375,9848,15908,10677,24285,12902,36186,16280,29609,9607,9865,14065,22106,12211,33347,432381,259570,28011,5947,159812,2,0,73,43
2021-03-07T23:59:59+01:00,20,20,12627,13660,23459,36247,23890,49013,28059,68509,34341,59039,17358,17348,42428,57492,43450,82742,4150,4362,9826,15866,10650,24211,12872,36016,16223,29495,9585,9836,13867,21852,12077,33145,427611,258514,26195,5604,156044,0,0,69,43
2021-03-06T23:59:59+01:00,20,20,12514,13368,23057,35514,23356,48224,27010,66977,33241,57275,16970,17018,41782,56601,43149,82273,4147,4348,9815,15839,10632,24177,12862,35975,16205,29464,9568,9796,13821,21814,11974,32934,423538,258138,26131,5320,148845,0,0,69,41
2021-03-05T23:59:59+01:00,20,20,12101,12765,22374,34312,22674,46996,26254,65350,32007,54857,16322,16184,38319,52294,40994,78829,4120,4301,9745,15739,10582,24029,12794,35780,16119,29259,9474,9726,13636,21601,11602,32323,408339,256448,24678,4470,139793,0,0,69,39
2021-03-04T23:59:59+01:00,18,20,11342,11754,21187,32586,21460,44945,24899,62699,30312,52504,15594,15464,34317,47130,37917,74147,4071,4210,9632,15447,10479,23670,12661,35247,15977,28858,9295,9573,13478,21391,11517,32177,389906,253394,22602,4377,125922,0,0,69,36
2021-03-03T23:59:59+01:00,16,20,11032,11260,20499,31367,20686,43584,23991,60950,29267,50862,15114,14962,31704,43814,34833,69378,4031,4147,9551,15277,10400,23418,12555,34825,15798,28512,9110,9447,13352,21175,11371,31907,374465,250754,21806,4211,117203,0,0,65,33
2021-03-02T23:59:59+01:00,16,20,10771,10832,19855,30397,19974,42566,23207,59563,28295,49586,14488,14314,29027,40448,30940,63159,3983,4075,9489,15111,10331,23152,12451,34392,15697,28203,8985,9344,13214,20986,11294,31762,356271,248346,20298,4210,111018,0,0,64,33
2021-03-01T23:59:59+01:00,14,19,10599,10573,19342,29594,19411,41682,22619,58492,27579,48464,14072,13860,26958,37862,26675,56252,3967,4025,9434,14956,10267,22854,12370,34016,15592,27881,8902,9283,13033,20716,11179,31579,339024,245930,19184,4210,105983,0,0,64,33
2021-02-28T23:59:59+01:00,13,19,10431,10371,18875,28945,18874,40943,22138,57639,27089,47670,13864,13617,26351,37201,26270,55650,3951,4011,9409,14923,10248,22803,12354,33946,15565,27835,8875,9259,12902,20537,11116,31430,336555,245077,18326,4174,101200,0,0,64,32
2021-02-27T23:59:59+01:00,13,18,10252,9858,18547,28080,18616,40158,21855,56656,26764,46881,13593,13316,25683,36400,25349,54234,3939,3999,9387,14902,10216,22755,12315,33864,15519,27761,8854,9244,12882,20514,11094,31410,332660,244717,17604,4025,96127,0,0,64,32
2021-02-26T23:59:59+01:00,12,17,9457,9076,17649,26641,17835,37954,20927,53808,25305,44063,13128,12915,24097,34411,23822,51928,3858,3931,9309,14741,10142,22503,12235,33498,15404,27469,8776,9164,12816,20447,11055,31341,323537,242825,17351,3952,82269,0,0,64,30
2021-02-25T23:59:59+01:00,12,17,8302,8224,16332,25034,16570,35701,19693,50921,23599,41281,12654,12515,22821,32824,22324,49646,3734,3786,9143,14425,9922,21899,11982,32646,15079,26816,8580,9013,12553,20122,10915,31072,315926,238682,16579,3094,66072,0,0,62,29
2021-02-24T23:59:59+01:00,11,16,7938,7699,15679,24003,15943,34466,18980,49409,22811,40083,12261,12180,21518,31331,20645,47021,3662,3719,9002,14134,9746,21444,11778,32020,14817,26283,8439,8875,12411,19949,10850,30861,307704,235914,15612,2163,58782,0,0,62,28
2021-02-23T23:59:59+01:00,11,16,7455,7220,14864,22828,15258,33246,18260,48002,22094,39014,11951,11856,20180,29760,19031,44465,3621,3642,8882,13932,9608,21046,11589,31440,14519,25781,8271,8732,12284,19738,10778,30626,299592,233078,14812,1499,51207,0,0,62,26
2021-02-22T23:59:59+01:00,10,14,7348,7014,14482,22212,14907,32520,17796,46993,21598,38281,11753,11607,19432,28749,17715,42511,3592,3540,8745,13641,9445,20544,11334,30696,14150,25183,8025,8539,12085,19486,10672,30321,293717,229771,14203,313,47120,0,0,60,26
2021-02-21T23:59:59+01:00,10,14,7258,6888,14160,21766,14489,31937,17380,46343,21159,37787,11647,11505,19269,28535,17468,42179,3553,3500,8661,13517,9368,20328,11262,30404,14029,24914,7966,8477,12029,19378,10601,30157,292573,227930,13832,298,43486,0,0,58,26
2021-02-20T23:59:59+01:00,10,14,7141,6838,14035,21686,14373,31802,17261,46192,21000,37604,11548,11421,18487,27617,16410,40708,3551,3494,8651,13509,9358,20307,11248,30379,14015,24903,7961,8468,11965,19314,10547,30090,288311,227548,13635,297,42295,0,0,58,25
2021-02-19T23:59:59+01:00,8,13,6839,6586,13683,21248,14002,31135,16788,45396,20295,36735,10946,11019,17440,26287,15251,39100,3471,3471,8575,13481,9315,20250,11210,30286,13957,24809,7919,8408,11745,19042,10354,29760,281927,225844,13259,296,37677,0,0,55,23
2021-02-18T23:59:59+01:00,8,13,6442,6112,13057,20105,13363,29764,15971,43528,19422,35157,10718,10802,16848,25536,14676,38216,3286,3334,8241,12942,9021,19500,10860,29245,13589,23981,7715,8100,11159,18090,9857,28608,278353,217319,12678,296,28797,0,0,54,22
2021-02-17T23:59:59+01:00,8,12,6276,5770,12612,19225,12873,28575,15271,41809,18776,33833,10489,10551,16091,24723,13899,37028,3036,3174,7901,12426,8721,18710,10493,28198,13202,23129,7482,7865,10603,17239,9422,27793,273687,209184,11946,292,22272,0,0,54,22
2021-02-16T23:59:59+01:00,8,12,5951,5468,12076,18393,12371,27504,14727,40436,18183,32800,10335,10448,15421,23899,13394,36244,2855,3054,7598,11973,8414,17986,10098,27107,12744,22232,7213,7572,9893,16069,8697,26243,270168,199693,11450,136,16136,0,0,52,22
2021-02-15T23:59:59+01:00,8,12,5845,5287,11780,17749,12104,26721,14380,39443,17837,32033,10208,10337,14863,23247,13035,35708,2766,2973,7405,11651,8196,17479,9796,26261,12394,21550,6945,7288,9201,15013,8185,24963,267077,192058,10848,90,12759,0,0,49,21
2021-02-14T23:59:59+01:00,8,12,5577,5172,11531,17479,11880,26287,14148,38996,17646,31756,10163,10287,14629,22907,12870,35315,2716,2935,7291,11484,8068,17273,9620,25929,12215,21248,6850,7164,8979,14631,7998,24426,266074,188820,9914,88,10762,0,0,48,21
2021-02-13T23:59:59+01:00,8,12,5517,5134,11481,17442,11849,26255,14120,38964,17626,31737,10149,10259,14602,22874,12856,35297,2712,2932,7286,11477,8056,17251,9604,25894,12188,21205,6819,7130,8824,14419,7646,23798,265829,187314,9910,8,10531,0,0,47,20
2021-02-12T23:59:59+01:00,8,11,5000,4816,10912,17079,11532,25704,13802,38321,17295,31098,10039,10152,14421,22660,12775,35188,2661,2899,7191,11320,7956,17020,9457,25503,11975,20758,6636,6895,8461,13860,7053,22459,264139,182179,9899,6,6862,0,0,46,20
2021-02-11T23:59:59+01:00,8,11,4538,4515,10328,16398,11120,24897,13324,37063,16807,30239,9724,9891,14139,22212,12495,34503,2492,2625,6591,10128,7269,15285,8596,22885,10923,18673,5983,6185,7415,12248,6241,20146,260915,163760,8256,3,3128,0,0,44,15
2021-02-10T23:59:59+01:00,8,11,4292,4347,9993,15950,10812,24360,13013,36181,16392,29490,9506,9754,13957,22007,12403,34297,2130,2333,5654,8662,6463,13245,7610,19978,9797,16633,5439,5600,6428,10589,5469,18098,258264,144205,7756,2,839,0,0,41,3
2021-02-09T23:59:59+01:00,8,10,4228,4248,9869,15682,10703,23957,12840,35561,16180,29017,9328,9613,13762,21794,12261,34072,1735,1980,4872,7392,5689,11455,6692,17464,8716,14637,4864,4970,5380,9031,4740,15996,255808,125683,6977,1,434,0,0,40,3
2021-02-08T23:59:59+01:00,8,10,4194,4193,9775,15471,10594,23595,12721,35099,16035,28657,9234,9547,13560,21510,12152,33875,1570,1785,4313,6395,5025,9884,5875,14935,7702,12784,4311,4442,4405,7443,3979,13913,253425,108825,6462,1,428,0,0,38,3
2021-02-07T23:59:59+01:00,8,10,4029,4126,9618,15336,10492,23430,12641,34837,15923,28464,9193,9501,13413,21327,12078,33731,1355,1540,3894,5721,4611,9005,5450,13774,7217,11827,4058,4184,4177,7049,3819,13318,252327,101061,5917,1,0,0,0,34,2
2021-02-06T23:59:59+01:00,8,10,4020,4117,9607,15320,10479,23395,12619,34787,15905,28407,9174,9488,13395,21292,11972,33533,1203,1345,3662,5417,4426,8580,5234,13192,6938,11273,3924,4052,4051,6900,3541,12860,251984,96658,5631,1,0,0,0,34,1
2021-02-05T23:59:59+01:00,8,9,3947,4049,9535,15177,10413,23145,12534,34419,15791,28124,9090,9415,13324,21221,11622,32937,1062,1115,3381,4972,4167,7998,4919,12415,6555,10545,3670,3809,3893,6669,3034,11969,250106,90229,4739,0,0,0,0,34,1
2021-02-04T23:59:59+01:00,8,9,3889,3924,9414,14860,10236,22598,12347,33622,15574,27562,8968,9304,13099,20929,11507,32732,797,782,2556,3721,3233,6260,3967,9874,5235,8331,2999,3099,3281,5693,2646,10485,246154,73002,4514,0,0,0,0,32,1
2021-02-03T23:59:59+01:00,8,9,3820,3852,9311,14638,10132,22260,12214,33111,15424,27143,8859,9189,12959,20753,11430,32563,662,614,1929,2806,2500,4835,2997,7583,4010,6282,2188,2227,2391,4210,1917,7846,243421,55030,4341,0,0,0,0,31,1
2021-02-02T23:59:59+01:00,8,9,3752,3756,9212,14444,10034,21881,12072,32547,15222,26690,8733,9073,12837,20540,11346,32297,526,486,1461,2075,1911,3636,2256,5768,2992,4699,1548,1530,1630,2774,1334,5214,240201,39862,4339,0,0,0,0,29,1
2021-02-01T23:59:59+01:00,7,9,3712,3666,9134,14213,9927,21496,11934,31910,15039,26187,8614,8926,12728,20396,11296,32118,391,352,1018,1431,1260,2424,1470,3781,1861,2975,980,976,963,1691,764,3016,237060,25364,4339,0,0,0,0,28,1
2021-01-31T23:59:59+01:00,7,9,3694,3630,9080,14104,9858,21291,11866,31613,14936,25991,8559,8867,12676,20285,11251,31989,361,331,896,1241,1070,2051,1269,3227,1628,2606,882,885,862,1507,693,2709,235568,22227,4224,0,0,0,0,27,1
2021-01-30T23:59:59+01:00,7,9,3693,3627,9070,14091,9845,21268,11853,31593,14924,25977,8555,8862,12607,20216,11186,31912,345,307,836,1157,1013,1927,1205,3037,1553,2469,854,859,843,1467,678,2656,235250,21214,4131,0,0,0,0,27,1
2021-01-29T23:59:59+01:00,7,9,3633,3612,9010,14062,9816,21216,11820,31518,14876,25910,8531,8839,12423,19992,11006,31670,278,224,715,984,869,1567,1051,2648,1342,2144,765,768,795,1413,660,2603,234034,18832,4002,0,0,0,0,26,1
2021-01-28T23:59:59+01:00,7,8,3515,3525,8806,13674,9597,20703,11588,30936,14550,25415,8395,8737,11990,19372,10651,31091,131,57,296,361,376,609,460,1147,611,959,401,423,464,813,376,1571,229250,9059,3398,0,0,0,0,24,0
2021-01-27T23:59:59+01:00,7,8,3283,3390,8513,13256,9297,20080,11204,30102,14163,24678,8178,8525,11438,18569,10228,30328,80,33,204,223,243,413,305,799,432,657,303,307,343,605,281,1148,222541,6379,2788,0,0,0,0,24,0
2021-01-26T23:59:59+01:00,6,8,3119,3292,8231,12918,9034,19511,10900,29347,13767,24043,7941,8303,10862,17656,9581,29180,75,29,189,213,227,380,289,746,401,597,289,281,316,542,254,1018,215833,5849,1947,0,0,0,0,24,0
2021-01-25T23:59:59+01:00,6,8,3031,3198,7948,12437,8744,18808,10514,28346,13288,23281,7662,8102,10246,16838,9124,28279,67,21,168,191,193,321,250,625,350,494,252,236,262,464,205,831,209533,4933,408,0,0,0,0,22,0
2021-01-24T23:59:59+01:00,6,8,2987,3177,7863,12357,8670,18683,10405,28186,13159,23098,7618,8066,10180,16725,9076,28183,66,20,164,187,191,308,247,604,341,480,243,232,260,457,201,816,208223,4820,304,0,0,0,0,22,0
2021-01-23T23:59:59+01:00,6,8,2986,3176,7862,12354,8666,18673,10403,28172,13153,23093,7611,8063,10057,16559,8748,27597,65,20,164,187,190,307,245,604,339,480,243,232,260,457,201,814,206966,4811,302,0,0,0,0,21,0
2021-01-22T23:59:59+01:00,6,8,2923,3130,7738,12241,8583,18531,10293,27999,13072,22979,7580,8028,9859,16257,8230,26574,65,20,163,187,190,307,245,604,338,480,243,232,260,457,201,814,203815,4809,301,0,0,0,0,17,0
2021-01-21T23:59:59+01:00,6,8,2841,2960,7239,11328,8100,17385,9756,26374,12468,21766,7299,7704,9227,15317,7717,25527,59,18,147,173,173,276,219,529,301,440,219,207,233,380,176,692,192803,4245,301,0,0,0,0,15,0
2021-01-20T23:59:59+01:00,6,8,2481,2614,6357,9916,7353,15430,8805,23547,11359,19695,6699,7057,8136,13553,6902,23303,57,18,146,168,170,274,211,515,289,418,207,200,227,355,162,654,172995,4074,297,0,0,0,0,15,0
2021-01-19T23:59:59+01:00,6,8,2042,2259,5456,8527,6492,13540,7788,20767,10091,17459,5948,6180,6757,11374,5883,20271,41,12,97,124,116,168,148,352,190,290,132,114,141,238,114,489,150693,2767,216,0,0,0,0,15,0
2021-01-18T23:59:59+01:00,5,8,1770,1972,4700,7145,5542,11310,6591,17175,8668,14747,5070,5303,5385,9128,4813,16806,22,7,39,46,52,78,65,162,75,146,58,53,66,131,62,221,126102,1284,92,0,0,0,0,15,0
2021-01-17T23:59:59+01:00,4,8,1496,1682,4187,6350,5035,10180,6055,15609,8029,13487,4733,4956,5010,8455,4486,15803,8,2,9,15,16,28,20,50,28,57,23,23,20,31,13,47,115528,390,87,0,0,0,0,14,0
2021-01-16T23:59:59+01:00,4,7,1330,1479,3970,6029,4855,9742,5798,14946,7701,12794,4543,4729,4797,8179,4134,15201,0,0,0,1,1,2,1,1,1,2,0,1,1,0,0,1,110278,12,8,0,0,0,0,13,0
2021-01-15T23:59:59+01:00,4,7,1180,1253,3716,5608,4601,9176,5509,14109,7295,11995,4252,4435,4609,7872,3597,14154,0,0,0,0,0,0,0,0,0,0,0,0,0,0,0,0,103412,0,4,0,0,0,0,13,0
2021-01-14T23:59:59+01:00,3,4,906,942,2971,4423,3738,7361,4567,11365,5904,9650,3455,3569,3875,6653,3115,12361,0,0,0,0,0,0,0,0,0,0,0,0,0,0,0,0,84895,0,0,0,0,0,0,13,0
2021-01-13T23:59:59+01:00,3,3,771,789,2498,3691,3154,6139,3796,9424,4813,7773,2585,2654,2922,5069,2385,9449,0,0,0,0,0,0,0,0,0,0,0,0,0,0,0,0,67945,0,0,0,0,0,0,12,0
2021-01-12T23:59:59+01:00,2,3,639,659,2090,3027,2597,4989,3039,7584,3795,6106,1854,1836,1997,3434,1689,6449,0,0,0,0,0,0,0,0,0,0,0,0,0,0,0,0,51822,0,0,0,0,0,0,0,0
2021-01-11T23:59:59+01:00,1,1,495,524,1741,2450,2082,3991,2353,5765,2820,4429,1192,1135,1196,2020,933,3671,0,0,0,0,0,0,0,0,0,0,0,0,0,0,0,0,36823,0,0,0,0,0,0,0,0
2021-01-10T23:59:59+01:00,1,1,438,455,1480,2024,1743,3268,1945,4780,2343,3711,1051,1009,1052,1772,832,3218,0,0,0,0,0,0,0,0,0,0,0,0,0,0,0,0,31138,0,0,0,0,0,0,0,0
2021-01-09T23:59:59+01:00,1,1,407,410,1356,1847,1597,2978,1792,4332,2158,3380,979,940,997,1719,814,3175,0,0,0,0,0,0,0,0,0,0,0,0,0,0,0,0,28896,0,0,0,0,0,0,0,0
2021-01-08T23:59:59+01:00,1,1,310,281,1106,1502,1318,2308,1472,3552,1787,2763,845,832,909,1596,766,3020,0,0,0,0,0,0,0,0,0,0,0,0,0,0,0,0,24379,0,0,0,0,0,0,0,0
2021-01-07T23:59:59+01:00,1,0,145,76,399,507,482,791,592,1364,780,1202,465,480,560,961,465,1906,0,0,0,0,0,0,0,0,0,0,0,0,0,0,0,0,11179,0,0,0,0,0,0,0,0
2021-01-06T23:59:59+01:00,1,0,111,44,269,286,309,514,396,922,530,824,357,358,423,745,358,1439,0,0,0,0,0,0,0,0,0,0,0,0,0,0,0,0,7889,0,0,0,0,0,0,0,0
2021-01-05T23:59:59+01:00,1,0,87,31,191,231,243,428,318,813,447,702,341,344,407,713,351,1385,0,0,0,0,0,0,0,0,0,0,0,0,0,0,0,0,7036,0,0,0,0,0,0,0,0
2021-01-04T23:59:59+01:00,1,0,69,25,174,193,201,334,255,631,353,511,266,251,288,515,234,928,0,0,0,0,0,0,0,0,0,0,0,0,0,0,0,0,5231,0,0,0,0,0,0,0,0
2021-01-03T23:59:59+01:00,1,0,67,21,167,188,196,319,253,615,344,494,258,249,284,502,232,911,0,0,0,0,0,0,0,0,0,0,0,0,0,0,0,0,5103,0,0,0,0,0,0,0,0
2021-01-02T23:59:59+01:00,1,0,67,21,167,188,196,319,250,615,341,494,258,249,284,502,232,910,0,0,0,0,0,0,0,0,0,0,0,0,0,0,0,0,5096,0,0,0,0,0,0,0,0
2021-01-01T23:59:59+01:00,1,0,66,21,166,188,196,318,249,615,338,492,258,249,284,501,232,910,0,0,0,0,0,0,0,0,0,0,0,0,0,0,0,0,5086,0,0,0,0,0,0,0,0
2020-12-31T23:59:59+01:00,1,0,66,21,165,186,196,317,248,614,337,491,258,249,284,501,232,910,0,0,0,0,0,0,0,0,0,0,0,0,0,0,0,0,5078,0,0,0,0,0,0,0,0
2020-12-30T23:59:59+01:00,1,0,65,21,165,185,194,314,248,612,337,489,258,249,284,501,231,910,0,0,0,0,0,0,0,0,0,0,0,0,0,0,0,0,5066,0,0,0,0,0,0,0,0
2020-12-29T23:59:59+01:00,1,0,46,13,117,140,145,211,180,438,237,375,177,161,196,372,170,709,0,0,0,0,0,0,0,0,0,0,0,0,0,0,0,0,3689,0,0,0,0,0,0,0,0
2020-12-28T23:59:59+01:00,1,0,25,9,65,77,80,122,101,252,118,232,97,93,104,200,102,388,0,0,0,0,0,0,0,0,0,0,0,0,0,0,0,0,2067,0,0,0,0,0,0,0,0
2020-12-27T23:59:59+01:00,0,0,12,3,18,26,36,47,36,89,37,95,32,29,41,73,31,145,0,0,0,0,0,0,0,0,0,0,0,0,0,0,0,0,750,0,0,0,0,0,0,0,0
