Datum,<15_m,<15_w,15-24_1_m,15-24_1_w,25-34_1_m,25-34_1_w,35-44_1_m,35-44_1_w,45-54_1_m,45-54_1_w,55-64_1_m,55-64_1_w,65-74_1_m,65-74_1_w,75-84_1_m,75-84_1_w,>84_1_m,>84_1_w,<24_2_m,<24_2_w,25-34_2_m,25-34_2_w,35-44_2_m,35-44_2_w,45-54_2_m,45-54_2_w,55-64_2_m,55-64_2_w,65-74_2_m,65-74_2_w,75-84_2_m,75-84_2_w,>84_2_m,>84_2_w,bp_1,bp_2,mo_1,mo_2,az_1,az_2,ja,unb_1,unb_2
2021-09-21T23:59:59+02:00,39234,36755,283744,272587,389069,359252,403912,397084,467039,476043,518320,519133,353028,393784,247024,316413,72759,133306,255362,245104,364174,331643,381829,370880,444855,450276,497628,497891,341937,381084,239436,305937,69795,127129,4049825,3804208,524610,501386,810203,764019,294758,555,461
2021-09-20T23:59:59+02:00,38911,36502,282660,271569,388068,358362,403133,396314,466364,475465,517850,518690,352787,393568,246911,316223,72708,133182,254287,244149,363231,330838,381087,370147,444151,449728,497187,497457,341723,380880,239339,305763,69763,127059,4043066,3797965,524474,501218,810189,763836,292447,555,461
2021-09-19T23:59:59+02:00,38756,36371,282072,271172,387509,357879,402740,395920,466026,475157,517590,518462,352702,393446,246873,316144,72696,133148,253791,243730,362753,330433,380683,369819,443803,449399,496916,497242,341622,380756,239283,305678,69755,127030,4039765,3795259,524342,501042,810167,763542,291298,555,461
2021-09-18T23:59:59+02:00,38705,36301,281917,271016,387321,357726,402569,395786,465920,475045,517528,518402,352686,393433,246865,316135,72694,133144,253480,243385,362508,330186,380450,369630,443642,449268,496826,497153,341591,380730,239264,305658,69752,127021,4038860,3793399,524229,500961,810164,763529,290847,555,461
2021-09-17T23:59:59+02:00,38382,35943,281038,270204,386536,356975,401843,395139,465309,474520,517151,518043,352541,393291,246804,316066,72668,133112,252747,242718,361834,329596,379871,369145,443185,448869,496494,496868,341474,380596,239214,305579,69739,127000,4033532,3789698,523951,500565,810154,763498,288831,554,461
2021-09-16T23:59:59+02:00,37823,35362,279471,268675,385199,355540,400660,393839,464305,473546,516391,517358,352228,392969,246682,315881,72622,133023,251627,241725,360895,328683,379058,368307,442527,448184,495982,496424,341247,380376,239114,305452,69708,126935,4022787,3783202,523257,500166,810099,763363,286333,554,461
2021-09-15T23:59:59+02:00,37448,35055,278367,267592,384307,354567,399817,392988,463631,472861,515859,516842,351998,392678,246492,315688,72578,132901,250783,240925,360124,327902,378384,367640,441967,447668,495482,495989,341036,380139,238977,305302,69682,126860,4015238,3777599,522972,499935,810084,763291,284274,554,461
2021-09-14T23:59:59+02:00,37139,34753,277404,266648,383378,353716,399091,392225,463033,472212,515340,516397,351762,392442,246359,315515,72533,132828,250013,240138,359399,327241,377780,367042,441427,447163,495067,495612,340840,379924,238867,305151,69659,126795,4008502,3772522,522645,499711,810054,763145,282472,553,461
2021-09-13T23:59:59+02:00,36759,34362,276178,265392,382438,352687,398324,391348,462338,471497,514822,515900,351537,392193,246236,315365,72495,132757,248897,239093,358589,326461,377184,366394,440869,446635,494611,495235,340645,379701,238766,305001,69627,126739,4000366,3765626,521938,499423,810021,763049,281201,552,461
2021-09-12T23:59:59+02:00,36621,34233,275619,264960,381974,352251,397945,390930,462016,471198,514609,515688,351434,392089,246190,315290,72484,132724,248373,238688,358091,326016,376823,366047,440572,446347,494363,495014,340519,379572,238707,304911,69611,126695,3997236,3762618,521780,499232,809985,762924,280151,552,461
2021-09-11T23:59:59+02:00,36543,34184,275426,264753,381749,352064,397787,390774,461884,471076,514540,515630,351404,392059,246181,315274,72482,132721,248091,238505,357868,325859,376674,365907,440424,446231,494298,494960,340496,379545,238699,304898,69611,126691,3996204,3761536,521691,499102,809983,762903,279548,552,461
2021-09-10T23:59:59+02:00,36223,33862,274361,263772,380810,351176,396920,389975,461092,470409,513987,515183,351203,391862,246094,315161,72464,132692,247189,237805,357049,325124,375893,365284,439733,445715,493810,494581,340335,379389,238618,304794,69589,126660,3990990,3758105,521552,498890,809977,762881,275618,552,461
2021-09-09T23:59:59+02:00,35805,33433,273093,262651,379783,350034,396011,388960,460312,469561,513411,514682,350966,391587,245965,315004,72427,132629,246130,236848,356145,324261,375090,364484,439047,445109,493221,494134,340115,379162,238493,304650,69555,126604,3983075,3752037,521250,498492,809937,762734,272947,545,459
2021-09-08T23:59:59+02:00,35408,33036,272145,261677,379009,349192,395322,388182,459700,468966,512974,514223,350758,391344,245858,314831,72398,132572,245211,235998,355345,323534,374413,363768,438453,444552,492772,493677,339916,378914,238371,304483,69521,126512,3976696,3746374,521028,498175,809886,762602,270875,545,459
2021-09-07T23:59:59+02:00,35041,32709,271133,260756,378186,348419,394677,387517,459173,468449,512531,513829,350567,391132,245759,314660,72364,132502,244338,235217,354545,322858,373771,363212,437953,444051,492328,493288,339706,378701,238282,304346,69492,126459,3970655,3741413,520790,497835,809873,762426,268975,545,459
2021-09-06T23:59:59+02:00,34646,32305,270024,259667,377261,347485,394004,386751,458588,467822,512096,513399,350349,390887,245672,314539,72336,132433,243577,234466,353812,322206,373161,362624,437493,443547,491915,492907,339493,378494,238198,304213,69463,126402,3963538,3736610,520653,497585,809828,762301,267133,545,459
2021-09-05T23:59:59+02:00,34497,32159,269630,259263,376965,347149,393722,386442,458355,467585,511920,513221,350277,390793,245630,314478,72320,132405,243150,234075,353420,321825,372815,362316,437237,443303,491717,492701,339390,378376,238152,304150,69446,126369,3960997,3733994,520558,497309,809801,762168,266343,545,459
2021-09-04T23:59:59+02:00,34439,32122,269475,259138,376848,347024,393598,386341,458281,467503,511869,513175,350266,390775,245624,314466,72320,132404,242989,233932,353262,321665,372669,362199,437147,443203,491652,492653,339368,378356,238144,304138,69446,126368,3960319,3733219,520502,497174,809795,762145,265939,545,459
2021-09-03T23:59:59+02:00,34122,31807,268593,258336,376115,346371,393017,385761,457709,467024,511412,512839,350097,390598,245560,314360,72297,132372,241977,233076,352470,320950,371997,361552,436494,442613,491159,492236,339171,378159,238057,304028,69425,126341,3956013,3728930,519809,495638,809765,762072,263689,545,459
2021-09-02T23:59:59+02:00,33767,31479,267556,257474,375268,345550,392300,385026,457031,466403,510888,512418,349836,390350,245439,314187,72271,132295,240960,232282,351590,320184,371268,360852,435781,441988,490596,491775,338921,377896,237948,303873,69398,126264,3950188,3723756,519526,495157,809729,761751,260977,544,459
2021-09-01T23:59:59+02:00,33442,31115,266714,256641,374524,344881,391766,384477,456559,465922,510508,512078,349658,390157,245351,314071,72247,132234,239873,231227,350738,319338,370588,360152,435172,441382,490074,491289,338690,377632,237816,303712,69369,126210,3944757,3716959,519345,494623,809697,761533,259428,544,456
2021-08-31T23:59:59+02:00,33045,30773,265852,255742,373802,344174,391204,383901,456058,465444,510066,511713,349465,389966,245254,313925,72216,132195,238920,230346,349941,318596,369930,359516,434621,440879,489554,490889,338485,377419,237724,303565,69335,126153,3939291,3711660,519156,494237,809671,761121,257558,543,456
2021-08-30T23:59:59+02:00,32497,30287,264554,254564,372812,343266,390390,383092,455305,464736,509505,511219,349237,389752,245161,313771,72180,132126,237766,229367,348948,317709,369148,358775,433925,440301,488995,490378,338228,377179,237598,303382,69294,126076,3931838,3705649,519040,493794,809625,760869,254827,543,456
2021-08-29T23:59:59+02:00,32311,30099,263989,254059,372338,342853,390011,382757,455011,464448,509276,510998,349140,389643,245112,313706,72170,132101,237051,228737,348342,317165,368652,358306,433498,439926,488686,490118,338084,377025,237538,303306,69275,126051,3928770,3701785,518923,493394,809598,760610,253606,543,456
2021-08-28T23:59:59+02:00,32222,30007,263764,253882,372164,342700,389854,382634,454886,464329,509202,510947,349116,389620,245101,313694,72169,132098,236733,228480,348094,316973,368430,358142,433316,439761,488557,490025,338042,376983,237518,303280,69273,126047,3927742,3700211,518883,493278,809592,760584,253047,543,456
2021-08-27T23:59:59+02:00,31992,29757,263114,253316,371649,342187,389383,382184,454434,463934,508833,510663,348986,389487,245042,313608,72150,132076,236127,227982,347483,316475,367956,357713,432868,439409,488252,489776,337907,376865,237464,303214,69262,126040,3923942,3696995,518814,493063,809533,760523,251379,543,456
2021-08-26T23:59:59+02:00,31613,29370,262107,252338,370802,341370,388633,381442,453751,463260,508285,510179,348754,389226,244920,313489,72121,132015,234655,226624,346259,315291,366845,356723,431994,438612,487583,489202,337627,376548,237301,303045,69232,125995,3917767,3688687,518570,492422,809489,760164,248716,543,455
2021-08-25T23:59:59+02:00,31253,29039,261186,251484,370061,340599,387980,380749,453118,462674,507734,509726,348516,388969,244793,313326,72086,131947,232612,224761,344783,313891,365661,355529,430997,437647,486780,488476,337240,376156,237146,302805,69187,125905,3912094,3676717,518443,492014,809460,760013,246108,542,451
2021-08-24T23:59:59+02:00,30942,28776,260469,250717,369460,339972,387447,380180,452643,462173,507332,509357,348309,388746,244678,313164,72059,131875,231407,223704,343824,312973,364883,354776,430328,436997,486224,487926,336963,375842,237011,302643,69162,125841,3907245,3669556,518156,491563,809440,759709,244321,542,447
2021-08-23T23:59:59+02:00,30420,28247,259085,249406,368434,339059,386618,379395,451863,461491,506684,508790,348029,388465,244540,312974,72032,131816,229931,222393,342514,311910,363932,353924,429466,436243,485519,487357,336657,375509,236872,302453,69136,125781,3899833,3662168,518015,491085,809402,759424,240958,542,446
2021-08-22T23:59:59+02:00,30278,28132,258681,249039,368083,338731,386342,379130,451629,461246,506497,508643,347933,388369,244499,312915,72015,131790,229212,221718,341830,311254,363397,353421,429024,435838,485198,487092,336493,375328,236804,302346,69112,125733,3897630,3657775,517867,490624,809363,759124,239950,542,444
2021-08-21T23:59:59+02:00,30027,27927,258184,248577,367767,338409,386087,378871,451424,461070,506347,508503,347877,388313,244477,312877,72012,131781,228470,221065,341347,310855,362999,353010,428660,435533,484969,486896,336409,375260,236777,302303,69106,125721,3895082,3654810,517722,489419,809356,759068,239228,542,444
2021-08-20T23:59:59+02:00,29835,27730,257521,247918,367027,337787,385411,378344,450831,460573,505875,508182,347733,388155,244422,312780,71995,131746,226668,219453,339946,309667,361884,352055,427705,434732,484252,486345,336165,375010,236675,302184,69081,125691,3891610,3646576,517403,488266,809342,758702,236367,542,444
2021-08-19T23:59:59+02:00,29506,27417,256536,247072,366039,337006,384627,377655,450114,459938,505314,507696,347493,387894,244315,312633,71961,131672,223907,217020,337643,307840,360179,350577,426300,433459,483097,485376,335744,374584,236483,301937,69046,125621,3886127,3632204,517037,486505,809298,758231,233280,541,443
2021-08-18T23:59:59+02:00,29221,27154,255738,246365,365346,336397,384050,377089,449515,459441,504842,507287,347219,387655,244195,312484,71929,131606,221436,214502,335591,306080,358536,348927,424777,432132,481950,484331,335221,374026,236248,301636,68994,125526,3881028,3618935,516862,482559,809271,757851,231225,541,443
2021-08-17T23:59:59+02:00,28902,26879,254953,245648,364730,335721,383492,376539,449027,458960,504412,506867,347019,387445,244078,312354,71902,131554,218686,211755,333521,304250,356848,347464,423343,430855,480826,483337,334728,373483,236012,301344,68940,125449,3876012,3603870,516560,479786,809245,757417,229516,541,442
2021-08-16T23:59:59+02:00,28614,26614,254256,244998,364158,335164,383026,376078,448588,458520,503992,506501,346831,387235,243981,312190,71871,131514,215525,208687,331227,302137,355329,346019,422135,429723,479872,482496,334335,373036,235824,301068,68900,125361,3871588,3586499,516406,479058,809220,757064,227767,541,441
2021-08-15T23:59:59+02:00,28419,26453,253765,244556,363733,334767,382669,375741,448290,458264,503751,506306,346716,387119,243931,312109,71860,131493,211518,204632,329335,300519,354067,344803,421113,428786,479089,481837,334003,372699,235703,300891,68876,125311,3868756,3568909,516263,478146,809184,756740,226589,541,440
2021-08-14T23:59:59+02:00,28352,26396,253521,244357,363501,334591,382495,375590,448132,458135,503633,506199,346667,387087,243913,312086,71857,131488,210446,203530,328516,299758,353350,344127,420617,428327,478699,481515,333863,372570,235665,300834,68867,125294,3867584,3562219,516191,477777,809180,756664,225895,541,440
2021-08-13T23:59:59+02:00,28097,26153,252814,243768,363000,334163,382058,375158,447696,457771,503294,505942,346538,386936,243848,312010,71845,131460,208559,201745,327089,298441,352086,342934,419569,427390,477949,480876,333619,372279,235552,300690,68849,125241,3863765,3550281,516120,477178,809170,756474,224351,536,440
2021-08-12T23:59:59+02:00,27897,25927,252088,243132,362379,333576,381527,374672,447163,457324,502873,505584,346354,386735,243746,311907,71831,131412,205966,199474,324208,295907,350074,341133,418058,426141,476715,479809,333163,371738,235300,300413,68809,125156,3859803,3532866,515931,475971,809133,755449,222113,536,438
2021-08-11T23:59:59+02:00,27663,25678,251355,242444,361756,332998,381000,374191,446700,456898,502464,505153,346127,386494,243630,311772,71803,131359,202923,196492,321025,292972,347905,339058,416556,424736,475431,478518,332618,371094,235050,300004,68758,125026,3854958,3511002,515713,474900,809093,754512,220576,534,437
2021-08-10T23:59:59+02:00,27417,25419,250523,241710,361047,332450,380461,373643,446202,456423,502007,504755,345931,386296,243544,311634,71780,131315,198725,192364,316357,288765,344922,336282,414441,422789,473832,477058,331930,370422,234752,299594,68701,124907,3849862,3480876,515432,473787,809058,753359,219059,534,437
2021-08-09T23:59:59+02:00,27222,25217,249897,241139,360468,331972,380025,373262,445796,456077,501661,504470,345770,386144,243477,311524,71759,131278,194184,187770,310645,284011,342162,333789,412522,421016,472209,475592,331278,369728,234471,299223,68642,124770,3846172,3450487,515252,470997,809026,752262,217562,534,433
2021-08-08T23:59:59+02:00,27053,25060,249414,240732,360074,331620,379677,372971,445494,455822,501420,504276,345664,386037,243414,311443,71742,131245,192835,186400,309017,282672,340852,332627,411648,420258,471646,475078,331018,369459,234342,299053,68617,124720,3843614,3441376,515096,469636,808973,751785,216326,534,433
2021-08-07T23:59:59+02:00,26902,24884,248883,240278,359676,331282,379341,372688,445201,455586,501194,504103,345592,385943,243379,311394,71734,131234,189157,182808,306973,280820,339133,331101,410315,418992,470720,474284,330661,369087,234211,298863,68583,124683,3840751,3421748,514989,468302,808963,751571,215442,534,430
2021-08-06T23:59:59+02:00,26677,24649,248009,239612,358891,330671,378667,372107,444544,455057,500655,503712,345356,385737,243280,311277,71723,131212,185420,179253,303511,278019,337011,329265,408709,417650,469418,473319,330280,368702,234051,298707,68558,124635,3838158,3402450,513625,466572,808951,750473,211953,534,428
2021-08-05T23:59:59+02:00,26355,24324,246830,238674,357989,329795,377844,371376,443802,454378,499986,503172,345070,385436,243164,311101,71682,131148,180938,175306,298126,273620,332894,325704,405900,415155,467160,471530,329609,367996,233786,298336,68497,124523,3831784,3374519,513361,461860,808888,746765,208940,534,427
2021-08-04T23:59:59+02:00,25981,23980,245678,237680,356988,328882,377068,370662,443170,453772,499415,502643,344795,385165,243043,310928,71654,131077,177454,172003,294362,270486,328484,321797,403644,413061,465453,469974,328910,367297,233509,297982,68438,124421,3825264,3347345,513017,460093,808852,745013,206296,526,426
2021-08-03T23:59:59+02:00,25515,23558,244310,236490,356078,328045,376356,369968,442510,453109,498816,502107,344500,384864,242914,310750,71610,131009,173970,168555,290261,266843,323369,317186,400896,410498,463111,467870,328064,366429,233158,297511,68369,124281,3817280,3315217,512856,458216,808811,742938,204409,526,426
2021-08-02T23:59:59+02:00,25197,23251,243254,235525,355229,327287,375655,369365,441939,452565,498289,501658,344237,384590,242795,310595,71584,130950,170332,164957,285563,262879,317492,312231,398143,407944,460871,465875,327292,365595,232858,297111,68305,124162,3810910,3281734,512607,456235,808754,740408,202540,525,424
2021-08-01T23:59:59+02:00,25043,23060,242622,234917,354630,326776,375214,368973,441505,452244,497945,501380,344098,384426,242719,310476,71570,130923,168778,163505,283072,260882,312861,308510,396282,406365,459392,464625,326862,365108,232687,296893,68276,124103,3807230,3263826,512304,454084,808661,737961,201168,524,421
2021-07-31T23:59:59+02:00,24933,22955,242280,234597,354348,326550,374975,368804,441315,452090,497837,501281,344065,384388,242699,310463,71569,130917,165005,159660,280248,258336,310772,306511,394884,405080,458245,463636,326543,364732,232553,296719,68250,124057,3805617,3240897,512114,453146,808656,737169,200520,524,421
2021-07-30T23:59:59+02:00,24643,22694,241480,233880,353772,326018,374487,368338,440847,451685,497475,500989,343927,384247,242654,310384,71556,130901,161259,155889,276847,255220,307744,303690,392651,402962,456395,462048,326034,364199,232340,296426,68217,123998,3801522,3215788,511742,451940,808639,733971,198912,524,421
2021-07-29T23:59:59+02:00,24296,22352,239941,232606,352609,324938,373516,367425,439992,450892,496660,500360,343593,383934,242516,310200,71519,130834,156397,151403,271462,251037,301829,298904,388293,399461,453336,459633,325200,363353,232027,296013,68155,123899,3793926,3181826,511061,447077,808555,728859,195473,523,421
2021-07-28T23:59:59+02:00,23994,22064,238784,231564,351720,324092,372757,366732,439352,450222,496094,499867,343338,383635,242382,310014,71484,130761,152637,147755,266967,247369,297392,294948,385025,396601,451245,457783,324539,362593,231757,295626,68091,123774,3787148,3151086,510520,445153,808476,726216,193545,522,418
2021-07-27T23:59:59+02:00,23722,21838,237774,230585,350876,323347,372055,366139,438764,449606,495565,499407,343094,383328,242248,309819,71448,130662,147608,142626,261036,242224,292084,290180,381005,392900,448060,454962,323551,361488,231390,295119,68000,123615,3780837,3109454,509963,442825,808417,722472,191894,521,417
2021-07-26T23:59:59+02:00,23490,21599,236798,229605,350081,322640,371448,365585,438207,449116,495114,499034,342861,383087,242120,309662,71424,130604,143258,138230,255482,237435,286911,285697,376533,388935,444542,451933,322595,360524,231058,294639,67925,123478,3775140,3070004,509329,440566,808336,718116,190499,520,417
2021-07-25T23:59:59+02:00,23130,21298,235455,228447,349139,321870,370767,364924,437625,448573,494655,498630,342662,382873,242031,309532,71403,130540,141411,136472,252797,235219,284403,283592,374397,387156,442456,450147,322079,360010,230855,294409,67900,123402,3768060,3054995,508948,438371,808270,713760,189102,520,417
2021-07-24T23:59:59+02:00,22881,21100,234523,227585,348415,321218,370188,364397,437097,448133,494294,498352,342544,382775,241988,309470,71400,130529,138512,133672,250060,232895,281836,281370,372136,385296,441217,449158,321728,359672,230710,294230,67881,123368,3764032,3036630,508179,435358,808254,713417,187248,520,417
2021-07-23T23:59:59+02:00,22464,20713,233013,226242,347089,320277,369140,363532,436216,447343,493595,497817,342309,382502,241898,309357,71379,130493,133026,128823,244690,228590,277357,277580,368442,382097,438564,446960,321028,358950,230456,293919,67827,123287,3756552,3001081,507708,433584,808197,711280,183743,520,416
2021-07-22T23:59:59+02:00,21958,20236,230903,224259,345333,318733,367629,362233,434894,446193,492608,496911,341875,382050,241720,309107,71334,130411,128663,124754,238651,224054,270947,272469,361505,376557,433084,442446,319840,357689,230018,293387,67733,123133,3744057,2958747,506116,427591,808067,704953,180961,519,415
2021-07-21T23:59:59+02:00,21449,19717,229012,222433,343629,317203,366003,360655,433313,444800,491381,495741,341321,381523,241471,308821,71280,130314,124898,121175,233185,219805,265410,267942,353363,369621,428466,438702,318719,356536,229556,292820,67652,122953,3733016,2923191,502351,416695,807842,700165,177666,519,414
2021-07-20T23:59:59+02:00,21145,19437,227537,220956,342389,316027,365035,359776,432448,444000,490659,495087,340978,381150,241323,308598,71252,130225,120562,116935,226830,214627,259575,262754,346244,363511,423769,434387,317624,355280,229142,292235,67554,122769,3723651,2879384,501943,409470,807710,695773,175524,519,413
2021-07-19T23:59:59+02:00,20830,19138,225797,219260,341069,314770,364000,358798,431636,443219,489983,494466,340682,380788,241172,308365,71207,130127,117798,114327,222445,211031,254953,258795,342527,360332,421145,432205,316896,354552,228841,291844,67479,122645,3713042,2854298,501519,404089,807617,691444,173934,519,413
2021-07-18T23:59:59+02:00,20676,19006,224494,217985,339448,313332,362928,357869,430815,442494,489444,493922,340447,380502,241043,308185,71185,130065,116299,112939,219790,208846,252591,256694,340274,358481,419108,430511,316406,354063,228680,291627,67458,122578,3703570,2841998,500975,399811,807543,687746,172555,519,410
2021-07-17T23:59:59+02:00,20280,18584,223339,216927,338870,312791,362338,357355,430296,442043,489031,493630,340341,380385,241001,308130,71182,130055,114225,110838,217332,206543,250127,254499,337850,356344,417660,429248,316071,353672,228545,291459,67434,122538,3697997,2824492,500770,397089,807526,686959,171088,516,410
2021-07-16T23:59:59+02:00,19737,18071,220786,214777,337125,311490,360824,356058,428826,440835,487930,492764,339936,380013,240827,307971,71157,130018,111107,108038,212564,202608,245589,250861,333547,352644,414311,426523,315147,352742,228193,291042,67380,122456,3687758,2796794,500012,394730,807364,683143,164809,515,409
2021-07-15T23:59:59+02:00,19095,17444,217997,212342,335213,309777,359229,354612,427484,439641,486984,491908,339536,379585,240624,307713,71115,129913,107193,104819,204191,196358,238090,245250,326928,347399,407228,420068,313399,350923,227642,290369,67308,122256,3672650,2750179,499410,386254,807246,675715,161675,514,409
2021-07-14T23:59:59+02:00,18249,16718,215543,210009,333502,308234,357816,353263,426255,438435,485949,490948,339079,379124,240381,307401,71061,129824,103582,101477,197715,191190,232378,240577,322628,343923,403050,416440,312089,349610,227233,289810,67225,122102,3657658,2716538,498819,380716,807114,668909,158965,513,406
2021-07-13T23:59:59+02:00,17598,16061,213353,207977,331892,306854,356474,352037,425077,437338,484985,490087,338638,378651,240178,307154,71026,129731,99821,97935,191225,185787,225231,234509,315945,337853,394651,408577,310290,347681,226626,289015,67111,121900,3643790,2673694,498256,368033,806953,659433,156873,511,402
2021-07-12T23:59:59+02:00,16575,15128,210068,204791,329826,305114,354892,350565,423830,436132,483999,489181,338218,378175,239997,306921,70986,129654,96725,95209,185937,181485,218248,228827,309108,331812,389549,404294,308557,345812,226031,288280,67012,121730,3625269,2635367,497697,360884,806770,651009,155073,510,401
2021-07-11T23:59:59+02:00,16067,14653,208709,203516,329083,304398,354229,349935,423264,435627,483551,488837,338027,377971,239937,306814,70964,129614,95304,93921,183166,179176,215252,226536,306417,329655,386719,401904,306086,343183,225650,287810,66958,121632,3619018,2620374,497055,358891,806640,640515,153244,505,399
2021-07-10T23:59:59+02:00,15593,14193,206859,201733,327617,303134,353087,348956,422534,435031,483076,488437,337857,377806,239871,306728,70954,129594,94001,92646,180631,177061,212215,224049,303892,327491,385553,400865,305437,342512,225470,287621,66942,121605,3610418,2603550,496415,358660,806402,638762,150581,504,399
2021-07-09T23:59:59+02:00,15269,13914,204952,199888,326008,301679,352015,347993,421628,434317,482503,487961,337650,377582,239774,306606,70938,129560,91209,89917,177099,173832,207867,219896,298867,322887,382107,397881,304338,341282,225166,287252,66905,121540,3601253,2574534,495550,356598,806205,631160,147978,504,398
2021-07-08T23:59:59+02:00,14801,13485,201449,196892,322682,299001,349630,345999,419913,432861,481065,486888,337208,377138,239594,306356,70893,129483,86901,86149,169847,168170,199727,213493,291482,316769,375143,391661,301614,338354,224385,286314,66788,121280,3585840,2528290,491491,347922,805681,620791,143049,503,398
2021-07-07T23:59:59+02:00,14300,13031,197701,193021,319505,296136,347306,343947,418350,431383,479860,485784,336730,376570,239402,306082,70855,129377,83215,82698,162544,162459,190673,206310,283492,310193,368092,384834,298297,334738,223474,285212,66648,121033,3564499,2480272,490119,334475,805291,610795,140107,500,396
2021-07-06T23:59:59+02:00,13840,12659,194254,189636,316240,293394,344822,341652,416628,429816,478589,484643,336227,376012,239203,305790,70802,129291,79638,79115,155859,156942,183255,200097,274547,302234,361599,378738,295096,331488,222587,284120,66539,120801,3544590,2427725,487050,327488,804867,601267,137662,497,396
2021-07-05T23:59:59+02:00,13442,12321,189862,185383,312190,290050,342306,339312,414947,428267,477444,483567,335753,375493,239025,305544,70769,129205,76572,76289,150737,152849,178490,195965,267629,295963,355489,373195,291820,328040,221699,283001,66430,120632,3521707,2388645,485888,322992,804373,590899,133577,494,394
2021-07-04T23:59:59+02:00,13264,12163,186015,181510,309551,288021,340988,338237,414062,427485,476862,483076,335527,375239,238935,305419,70743,129151,74367,74399,147624,150261,176135,193875,265144,293847,352345,370973,288507,324629,221114,282325,66374,120512,3509444,2374566,484595,320689,803800,579355,129071,493,392
2021-07-03T23:59:59+02:00,12069,11107,179579,175507,305285,284560,338657,336061,412243,425676,475646,482016,335127,374793,238760,305172,70719,129108,72583,72821,145197,148380,173697,191792,262081,291120,350062,369115,286755,322646,220846,281963,66342,120463,3483056,2358834,483188,320488,803615,574863,122874,493,392
2021-07-02T23:59:59+02:00,10971,10013,175863,172042,302869,282360,336909,334353,410988,424485,474870,481326,334866,374478,238645,304991,70691,129060,69886,70136,141271,145092,169262,187749,256024,285672,344840,364408,283500,318918,220205,281192,66293,120379,3464937,2325624,481706,317700,803427,562271,120352,492,373
2021-07-01T23:59:59+02:00,9875,9082,172190,168598,298825,279066,334411,332080,409189,422905,473768,480363,334446,374014,238444,304719,70644,128981,65002,65416,134955,139759,161976,181237,245764,276810,334036,354615,278712,313643,218352,278937,66114,120066,3442361,2269277,479603,305345,803077,544531,117198,492,369
2021-06-30T23:59:59+02:00,9385,8689,168920,165517,293201,274434,330736,328738,407416,421362,472740,479392,334021,373530,238253,304419,70610,128892,61872,62572,129310,135076,155329,175231,235714,267660,320626,341333,273494,308090,216459,276615,65946,119746,3417230,2214247,477435,292525,802781,525660,113441,491,368
2021-06-29T23:59:59+02:00,8849,8166,165121,161739,288658,270170,327169,325435,405312,419280,471192,477976,333429,372890,238000,304064,70555,128783,59082,59579,124362,130668,149309,169706,223859,256965,312071,332969,267028,300895,214487,274156,65743,119399,3389684,2154995,475438,287864,802453,508246,109836,490,364
2021-06-28T23:59:59+02:00,8444,7786,161798,158278,283621,265850,323857,322579,403166,417350,469701,476661,332908,372276,237766,303752,70511,128689,56809,57232,120459,127157,144962,165621,214628,248552,306279,327565,262074,295592,212722,271919,65596,119131,3365730,2119272,471455,279244,801792,491701,106627,490,361
2021-06-27T23:59:59+02:00,8296,7663,160291,156752,281514,264039,322049,321040,401466,415985,468803,475944,332615,371982,237663,303589,70492,128640,55611,56123,118337,125444,142393,163493,210520,245166,302913,324708,258264,291586,210263,269006,65485,118943,3355704,2103820,469369,275757,800739,475551,103623,489,361
2021-06-26T23:59:59+02:00,7141,6565,157024,153408,279406,262155,319631,318802,400275,414831,468103,475243,332346,371699,237556,303431,70468,128610,55061,55537,117002,124292,140968,162256,208273,243161,300383,322296,256728,289924,209930,268596,65458,118873,3336557,2087023,466547,275668,800733,473052,103489,460,338
2021-06-25T23:59:59+02:00,5917,5449,152710,149122,276008,259194,317569,316834,398960,413583,467101,474417,332057,371364,237428,303275,70440,128560,53773,53912,114526,121594,136886,157688,199509,234708,294695,316424,255003,287803,209340,267794,65387,118755,3311562,2044522,465115,273975,800676,466468,103264,460,338
2021-06-24T23:59:59+02:00,5063,4662,148259,144986,271184,255243,313288,313051,396770,411706,465720,473281,331634,370898,237259,303037,70406,128473,51128,51318,109408,116878,129559,151047,187465,224252,283272,306189,249619,281957,207504,265449,65184,118355,3280346,1982457,463105,262208,800506,452698,101588,458,337
2021-06-23T23:59:59+02:00,4842,4455,145092,141870,267484,252083,308038,308242,394270,409358,464309,471962,331107,370274,237029,302724,70358,128366,49185,49236,105612,112966,123888,145372,177574,215584,271300,294200,245005,277143,206170,263748,65023,117996,3252755,1926143,459576,252350,800344,441993,99811,456,336
2021-06-22T23:59:59+02:00,4592,4226,142013,138738,263768,248703,301912,302803,391633,406796,462766,470478,330559,369665,236809,302371,70310,128259,47496,47496,102003,109661,119092,140792,164984,204441,260391,283900,240939,272673,204249,261336,64771,117523,3220675,1867791,457644,244632,800154,431025,98538,454,329
2021-06-21T23:59:59+02:00,4333,3981,138745,135792,259064,244802,296661,297928,388590,403924,461292,469123,330042,369104,236583,302055,70269,128146,46262,46265,99617,107442,116354,138086,158763,198669,253502,277255,235576,266836,200311,256812,64584,117146,3188928,1836789,455600,239113,799937,411224,96571,453,329
2021-06-20T23:59:59+02:00,4189,3863,137236,134284,254826,241315,294082,295686,387197,402610,460498,468377,329817,368821,236471,301922,70249,128084,45138,45347,97361,105653,114083,136100,155730,196133,249195,273183,232573,263305,199324,255558,64503,117020,3171470,1816464,453835,235561,799780,403355,95037,453,321
2021-06-19T23:59:59+02:00,3772,3513,135088,132184,252071,238989,292300,294037,385355,401041,459656,467648,329595,368568,236367,301782,70228,128052,44599,44699,96090,104394,112612,134635,154227,194696,245976,270164,231854,262457,199153,255295,64481,116967,3155113,1800510,451015,233981,799770,403075,94935,453,320
2021-06-18T23:59:59+02:00,2822,2599,131805,129041,248546,235942,288283,290625,382956,398914,458317,466487,329218,368167,236212,301546,70201,128003,43812,43782,94509,102612,110322,131962,150674,190658,239112,262883,230131,260452,198668,254656,64406,116833,3129294,1771189,446576,233450,799741,396366,94658,452,320
2021-06-17T23:59:59+02:00,2588,2376,128070,125733,242486,231481,283032,286193,378127,394888,455969,464643,328618,367442,235967,301187,70136,127889,41568,41955,90454,99134,105425,127214,142807,182978,227714,251492,224925,254518,197017,252499,64146,116413,3094223,1715502,443590,229306,799477,385451,90187,380,312
2021-06-16T23:59:59+02:00,2317,2142,124834,122322,237585,227133,278330,281922,372951,390388,453367,462498,327869,366638,235676,300773,70070,127775,39735,40357,86915,96103,101074,123385,134573,175634,215608,239578,218699,247407,195095,250171,63894,115925,3060654,1655714,438048,223699,798964,377351,87569,378,311
2021-06-15T23:59:59+02:00,1930,1809,119914,117451,231603,221982,272974,276927,367883,385751,450513,460077,326996,365660,235323,300258,69988,127590,38115,38746,83594,93057,97104,119331,127522,169260,203254,227545,212670,240615,193130,247740,63583,115355,3015894,1598421,436121,217858,798392,369664,84852,378,308
2021-06-14T23:59:59+02:00,1667,1534,115848,113284,226368,217066,267604,271947,362589,380994,447393,457478,326211,364800,235010,299869,69926,127470,37135,37857,81311,90962,94393,116810,123408,165509,196651,221041,209553,237098,191994,246267,63364,114965,2973687,1568811,433766,215582,798130,361992,82097,376,306
2021-06-13T23:59:59+02:00,1593,1449,114352,111906,223920,214959,265061,269684,360329,379033,446220,456451,325934,364494,234874,299696,69894,127396,36268,37120,79450,89285,92381,114989,120579,162898,192772,217333,206464,233661,190963,244896,63132,114553,2958680,1554795,431324,208308,797824,353763,80034,376,304
2021-06-12T23:59:59+02:00,1442,1312,111699,109159,222027,213228,263676,268408,358892,377632,445323,455682,325647,364184,234782,299593,69876,127368,35899,36716,78463,88191,91130,113692,118999,161337,189207,214032,205426,232533,189561,243237,63122,114521,2942498,1541635,430345,208299,797800,346378,79902,375,303
2021-06-11T23:59:59+02:00,1294,1176,109157,106643,219131,210603,260008,265215,355754,374897,443603,454206,325207,363733,234646,299385,69849,127313,35222,35603,76456,84813,88895,110158,114893,156186,182508,206576,203324,230163,188956,242465,63060,114422,2918062,1514129,427544,207601,797613,332904,79210,374,302
2021-06-10T23:59:59+02:00,1131,1019,104389,102231,213048,205834,252947,259387,349654,369593,439096,450428,324346,362759,234323,298936,69765,127160,33639,34117,72451,80634,83972,104654,108217,147968,170162,192921,197244,223268,187224,240320,62806,114017,2874382,1466984,420428,205855,796761,305849,75063,372,297
2021-06-09T23:59:59+02:00,983,888,100464,98519,207073,201092,246125,253666,342986,363638,435415,447398,323664,362008,234051,298553,69700,127027,32106,32859,69218,77983,80271,101485,103491,143685,159009,182158,186615,211266,185362,238074,62532,113522,2835313,1412921,411885,201875,796242,294568,70408,349,291
2021-06-08T23:59:59+02:00,800,707,95932,93968,200434,195522,239161,247648,334729,356357,430302,442718,322821,360998,233677,298065,69619,126890,31031,31999,66630,75682,76986,98759,98911,139763,151409,174664,177900,201544,183554,235826,62298,113155,2783282,1373710,406115,196955,795647,283696,65884,349,281
2021-06-07T23:59:59+02:00,641,565,92713,90864,194366,190814,232597,242404,326888,350177,427250,440262,322273,360363,233460,297737,69565,126794,30160,31151,64165,73721,74031,96598,95141,136822,143319,166862,173847,196916,182120,234008,62075,112772,2744243,1346567,399944,193655,795065,272559,61052,348,280
2021-06-06T23:59:59+02:00,603,529,91133,89546,191078,188262,229241,239627,322600,346772,425810,439177,322000,360067,233352,297579,69541,126747,29557,30595,62393,72038,71949,94586,91946,133751,137623,161064,171306,194280,181010,232606,61844,112392,2728802,1334699,392544,183959,794580,262103,58301,346,276
2021-06-05T23:59:59+02:00,522,449,89188,87527,186203,184042,226773,237492,320783,345146,424810,438262,321714,359748,233204,297411,69527,126715,29099,29837,61190,70085,70551,92436,90268,131478,132863,155730,168298,190610,180524,231947,61810,112326,2705298,1311065,392413,183492,794448,256693,57915,345,275
2021-06-04T23:59:59+02:00,422,364,86833,84995,182536,180431,222765,233543,317187,341506,422446,436064,321256,359211,233007,297182,69488,126651,28631,29164,60068,68431,69266,90353,88472,128856,129491,152070,164063,185838,179531,230679,61762,112239,2676025,1292211,388588,182717,794327,246602,57494,345,274
2021-06-03T23:59:59+02:00,329,290,83538,81922,176799,175756,215495,227443,309464,334802,414681,429202,320219,358025,232636,296728,69432,126517,27740,28151,58175,66236,66871,87600,84832,124738,122722,145392,157706,178225,177955,228650,61649,112003,2627022,1262976,378335,177385,793901,233839,54551,342,268
2021-06-02T23:59:59+02:00,278,231,81455,79751,172709,172028,211846,224283,305876,331451,412633,427365,319810,357568,232482,296520,69404,126466,27272,27672,57046,65118,65271,86323,82767,122793,117744,140503,149815,169248,177233,227693,61564,111833,2598208,1230720,376949,175414,793873,230216,53648,339,261
2021-06-01T23:59:59+02:00,179,163,77183,75920,164414,165453,202469,216531,296770,323559,404419,419521,318292,355948,231939,295776,69289,126235,25721,26254,52730,62160,60426,83027,77335,118282,110309,133280,138704,155829,175125,224958,61356,111409,2539414,1180530,365284,171300,793107,218411,46756,337,256
2021-05-31T23:59:59+02:00,157,146,74434,73433,158741,161128,195149,210549,289373,317172,398666,414549,317291,354834,231548,295249,69199,126064,24806,25193,50100,59936,57249,80484,73727,115000,105800,128830,134547,150915,173751,223233,61186,111077,2498934,1158082,355884,168957,792462,207991,40889,336,254
2021-05-30T23:59:59+02:00,145,138,73369,72347,156244,159069,192501,208153,286552,314602,396744,412790,316924,354408,231387,295005,69161,125983,24201,24404,48506,58204,55507,78625,71492,112430,103136,125959,132387,148387,172956,222295,61092,110865,2482809,1148299,353362,167643,791826,196581,38008,335,249
2021-05-29T23:59:59+02:00,142,136,72759,71754,154732,157667,190200,206121,284713,313015,395907,412018,316703,354164,231306,294925,69150,125964,23878,23877,47585,56706,54164,76745,69564,109578,100814,123156,129580,144957,172303,221387,61065,110813,2468914,1134662,353199,167577,791760,186032,37984,335,248
2021-05-28T23:59:59+02:00,138,133,71667,70638,152333,155406,186537,202579,281441,309879,394047,410248,316291,353659,231158,294710,69131,125907,23346,22874,45974,54579,52333,74180,67518,105615,96481,117254,125198,139897,171326,220077,61018,110699,2445077,1112010,352145,167363,791547,171471,37605,334,245
2021-05-27T23:59:59+02:00,127,123,68350,67617,145841,150464,178341,196321,275043,304711,387726,404559,315020,352202,230692,294176,69059,125722,22023,21187,42719,51528,48448,70358,62959,99596,90116,109735,121262,135269,168524,216374,60845,110384,2400436,1083545,344513,164620,789725,151360,31876,334,239
2021-05-26T23:59:59+02:00,123,120,66190,65437,140882,146378,172232,191249,268286,299037,380977,397854,313496,350590,230200,293472,68956,125509,21278,20269,40893,49386,46091,67624,59918,95801,85516,104611,116271,129541,164725,211035,60635,109956,2363085,1051582,331306,163040,787898,139859,29140,333,238
2021-05-25T23:59:59+02:00,122,113,64157,63443,136673,142886,167172,186954,261212,292754,375550,392461,312197,349164,229785,292822,68872,125331,20699,19604,39491,47867,44256,65607,57439,92796,81429,100231,111329,123843,159184,203782,60463,109649,2325463,1020010,323787,159616,785352,130615,27503,329,231
2021-05-24T23:59:59+02:00,119,111,62913,62229,133912,140776,163889,184540,254255,286762,370614,387775,311365,348243,229498,292434,68800,125201,20357,19196,38471,46793,42909,64120,55758,90781,79193,97717,109900,122185,158574,202989,60350,109447,2301702,1010633,312664,158310,783544,123920,25955,329,227
2021-05-23T23:59:59+02:00,114,110,62415,61713,132811,139878,162693,183504,253012,285741,369025,386344,310744,347584,229325,292206,68780,125165,20125,19008,37920,46237,42150,63417,54592,89780,77703,96351,108721,120784,157596,201768,60279,109305,2290187,1002438,312076,155230,783501,122319,25827,329,224
2021-05-22T23:59:59+02:00,111,108,61718,61091,131320,138805,160314,181880,250040,283452,366545,384118,310211,346990,229148,291940,68753,125115,19806,18588,37309,45637,41508,62884,53935,89053,76932,95204,107171,118980,156823,200799,60252,109251,2272198,995732,312061,155226,783459,118886,24362,329,224
2021-05-21T23:59:59+02:00,107,104,60385,59649,128408,136207,157023,178556,244798,278685,360444,378430,309277,345896,228852,291542,68692,125007,19445,18221,36694,44867,40855,61829,52981,87658,75206,92897,103926,115026,155683,199348,60160,109076,2236099,982692,310417,154899,781881,112278,24078,326,222
2021-05-20T23:59:59+02:00,98,102,57330,56852,122665,131325,150079,172237,234476,269923,351404,370139,306735,343145,228084,290529,68560,124787,18147,17284,34511,42620,38400,58924,50160,83879,71270,88395,99796,110373,153219,196331,59978,108720,2178032,963367,303750,152946,775911,94586,21175,318,222
2021-05-19T23:59:59+02:00,97,100,55115,54656,117655,126641,142901,165614,223929,260560,340843,359228,304085,340272,227334,289475,68409,124510,17566,16496,33286,41031,36990,56862,48145,81095,68026,84810,95908,105890,149588,191602,59716,108229,2112048,939937,297491,150964,772918,85069,19344,317,208
2021-05-18T23:59:59+02:00,92,95,53016,52693,112865,122379,136517,160037,212352,250186,330955,349425,301410,337300,226450,288269,68257,124256,17047,15889,32072,39567,35634,55065,46333,78679,65132,81581,91900,101354,146391,187536,59503,107794,2052125,919674,288117,148104,769318,76406,17360,312,208
2021-05-17T23:59:59+02:00,89,92,51981,51698,110529,120321,133697,157380,205823,244164,323371,342334,299613,335326,225859,287444,68150,124043,16590,15440,31020,38520,34461,53773,44851,76876,62865,79181,87058,95485,144926,185648,59352,107479,2025293,907959,275800,140629,765887,69706,15295,310,205
2021-05-16T23:59:59+02:00,88,89,51193,51041,109083,118993,131955,155715,202849,241480,315932,335373,298592,334193,225549,286957,68098,123945,16306,15064,30270,37738,33587,52852,43782,75562,61530,77706,83638,91405,144134,184569,59265,107339,2009946,901866,265361,133846,762637,65558,13540,306,201
2021-05-15T23:59:59+02:00,88,89,50653,50407,108083,118004,130942,154602,200913,239544,312360,332163,297970,333506,225353,286686,68078,123881,16166,14900,30016,37431,33301,52421,43294,74914,60678,76723,83041,90588,143618,183901,59229,107292,1993742,896624,265341,133699,761766,64425,12829,304,200
2021-05-14T23:59:59+02:00,87,88,49392,48981,105826,115907,127349,151148,192703,232472,306042,326277,296990,332368,225068,286237,68031,123786,15668,14470,29229,36609,32531,51227,42215,73131,59112,74767,81134,88098,143005,182912,59189,107206,1956463,886964,263643,132824,757209,58996,11781,302,199
2021-05-13T23:59:59+02:00,83,87,47471,47032,101980,112674,122640,147034,182673,223884,295424,316453,294018,328940,224257,285097,67931,123579,14803,14022,28373,35912,31769,50323,41268,72036,57597,73202,77353,83743,140238,179300,59079,106989,1904826,874401,255026,125765,750971,55136,10764,298,196
2021-05-12T23:59:59+02:00,81,85,46557,46325,100062,111244,120576,145373,180123,221776,290688,311123,292853,327671,224017,284776,67893,123494,14638,13871,28052,35693,31366,50033,40821,71662,57054,72634,76007,82112,139459,178166,58993,106829,1881741,868650,252861,123969,750481,54865,9964,291,195
2021-05-11T23:59:59+02:00,77,79,44307,44848,96034,108164,114769,140640,166751,210498,279039,300359,289448,323757,223060,283371,67743,123194,14210,13304,27041,34265,30231,48225,39514,69382,55334,70365,72916,78520,138102,176330,58834,106470,1822855,856348,243149,121274,741965,46991,8486,287,192
2021-05-10T23:59:59+02:00,76,75,43056,43873,93431,106158,111508,138006,158362,203467,271157,293249,287270,321305,222486,282508,67619,122952,13867,12860,26278,33278,29434,46965,38517,67523,54103,68634,70826,75960,136955,174820,58714,106181,1787281,847469,237102,120221,734978,39778,7509,283,184
2021-05-09T23:59:59+02:00,75,75,41933,43100,90747,104401,108842,136237,153348,200045,265630,288299,286030,319920,222109,281980,67553,122806,13552,12641,25582,32608,28697,46161,37721,66561,53165,67686,69594,74558,136356,173984,58659,106050,1767943,842882,229999,119240,728978,34994,6519,278,182
2021-05-08T23:59:59+02:00,74,75,41642,42795,89901,103669,107746,135378,151896,198828,263068,286234,285528,319377,221990,281801,67537,122774,13450,12578,25453,32515,28552,46032,37532,66366,52825,67368,68627,73633,135286,172620,58612,105957,1755886,838267,229488,118492,728752,34215,6506,262,166
2021-05-07T23:59:59+02:00,72,74,40718,42077,87965,102331,104917,133165,147270,195020,256810,280724,284187,317775,221641,281343,67484,122651,12703,12095,24627,31777,27786,44968,36668,65102,51636,65853,66377,70946,133059,169795,58522,105779,1730085,828586,226277,116220,724625,27410,5551,259,163
2021-05-06T23:59:59+02:00,68,73,38069,40352,83209,98873,98922,128406,137076,186502,240348,266299,279058,311977,220356,279654,67309,122334,12014,11575,23683,30668,26780,43615,35307,63098,49897,63873,63885,67818,130946,167032,58407,105561,1664475,817479,216359,113108,713717,19009,4636,247,162
2021-05-05T23:59:59+02:00,66,70,36180,39154,79546,96285,94316,124758,129244,179966,225580,252250,272870,304828,218780,277661,67063,121811,11779,11299,23143,29941,26177,42692,34381,61696,48742,62459,61270,64705,128001,163330,58309,105310,1598219,805187,211281,109537,707661,15024,3561,247,158
2021-05-04T23:59:59+02:00,66,68,35075,38045,76821,93962,90806,121714,123676,175230,214947,241964,267373,298377,217336,275815,66854,121342,11617,11095,22736,29399,25717,41915,33660,60605,47632,61182,58551,61523,125630,160393,58159,105074,1549121,793287,206159,106896,701574,11874,2907,245,156
2021-05-03T23:59:59+02:00,65,66,34204,36990,74527,92139,87929,119359,119234,171582,208281,235956,264090,294504,216533,274724,66733,121046,11370,10822,22342,28820,25233,41213,32973,59637,46608,60041,55766,58182,121853,155494,57902,104637,1517316,777430,203047,105182,696633,9111,1247,244,153
2021-05-02T23:59:59+02:00,65,66,33852,36671,73350,91235,86458,118265,116806,169710,205176,233439,263127,293413,216245,274309,66664,120937,11298,10750,22152,28607,25003,40925,32630,59230,46153,59565,54573,56718,118784,151806,57818,104506,1506686,772400,200248,99615,692755,8206,376,242,149
2021-05-01T23:59:59+02:00,64,66,33533,36296,72588,90441,85384,117223,115335,168346,202086,230410,262436,292588,216035,274029,66653,120898,11284,10734,22099,28577,24942,40887,32568,59173,46069,59488,54331,56426,118625,151610,57809,104489,1491583,771089,200241,99575,692489,8157,369,241,149
2021-04-30T23:59:59+02:00,61,64,32989,35694,71378,89218,83921,115489,111552,164773,194684,223288,260441,290219,215587,273420,66593,120791,10962,10538,21737,28298,24665,40462,32242,58609,45606,58853,53434,55261,117673,150423,57754,104369,1458658,767408,199914,97583,691689,5809,169,238,145
2021-04-29T23:59:59+02:00,59,62,31489,34745,68453,87187,80283,112884,106433,160658,181862,211735,252501,281112,214389,271786,66458,120445,10656,10324,21260,27850,24234,39962,31655,57865,44796,57920,51597,53065,115823,148185,57654,104174,1403718,758566,192632,94898,686312,3490,148,228,143
2021-04-28T23:59:59+02:00,58,60,30252,34133,66583,85874,77800,111062,103003,157800,172164,202564,241638,268504,213109,270100,66261,120118,10470,10164,20961,27497,23870,39492,31231,57207,44068,57093,49470,50446,113240,144947,57529,103961,1351040,749006,189264,90342,680932,2264,118,221,138
2021-04-27T23:59:59+02:00,55,59,29492,33448,65004,84410,75786,109251,100242,155399,167436,197836,233131,258692,211959,268485,66141,119895,10345,10053,20680,27208,23633,39158,30869,56710,43383,56401,47464,47899,110600,141513,57412,103761,1316987,739191,186956,86327,672929,1542,117,214,133
2021-04-26T23:59:59+02:00,54,59,29063,33062,63901,83526,74284,108085,97954,153684,158808,189815,228940,253847,211249,267488,66048,119695,10250,9963,20463,27020,23396,38940,30571,56370,42763,55823,45657,45747,108705,139028,57316,103607,1288010,731211,185510,83223,666196,1161,112,209,131
2021-04-25T23:59:59+02:00,54,58,28811,32821,63126,83003,73221,107348,96223,152455,153418,184940,224600,248960,210659,266708,65981,119572,10195,9930,20385,26942,23310,38858,30460,56244,42603,55664,45245,45250,108024,138121,57288,103536,1275234,729548,179365,81459,657512,1030,109,208,128
2021-04-24T23:59:59+02:00,54,57,28469,32395,62186,81780,72033,105899,94674,150796,148511,179791,221811,245626,210189,266034,65947,119522,10180,9912,20344,26900,23257,38792,30379,56158,42454,55527,45001,44941,107774,137825,57267,103508,1250357,728459,179336,80759,656229,986,108,208,125
2021-04-23T23:59:59+02:00,52,57,27722,31771,60614,80269,70242,103879,92076,148152,143727,175390,217256,240078,209533,265045,65884,119407,10127,9848,20234,26813,23126,38641,30144,55948,42090,55194,44382,44183,106711,136537,57111,103233,1225465,725103,178152,78275,647680,934,107,205,120
2021-04-22T23:59:59+02:00,50,56,27107,31170,59078,78832,67775,101661,87946,144659,135683,167898,208214,229065,207488,262411,65685,119008,10002,9752,19985,26515,22771,38206,29628,55434,41332,54553,43212,42858,104715,134085,56882,102835,1183900,717618,170696,74330,639332,810,107,200,116
2021-04-21T23:59:59+02:00,50,54,26614,30648,57748,77728,65891,100028,84900,142019,128489,161077,195128,213712,205335,259519,65459,118582,9871,9666,19754,26264,22484,37881,29272,54982,40777,54021,42363,41839,102521,131296,56627,102423,1132366,711059,167809,70238,632949,738,107,194,114
2021-04-20T23:59:59+02:00,49,53,26188,30177,56585,76583,64214,98446,82350,139442,123402,156006,183646,200246,202906,256378,65220,118151,9767,9575,19535,26076,22191,37612,28861,54568,40237,53487,41546,40906,100300,128305,56289,101886,1089691,703503,164322,66984,626171,658,105,192,106
2021-04-19T23:59:59+02:00,49,52,25821,29819,55612,75760,62927,97267,80221,137513,119876,152617,177890,193398,201192,254136,65033,117817,9657,9482,19303,25856,21946,37338,28545,54173,39724,52957,40749,39993,97198,124333,55884,101172,1065094,693137,162490,64558,619561,620,104,186,106
2021-04-18T23:59:59+02:00,48,47,25513,29558,54842,75215,61801,96319,78359,136081,116510,150221,172778,187838,200179,252902,64921,117623,9583,9407,19114,25681,21769,37171,28327,53893,39464,52705,40420,39604,95982,122786,55701,100872,1051084,689256,160819,62623,608992,605,104,183,105
2021-04-17T23:59:59+02:00,47,46,25404,29466,54471,75019,61285,95965,77704,135480,115662,149479,168524,182947,199644,252176,64887,117558,9538,9348,18976,25494,21580,36941,28100,53617,39198,52436,40119,39280,95217,121859,55636,100788,1040189,685231,160791,62308,604923,593,104,183,105
2021-04-16T23:59:59+02:00,47,46,25030,29216,53481,74410,59997,95085,76076,134146,111507,145331,160869,174165,197985,249970,64778,117349,9330,9173,18582,25062,20996,36364,26987,52712,37168,50830,36794,36334,92021,118328,55233,100133,1014240,670115,159997,55377,595388,560,104,182,103
2021-04-15T23:59:59+02:00,43,42,24553,28763,52223,73241,58029,93355,72797,131300,106033,140039,152991,165177,193325,244095,64480,116729,9156,9010,18213,24637,20503,35703,26307,51915,35774,49597,34676,34284,88903,114586,54725,99275,981975,656985,157940,49779,577434,508,103,180,100
2021-04-14T23:59:59+02:00,41,38,24213,28437,51285,72301,56687,91961,70406,129135,102033,136266,143781,154782,185582,234207,64137,116061,8747,8736,17738,24129,19966,35056,25391,51036,34482,48473,32624,32123,85917,110934,54233,98412,944070,642058,155264,45540,562154,409,102,175,99
2021-04-13T23:59:59+02:00,41,38,23976,28219,50585,71764,55741,91132,68768,127721,98300,132823,131935,141644,179183,225870,63799,115472,8512,8564,17392,23722,19543,34514,24723,50241,33413,47453,31236,30756,83758,108550,53876,97868,910766,632706,150741,41140,545638,286,102,173,97
2021-04-12T23:59:59+02:00,40,37,23767,28030,50029,71246,54873,90398,67296,126431,95666,130495,124815,133599,175952,221913,63527,114981,8275,8377,17028,23423,19170,34078,24250,49704,32745,46826,29704,29213,82092,106605,53550,97347,894324,624246,149194,37880,529712,272,100,170,95
2021-04-11T23:59:59+02:00,39,37,23592,27867,49503,70822,54141,89939,66147,125625,93803,129014,119315,127576,172030,217303,63357,114683,8141,8242,16731,23143,18851,33767,23891,49323,32296,46438,29066,28544,81071,105356,53341,97027,886831,618940,144778,36051,513323,254,95,168,92
2021-04-10T23:59:59+02:00,39,37,23531,27809,49336,70685,53941,89780,65817,125355,93277,128577,117230,125046,170589,215452,63315,114583,7552,7635,15840,22354,17887,32922,22767,48285,31185,45438,28403,27830,78976,102745,53074,96591,879830,603582,143921,35669,510790,249,90,168,92
2021-04-09T23:59:59+02:00,38,37,23283,27559,48834,70194,53300,89094,64818,124229,91450,126665,108388,114091,167201,211043,63116,114225,6592,6734,14307,21025,16153,31353,20620,46313,28965,43422,26617,26002,75467,98563,52528,95751,860390,576039,136854,34154,500469,237,82,161,86
2021-04-08T23:59:59+02:00,38,37,22986,27313,48253,69703,52541,88389,63507,123141,89022,124495,98057,102070,161640,204169,62775,113643,5945,6140,13117,20005,14891,30010,18979,44588,26457,41078,23584,23020,70802,92774,51383,93998,841630,544376,127932,32209,482375,207,72,159,86
2021-04-07T23:59:59+02:00,36,36,22673,27087,47448,69245,51613,87773,62116,122155,85873,122043,88857,91757,154626,195373,62481,113083,5564,5813,12454,19330,14072,29181,17934,43536,24541,39178,21042,20490,66837,87999,50387,92381,821189,520862,122327,29724,460922,178,65,153,83
2021-04-06T23:59:59+02:00,35,36,22460,26926,46917,68864,51020,87249,61081,121377,83752,120294,81092,82936,148260,187402,62138,112454,5370,5654,12101,18972,13719,28747,17397,42971,23675,38367,19910,19459,63674,83897,49463,90996,801881,507466,119109,26772,443468,167,60,149,80
2021-04-05T23:59:59+02:00,35,35,22361,26800,46604,68516,50634,86847,60533,120686,82565,119136,76607,77833,143244,181289,61937,112138,5230,5515,11838,18720,13424,28435,17073,42596,23230,37906,19447,18988,60786,80338,48763,89928,792417,498112,117353,23977,428195,162,57,146,80
2021-04-04T23:59:59+02:00,35,35,22313,26741,46483,68247,50464,86532,60251,120183,82053,118504,75162,76123,142539,180315,61900,112056,5226,5507,11820,18707,13412,28419,17054,42579,23132,37834,19040,18665,59346,78490,48556,89617,789871,493313,117245,23975,422992,155,53,143,78
2021-04-03T23:59:59+02:00,35,35,22251,26660,46360,68137,50300,86357,59934,119871,81485,117923,73815,74487,141421,178779,61817,111907,5217,5498,11807,18688,13389,28399,17020,42532,23026,37760,18903,18514,58995,77926,48467,89470,783501,491521,117203,23975,421042,155,52,142,78
2021-04-02T23:59:59+02:00,35,35,22173,26575,46199,67971,50081,86108,59463,119419,80605,117107,72259,72598,139136,175792,61620,111547,5198,5460,11759,18645,13333,28316,16931,42383,22751,37283,18544,18149,56649,75034,47651,88363,774362,483019,115425,23319,419112,155,48,139,76
2021-04-01T23:59:59+02:00,32,33,21978,26371,45781,67450,49432,85365,58584,118476,78712,115431,68983,69160,135036,170594,61294,110963,5051,5316,11487,18379,13109,28080,16608,42073,22245,36839,17722,17402,51791,68990,45970,85903,762649,464923,109307,21947,411900,143,43,134,75
2021-03-31T23:59:59+02:00,32,33,21650,26152,45378,66924,48933,84713,57848,117537,77549,114187,66932,66837,130268,164466,60889,110232,4973,5264,11387,18257,12948,27929,16366,41801,21649,36323,16589,16496,46564,62558,44585,83916,752843,446523,102132,21000,405772,140,38,131,69
2021-03-30T23:59:59+02:00,32,32,21472,25928,44977,66305,48425,83914,57135,116484,76408,112806,65086,64807,125877,158707,60421,109331,4906,5179,11282,18131,12756,27739,16038,41476,21072,35773,15755,15690,43794,59138,43466,82114,742628,434624,97893,19635,397820,110,34,126,68
2021-03-29T23:59:59+02:00,31,32,21274,25690,44515,65755,47948,83221,56398,115402,75176,111370,62595,62051,119117,150054,59649,107935,4808,5106,11177,18016,12601,27573,15791,41153,20615,35303,15103,15147,41206,56150,42357,80291,722046,423409,94460,18955,391902,95,32,125,67
2021-03-28T23:59:59+02:00,31,32,21067,25398,44015,65066,47431,82479,55716,114392,74232,110261,61330,60609,114399,144067,59205,107175,4753,5047,11032,17867,12342,27273,15599,40906,20447,35070,14863,14903,40123,54727,42007,79750,715478,419076,87137,17625,384485,73,32,124,64
2021-03-27T23:59:59+01:00,31,32,20947,25241,43722,64700,47063,81950,55215,113700,73556,109522,60169,59521,112912,142349,59138,107093,4740,5035,11005,17848,12324,27243,15237,40477,20047,34634,14570,14691,39635,54037,41532,78932,710180,415014,86433,16970,380440,68,32,124,64
2021-03-26T23:59:59+01:00,31,31,20694,24728,42916,62991,46090,79921,53872,110666,71534,105891,58143,57628,110153,139099,58809,106574,4721,5002,10981,17796,12254,27150,15159,40367,19705,34037,14099,14039,36560,50192,39473,75684,698735,400478,83109,16751,368118,55,29,123,64
2021-03-25T23:59:59+01:00,31,28,20262,24055,42042,61218,44991,77366,52356,107129,69137,102116,55540,54983,106840,135123,58239,105579,4675,4946,10890,17693,12132,27003,14975,40146,19427,33730,13621,13546,32702,45131,36472,71141,687280,382091,78906,16153,351042,50,26,121,64
2021-03-24T23:59:59+01:00,31,28,19856,23606,41257,59944,43972,75825,50973,105196,67030,99780,52746,52062,102580,130016,57599,104499,4620,4880,10797,17550,11964,26800,14743,39862,19059,33310,13160,13092,30124,41911,33348,66297,674442,366492,74014,15052,338742,43,21,119,63
2021-03-23T23:59:59+01:00,31,28,19608,23304,40698,59027,43243,74728,49935,103678,65358,97915,50440,49705,99819,126798,57039,103656,4560,4809,10698,17424,11817,26616,14497,39549,18639,32921,12657,12586,27683,38804,29662,60388,666289,348874,70650,14463,328272,42,20,115,63
2021-03-22T23:59:59+01:00,31,28,19384,22889,40056,58142,42577,73686,48985,102288,63881,96273,48598,47806,97419,124041,56565,102880,4501,4762,10610,17308,11686,26436,14338,39307,18397,32619,12342,12211,25844,36446,25689,53986,659958,332599,67834,13908,317939,39,20,111,62
2021-03-21T23:59:59+01:00,31,28,19245,22630,39562,57388,42026,72837,48329,101130,62933,95038,47546,46776,95765,122187,56194,102301,4485,4753,10574,17260,11639,26350,14278,39217,18315,32519,12221,12078,25414,35995,25336,53426,657374,330397,65797,13492,308975,38,18,109,60
2021-03-20T23:59:59+01:00,30,28,19185,22485,39351,56893,41785,72276,48018,100493,62493,94434,46891,46009,93160,118950,55906,101814,4476,4745,10565,17248,11611,26333,14235,39180,18233,32444,12062,11917,24771,35220,24573,52337,650890,326676,65348,13303,304160,38,18,109,60
2021-03-19T23:59:59+01:00,29,27,18829,21918,38216,54764,40501,70275,46275,98400,59598,91661,42425,42126,87928,113175,55204,100733,4455,4731,10532,17197,11546,26221,14142,39008,17997,32145,11708,11634,23098,33159,22887,49776,633064,317329,58112,12941,291107,32,18,102,60
2021-03-18T23:59:59+01:00,29,26,18433,21266,37036,52606,38958,67478,44113,93918,55742,85858,38378,38314,83183,107684,54115,99072,4435,4702,10467,17094,11468,26066,13991,38819,17779,31941,11473,11449,21848,31641,21172,47174,616080,309227,52355,12328,267968,29,17,101,59
2021-03-17T23:59:59+01:00,29,25,18008,20912,36311,51685,38188,66521,43028,92557,53942,84020,35690,35513,79146,102842,53167,97592,4412,4675,10404,16998,11394,25932,13877,38630,17579,31747,11234,11220,20599,30222,19580,44770,599330,301693,47932,11617,262103,25,17,99,59
2021-03-16T23:59:59+01:00,28,25,17649,20493,35564,50614,37371,65319,41924,90875,52090,82027,33472,33487,75097,97882,52282,96274,4362,4624,10330,16870,11302,25778,13778,38393,17445,31501,11062,11038,19314,28697,18096,42442,586006,293887,43231,11183,253423,25,13,97,59
2021-03-15T23:59:59+01:00,28,25,17369,20128,34849,49631,36578,64126,41017,89391,50824,80424,31740,31645,71803,93779,51585,95137,4340,4589,10263,16747,11235,25577,13662,38105,17296,31228,10894,10879,18579,27729,16836,40577,574848,288051,39898,10533,245525,25,2,95,59
2021-03-14T23:59:59+01:00,28,24,17099,19700,33992,48416,35674,62802,39954,87562,49560,78691,30570,30406,69802,91214,51140,94460,4316,4570,10218,16670,11178,25434,13602,37883,17205,31064,10821,10791,18399,27448,16574,40014,567719,286848,38011,9398,235557,16,0,91,59
2021-03-13T23:59:59+01:00,28,24,16282,18634,32490,46377,34095,60660,37908,84473,47422,76127,29211,29051,67782,88582,50871,94067,4316,4570,10216,16664,11175,25427,13593,37876,17198,31055,10784,10759,17650,26557,15515,38544,551325,282559,37724,9397,225212,16,0,91,59
2021-03-12T23:59:59+01:00,27,24,15178,17255,30041,43720,31415,57504,35035,79597,44191,71644,26361,25850,63451,83263,49884,92657,4303,4537,10197,16602,11157,25376,13546,37758,17104,30924,10507,10531,16762,25308,14441,37018,523145,276742,36410,9386,207708,13,0,89,58
2021-03-11T23:59:59+01:00,26,24,14132,15783,27784,41020,29089,54303,32440,75192,40424,66731,22941,22355,57414,75913,47942,89808,4262,4497,10117,16483,11044,25151,13428,37447,16938,30619,10199,10317,16125,24461,13767,35740,490923,272719,34814,7942,187731,10,0,87,52
2021-03-10T23:59:59+01:00,26,24,13536,15079,26369,39397,27430,52479,30867,72870,37886,63595,20177,19791,51486,68753,46384,87467,4228,4453,10017,16315,10925,24901,13280,37027,16739,30245,9960,10133,15379,23688,13108,34711,464412,267978,32752,7196,176600,8,0,82,52
2021-03-09T23:59:59+01:00,25,23,13253,14611,25242,38352,26007,51290,29797,71209,36505,61756,18987,18660,47958,64293,45254,85669,4204,4427,9931,16149,10820,24641,13127,36706,16562,30006,9835,10031,14710,22847,12610,33934,450739,264243,30212,6363,168075,8,0,82,50
2021-03-08T23:59:59+01:00,24,23,12921,14002,24160,37239,24731,50150,28857,69723,35265,60130,17901,17774,43822,59292,44023,83678,4189,4391,9870,15950,10718,24378,12994,36347,16433,29741,9751,9947,14211,22238,12294,33493,435221,261047,28199,5970,160427,2,0,81,49
2021-03-07T23:59:59+01:00,24,23,12688,13709,23565,36386,24031,49271,28255,68852,34654,59370,17638,17522,42750,57836,43655,83113,4177,4378,9848,15908,10691,24304,12961,36177,16376,29627,9729,9917,14012,21983,12157,33291,430437,259984,26383,5627,156651,0,0,80,47
2021-03-06T23:59:59+01:00,24,22,12575,13417,23163,35652,23500,48483,27202,67321,33553,57605,17249,17192,42104,56945,43353,82644,4174,4364,9837,15881,10673,24270,12951,36135,16358,29596,9711,9876,13965,21945,12054,33080,426364,259604,26319,5343,149447,0,0,80,45
2021-03-05T23:59:59+01:00,24,22,12162,12813,22480,34446,22815,47248,26446,65686,32313,55179,16595,16355,38633,52626,41191,79196,4147,4317,9767,15781,10621,24121,12882,35939,16271,29389,9614,9806,13778,21728,11682,32468,411139,257897,24850,4492,140360,0,0,80,43
2021-03-04T23:59:59+01:00,22,22,11402,11802,21291,32716,21592,45193,25085,63028,30605,52812,15856,15633,34614,47453,38102,74502,4097,4226,9654,15486,10517,23763,12749,35404,16127,28987,9435,9652,13618,21517,11597,32321,392641,254831,22750,4399,126455,0,0,80,38
2021-03-03T23:59:59+01:00,19,22,11091,11304,20600,31492,20816,43827,24169,61274,29553,51162,15365,15128,31994,44125,35011,69725,4057,4163,9573,15315,10438,23511,12643,34981,15947,28640,9245,9525,13490,21302,11450,32049,377128,252182,21954,4229,117712,0,0,75,35
2021-03-02T23:59:59+01:00,19,22,10828,10876,19953,30519,20097,42803,23381,59883,28572,49878,14730,14478,29307,40747,31113,63495,4009,4091,9511,15149,10369,23245,12539,34548,15846,28332,9119,9422,13352,21113,11373,31904,358873,249774,20432,4228,111507,0,0,74,35
2021-03-01T23:59:59+01:00,15,21,10655,10614,19440,29713,19530,41915,22789,58809,27851,48749,14304,14022,27225,38152,26847,56594,3993,4041,9456,14994,10306,22946,12458,34172,15737,28009,9034,9360,13169,20843,11257,31721,341577,247347,19317,4228,106457,0,0,74,35
2021-02-28T23:59:59+01:00,14,21,10487,10411,18970,29062,18992,41172,22307,57950,27359,47951,14094,13779,26611,37490,26441,55991,3977,4027,9431,14960,10287,22895,12441,34102,15709,27963,9006,9335,13037,20663,11194,31571,339103,246487,18451,4191,101652,0,0,74,34
2021-02-27T23:59:59+01:00,14,20,10308,9896,18642,28193,18732,40379,22022,56964,27027,47153,13815,13477,25939,36683,25518,54570,3965,4015,9409,14939,10255,22847,12402,34020,15663,27889,8984,9320,13018,20641,11171,31551,335177,246127,17727,4042,96549,0,0,74,34
2021-02-26T23:59:59+01:00,13,19,9510,9107,17736,26746,17944,38161,21087,54103,25564,44325,13345,13075,24346,34690,23989,52262,3884,3947,9331,14778,10181,22592,12321,33653,15546,27593,8904,9238,12949,20570,11130,31481,326027,244212,17473,3968,82617,0,0,74,31
2021-02-25T23:59:59+01:00,13,19,8350,8252,16409,25134,16673,35891,19840,51206,23847,41528,12864,12668,23063,33094,22487,49974,3760,3802,9166,14463,9959,21987,12066,32795,15218,26938,8706,9085,12685,20244,10988,31211,318371,240054,16684,3103,66346,0,0,73,29
2021-02-24T23:59:59+01:00,12,18,7984,7727,15750,24094,16044,34652,19125,49687,23046,40321,12463,12331,21749,31587,20805,47346,3688,3735,9025,14170,9781,21531,11863,32168,14955,26399,8564,8946,12542,20071,10923,31000,310089,237272,15705,2170,59033,0,0,73,29
2021-02-23T23:59:59+01:00,12,18,7500,7246,14930,22917,15355,33426,18402,48275,22322,39248,12152,12001,20399,30008,19187,44781,3647,3659,8905,13967,9643,21133,11673,31587,14653,25896,8393,8803,12413,19860,10853,30766,301938,234428,14891,1506,51433,0,0,72,26
2021-02-22T23:59:59+01:00,11,16,7392,7039,14545,22296,15003,32698,17935,47264,21827,38513,11950,11750,19647,28993,17865,42823,3617,3555,8768,13674,9479,20630,11418,30842,14275,25296,8145,8608,12212,19608,10747,30461,296041,231101,14279,316,47330,0,0,70,26
2021-02-21T23:59:59+01:00,11,16,7302,6914,14221,21850,14581,32113,17517,46610,21386,38016,11843,11648,19484,28780,17618,42488,3578,3515,8684,13550,9402,20414,11346,30550,14150,25025,8082,8546,12156,19499,10676,30298,294890,229250,13907,301,43682,0,0,68,26
2021-02-20T23:59:59+01:00,11,16,7185,6864,14095,21770,14465,31977,17398,46459,21226,37834,11744,11563,18699,27856,16546,41000,3575,3509,8674,13542,9391,20393,11331,30525,14137,25014,8077,8537,12091,19434,10620,30229,290588,228860,13709,300,42489,0,0,68,25
2021-02-19T23:59:59+01:00,8,15,6881,6612,13741,21330,14093,31304,16921,45661,20518,36961,11139,11160,17649,26520,15385,39386,3495,3486,8598,13513,9348,20336,11293,30432,14078,24920,8034,8476,11867,19163,10427,29897,284176,227146,13332,299,37852,0,0,65,24
2021-02-18T23:59:59+01:00,8,15,6482,6137,13114,20185,13448,29925,16104,43788,19641,35380,10907,10941,17052,25761,14804,38498,3309,3349,8263,12971,9053,19585,10941,29385,13709,24090,7829,8166,11278,18209,9928,28741,280572,218589,12750,299,28942,0,0,64,23
2021-02-17T23:59:59+01:00,8,14,6316,5792,12666,19304,12954,28733,15402,42062,18992,34052,10677,10688,16292,24945,14027,37307,3060,3189,7922,12455,8751,18795,10571,28339,13313,23238,7594,7928,10719,17353,9488,27920,275886,210417,12017,295,22396,0,0,64,23
2021-02-16T23:59:59+01:00,8,14,5990,5490,12126,18469,12447,27655,14856,40679,18397,33012,10522,10584,15618,24111,13517,36517,2877,3069,7619,12003,8445,18071,10174,27248,12846,22336,7318,7633,9992,16171,8757,26339,272338,200834,11518,139,16224,0,0,62,23
2021-02-15T23:59:59+01:00,8,14,5884,5309,11829,17824,12178,26872,14508,39684,18046,32240,10394,10471,15053,23452,13154,35977,2787,2988,7426,11679,8226,17564,9871,26400,12494,21652,7036,7347,9287,15111,8242,25056,269220,193149,10912,93,12836,0,0,59,22
2021-02-14T23:59:59+01:00,8,14,5615,5194,11578,17552,11953,26435,14273,39236,17853,31963,10349,10419,14817,23111,12987,35583,2737,2950,7312,11513,8097,17358,9695,26068,12315,21349,6940,7223,9065,14727,8054,24519,268211,189906,9973,91,10829,0,0,56,22
2021-02-13T23:59:59+01:00,8,14,5555,5156,11528,17515,11922,26403,14245,39203,17833,31944,10334,10391,14790,23078,12973,35565,2733,2947,7307,11506,8085,17336,9679,26031,12288,21306,6909,7189,8910,14511,7701,23891,267964,188393,9969,11,10598,0,0,55,21
2021-02-12T23:59:59+01:00,8,13,5036,4838,10956,17151,11604,25848,13925,38555,17499,31298,10220,10283,14605,22861,12892,35455,2683,2914,7213,11348,7984,17104,9529,25638,12071,20857,6727,6955,8545,13948,7107,22549,266254,183238,9958,9,6908,0,0,54,21
2021-02-11T23:59:59+01:00,8,13,4571,4536,10365,16469,11190,25042,13444,37290,17004,30435,9902,10018,14322,22411,12609,34765,2510,2638,6613,10152,7296,15363,8662,23017,11016,18768,6068,6237,7489,12320,6284,20207,263008,164707,8309,6,3151,0,0,50,16
2021-02-10T23:59:59+01:00,8,13,4323,4368,10029,16014,10880,24498,13132,36404,16587,29684,9684,9881,14139,22206,12517,34557,2147,2345,5675,8688,6487,13318,7669,20098,9887,16730,5513,5648,6497,10650,5505,18141,260350,145067,7808,5,840,0,0,47,4
2021-02-09T23:59:59+01:00,8,12,4259,4269,9905,15746,10770,24095,12959,35783,16372,29210,9503,9739,13944,21993,12375,34330,1748,1990,4892,7416,5713,11518,6745,17566,8796,14723,4932,5012,5445,9090,4772,16035,257884,126460,7029,1,433,0,0,46,4
2021-02-08T23:59:59+01:00,8,12,4224,4214,9811,15533,10661,23733,12840,35320,16227,28849,9410,9671,13740,21707,12266,34132,1582,1794,4332,6416,5049,9935,5919,15028,7765,12861,4368,4476,4453,7483,4001,13940,255490,109463,6513,1,427,0,0,45,4
2021-02-07T23:59:59+01:00,8,12,4059,4147,9654,15396,10559,23567,12759,35056,16115,28654,9367,9625,13593,21524,12191,33987,1367,1547,3911,5742,4632,9055,5491,13866,7278,11898,4112,4214,4224,7085,3840,13340,254381,101661,5966,1,0,0,0,41,3
2021-02-06T23:59:59+01:00,8,12,4050,4138,9643,15380,10545,23531,12737,35006,16097,28597,9347,9611,13575,21489,12084,33789,1214,1351,3677,5435,4446,8628,5269,13275,6996,11340,3974,4077,4095,6935,3560,12880,254033,97209,5680,1,0,0,0,41,2
2021-02-05T23:59:59+01:00,8,10,3977,4070,9571,15236,10478,23278,12651,34637,15981,28310,9262,9536,13501,21413,11733,33192,1072,1121,3396,4990,4185,8048,4952,12489,6609,10611,3712,3828,3932,6702,3054,11988,252130,90742,4786,0,0,0,0,41,2
2021-02-04T23:59:59+01:00,8,10,3919,3945,9450,14917,10301,22729,12460,33837,15761,27743,9136,9423,13275,21116,11616,32985,806,786,2569,3737,3250,6300,3996,9940,5280,8383,3028,3115,3312,5723,2666,10494,248146,73424,4561,0,0,0,0,36,2
2021-02-03T23:59:59+01:00,8,10,3849,3873,9348,14692,10195,22389,12328,33323,15611,27320,9023,9307,13131,20940,11539,32813,670,618,1940,2822,2515,4865,3019,7640,4041,6317,2209,2244,2421,4241,1935,7869,245391,55397,4384,0,0,0,0,36,2
2021-02-02T23:59:59+01:00,8,10,3781,3777,9248,14498,10095,22008,12185,32755,15404,26866,8893,9190,13007,20727,11455,32545,531,490,1467,2085,1926,3661,2271,5811,3012,4719,1565,1545,1653,2794,1344,5234,242147,40129,4382,0,0,0,0,33,2
2021-02-01T23:59:59+01:00,7,10,3740,3685,9170,14267,9988,21623,12045,32116,15216,26359,8771,9042,12897,20583,11404,32366,395,355,1022,1440,1272,2440,1482,3809,1873,2995,992,989,978,1704,772,3034,238985,25562,4382,0,0,0,0,31,2
2021-01-31T23:59:59+01:00,7,10,3722,3650,9116,14158,9918,21417,11978,31819,15111,26160,8712,8983,12845,20471,11359,32237,365,334,900,1247,1078,2063,1281,3255,1639,2621,891,895,873,1520,701,2726,237485,22397,4265,0,0,0,0,30,2
2021-01-30T23:59:59+01:00,7,10,3721,3647,9106,14145,9904,21394,11965,31799,15099,26146,8708,8978,12776,20402,11291,32159,349,310,840,1163,1021,1939,1217,3065,1564,2484,863,869,854,1480,686,2673,237162,21384,4172,0,0,0,0,30,2
2021-01-29T23:59:59+01:00,7,10,3661,3632,9045,14114,9875,21340,11932,31720,15051,26077,8684,8955,12588,20177,11111,31915,281,226,718,988,877,1576,1059,2671,1351,2157,772,776,804,1425,668,2620,235932,18974,4042,0,0,0,0,27,2
2021-01-28T23:59:59+01:00,7,9,3542,3545,8839,13724,9654,20826,11699,31139,14722,25576,8547,8853,12149,19553,10753,31332,133,58,295,361,383,617,465,1155,613,968,407,431,472,816,382,1584,231120,9143,3431,0,0,0,0,25,1
2021-01-27T23:59:59+01:00,7,9,3311,3410,8545,13306,9352,20202,11313,30304,14324,24835,8326,8638,11594,18741,10324,30562,81,34,204,222,249,418,309,806,434,666,309,313,351,608,287,1162,224362,6455,2817,0,0,0,0,25,1
2021-01-26T23:59:59+01:00,6,9,3145,3312,8263,12966,9088,19632,11005,29545,13918,24196,8083,8414,11004,17818,9672,29404,76,30,189,212,233,384,293,753,403,602,294,287,324,545,260,1032,217587,5919,1969,0,0,0,0,24,1
2021-01-25T23:59:59+01:00,6,9,3056,3218,7980,12483,8797,18928,10617,28539,13432,23428,7791,8211,10374,16998,9211,28500,68,22,168,191,199,326,254,633,351,497,257,242,270,467,211,844,211239,5002,415,0,0,0,0,22,1
2021-01-24T23:59:59+01:00,6,9,3012,3197,7895,12403,8723,18803,10508,28379,13303,23245,7747,8174,10309,16886,9163,28404,67,21,164,187,197,312,251,612,342,483,248,238,268,460,207,829,209930,4888,311,0,0,0,0,22,1
2021-01-23T23:59:59+01:00,6,9,3011,3196,7894,12400,8719,18793,10506,28365,13297,23240,7740,8171,10185,16719,8835,27816,66,21,164,187,196,311,249,612,340,483,248,238,268,460,207,827,208669,4879,309,0,0,0,0,21,1
2021-01-22T23:59:59+01:00,6,9,2949,3150,7770,12287,8636,18651,10395,28191,13215,23125,7709,8135,9986,16415,8314,26790,65,21,163,187,196,311,249,612,339,483,248,238,268,460,207,827,205504,4876,308,0,0,0,0,18,1
2021-01-21T23:59:59+01:00,6,9,2865,2979,7271,11371,8149,17501,9854,26560,12606,21905,7420,7808,9343,15460,7789,25720,59,19,147,173,179,280,221,534,302,443,223,210,236,380,177,693,194385,4278,308,0,0,0,0,16,1
2021-01-20T23:59:59+01:00,6,9,2503,2632,6388,9959,7401,15536,8895,23717,11492,19827,6813,7150,8244,13684,6965,23479,57,19,146,168,176,278,213,520,290,421,211,203,230,355,163,655,174462,4107,304,0,0,0,0,16,1
2021-01-19T23:59:59+01:00,6,9,2062,2276,5485,8569,6538,13634,7871,20923,10209,17582,6048,6266,6853,11481,5935,20413,41,11,97,124,120,172,150,357,191,293,134,115,142,237,114,487,151996,2785,221,0,0,0,0,16,1
2021-01-18T23:59:59+01:00,5,9,1788,1985,4725,7182,5579,11387,6662,17313,8773,14860,5156,5375,5449,9215,4856,16919,22,6,38,46,53,80,66,163,77,146,59,54,67,131,62,220,127193,1290,97,0,0,0,0,16,1
2021-01-17T23:59:59+01:00,4,9,1509,1692,4211,6385,5065,10250,6119,15735,8131,13588,4812,5019,5071,8536,4525,15909,8,2,8,15,16,29,20,51,30,56,23,23,20,31,13,47,116525,391,91,0,0,0,0,15,1
2021-01-16T23:59:59+01:00,4,8,1342,1488,3993,6061,4884,9809,5855,15062,7799,12889,4618,4786,4855,8257,4166,15302,0,0,0,1,1,3,1,1,2,2,0,1,1,0,0,1,111214,13,8,0,0,0,0,14,1
2021-01-15T23:59:59+01:00,4,8,1191,1262,3739,5637,4629,9242,5563,14217,7387,12088,4321,4488,4667,7948,3630,14254,0,0,0,0,0,0,0,0,1,0,0,0,0,0,0,0,104311,0,4,0,0,0,0,14,1
2021-01-14T23:59:59+01:00,3,5,916,949,2988,4447,3762,7412,4612,11455,5974,9725,3506,3607,3915,6705,3141,12418,0,0,0,0,0,0,0,0,1,0,0,0,0,0,0,0,85569,0,0,0,0,0,0,14,1
2021-01-13T23:59:59+01:00,3,4,779,795,2514,3715,3177,6181,3836,9500,4872,7830,2624,2688,2960,5109,2406,9500,0,0,0,0,0,0,0,0,1,0,0,0,0,0,0,0,68517,0,0,0,0,0,0,13,1
2021-01-12T23:59:59+01:00,2,4,647,664,2104,3046,2617,5026,3074,7646,3842,6146,1887,1864,2031,3468,1706,6496,0,0,0,0,0,0,0,0,1,0,0,0,0,0,0,0,52299,0,0,0,0,0,0,1,1
2021-01-11T23:59:59+01:00,1,1,499,527,1752,2466,2101,4015,2375,5807,2854,4462,1214,1153,1215,2035,941,3696,0,0,0,0,0,0,0,0,1,0,0,0,0,0,0,0,37136,0,0,0,0,0,0,1,1
2021-01-10T23:59:59+01:00,1,1,441,457,1490,2038,1757,3288,1964,4819,2370,3732,1068,1024,1069,1787,840,3241,0,0,0,0,0,0,0,0,1,0,0,0,0,0,0,0,31400,0,0,0,0,0,0,1,1
2021-01-09T23:59:59+01:00,1,1,410,412,1365,1860,1611,2996,1810,4370,2183,3400,992,952,1008,1732,822,3198,0,0,0,0,0,0,0,0,1,0,0,0,0,0,0,0,29134,0,0,0,0,0,0,1,1
2021-01-08T23:59:59+01:00,1,1,312,282,1113,1510,1331,2323,1485,3577,1805,2780,856,843,920,1609,774,3042,0,0,0,0,0,0,0,0,1,0,0,0,0,0,0,0,24573,0,0,0,0,0,0,1,1
2021-01-07T23:59:59+01:00,1,0,146,76,401,509,491,801,599,1382,785,1216,474,489,570,970,472,1926,0,0,0,0,0,0,0,0,1,0,0,0,0,0,0,0,11311,0,0,0,0,0,0,0,1
2021-01-06T23:59:59+01:00,1,0,111,44,270,285,318,523,402,937,534,836,366,368,433,754,365,1459,0,0,0,0,0,0,0,0,1,0,0,0,0,0,0,0,8009,0,0,0,0,0,0,0,1
2021-01-05T23:59:59+01:00,1,0,87,31,191,230,251,437,323,826,451,714,349,352,416,721,358,1405,0,0,0,0,0,0,0,0,1,0,0,0,0,0,0,0,7146,0,0,0,0,0,0,0,1
2021-01-04T23:59:59+01:00,1,0,69,25,174,193,208,342,259,642,356,515,273,259,296,523,241,946,0,0,0,0,0,0,0,0,1,0,0,0,0,0,0,0,5324,0,0,0,0,0,0,0,1
2021-01-03T23:59:59+01:00,1,0,67,21,167,188,203,325,257,627,347,498,265,257,292,510,239,929,0,0,0,0,0,0,0,0,1,0,0,0,0,0,0,0,5195,0,0,0,0,0,0,0,1
2021-01-02T23:59:59+01:00,1,0,67,21,167,188,203,325,254,627,344,498,265,257,292,510,239,928,0,0,0,0,0,0,0,0,1,0,0,0,0,0,0,0,5188,0,0,0,0,0,0,0,1
2021-01-01T23:59:59+01:00,1,0,66,21,166,188,203,324,253,627,341,496,265,257,292,509,239,928,0,0,0,0,0,0,0,0,1,0,0,0,0,0,0,0,5178,0,0,0,0,0,0,0,1
2020-12-31T23:59:59+01:00,1,0,66,21,166,186,203,323,252,626,340,495,265,257,292,509,239,928,0,0,0,0,0,0,0,0,1,0,0,0,0,0,0,0,5171,0,0,0,0,0,0,0,1
2020-12-30T23:59:59+01:00,1,0,65,21,166,185,201,320,252,624,340,493,265,257,292,509,238,928,0,0,0,0,0,0,0,0,1,0,0,0,0,0,0,0,5159,0,0,0,0,0,0,0,1
2020-12-29T23:59:59+01:00,1,0,46,12,118,140,152,216,184,450,240,379,182,167,202,379,176,725,0,0,0,0,0,0,0,0,1,0,0,0,0,0,0,0,3770,0,0,0,0,0,0,0,1
2020-12-28T23:59:59+01:00,1,0,25,8,64,77,88,122,102,256,119,233,99,94,105,201,103,388,0,0,0,0,0,0,0,0,1,0,0,0,0,0,0,0,2086,0,0,0,0,0,0,0,1
2020-12-27T23:59:59+01:00,0,0,12,3,17,26,40,47,36,90,38,95,32,29,42,73,32,145,0,0,0,0,0,0,0,0,0,0,0,0,0,0,0,0,757,0,0,0,0,0,0,0,0
