Datum,<24_1_m,<24_1_w,25-34_1_m,25-34_1_w,35-44_1_m,35-44_1_w,45-54_1_m,45-54_1_w,55-64_1_m,55-64_1_w,65-74_1_m,65-74_1_w,75-84_1_m,75-84_1_w,>84_1_m,>84_1_w,<24_2_m,<24_2_w,25-34_2_m,25-34_2_w,35-44_2_m,35-44_2_w,45-54_2_m,45-54_2_w,55-64_2_m,55-64_2_w,65-74_2_m,65-74_2_w,75-84_2_m,75-84_2_w,>84_2_m,>84_2_w,bp_1,bp_2,mo_1,mo_2,az_1,az_2,ja
2021-05-07T23:59:59+02:00,45350,49309,87025,100341,101896,133224,153090,200952,256389,278737,272450,307476,206019,266423,54739,103656,13844,14140,23946,30932,26756,44773,36566,64716,50439,61427,67595,73302,131057,170584,47339,89312,1689421,805711,218906,112980,704542,23721,4393
2021-05-06T23:59:59+02:00,42749,47512,82575,97038,96303,128763,142370,191845,242597,266261,268368,302846,205030,265117,54616,103440,13298,13645,23218,30058,25935,43649,35371,63131,48853,59662,65140,70181,129373,168395,47250,89132,1629300,795273,209871,110134,694818,17334,3627
2021-05-05T23:59:59+02:00,40772,46267,79137,94639,91919,125232,133829,184745,228949,252993,263197,296726,203740,263505,54438,103042,13056,13389,22762,29474,25408,42905,34525,61967,47753,58378,62445,66978,126989,165336,47176,88952,1565280,783953,206301,106670,689140,14352,2595
2021-05-04T23:59:59+02:00,39594,45092,76579,92543,88544,122321,128003,179714,218556,242714,258766,291432,202557,262004,54281,102677,12880,13158,22398,28954,24967,42172,33816,60883,46619,57071,59663,63732,125021,162882,47064,88764,1518022,772597,202358,104132,683202,11412,1980
2021-05-03T23:59:59+02:00,38651,43978,74311,90785,85768,120079,123331,175889,212251,236868,256040,288167,201923,261102,54191,102455,12667,12911,22082,28459,24553,41533,33206,59982,45611,55975,56564,59854,121852,158816,46862,88402,1487253,757151,199277,102495,678382,8699,1061
2021-05-02T23:59:59+02:00,38254,43598,73115,89942,84341,119032,120779,173923,209443,234555,255281,287265,201706,260768,54141,102384,12589,12843,21899,28251,24332,41247,32881,59590,45130,55445,54813,57843,119530,155921,46791,88299,1477325,752296,196557,97113,674617,7860,212
2021-05-01T23:59:59+02:00,37879,43179,72328,89119,83257,117992,119287,172510,206417,231557,254700,286558,201531,260516,54132,102355,12571,12828,21851,28223,24277,41210,32815,59535,45050,55361,54561,57530,119397,155763,46783,88284,1462395,751013,196555,97076,674343,7819,208
2021-04-30T23:59:59+02:00,37241,42471,71121,87889,81781,116289,114846,168446,199622,224758,253057,284590,201141,259997,54083,102267,12208,12616,21530,27951,24014,40780,32507,58962,44571,54757,53594,56268,118592,154759,46742,88191,1429939,747437,196233,95109,673558,5520,53
2021-04-29T23:59:59+02:00,35552,41400,68210,85899,78262,113695,109362,164037,186465,212503,246604,277146,200210,258662,53991,101989,11879,12368,21066,27521,23618,40285,31921,58239,43764,53819,51651,53926,117028,152860,46659,88027,1376149,738887,189595,92478,668391,3307,36
2021-04-28T23:59:59+02:00,34173,40711,66374,84582,75794,111867,105849,161070,176228,202529,236890,265819,199142,257256,53841,101745,11685,12186,20779,27185,23287,39834,31517,57593,43032,52997,49469,51219,114900,150176,46564,87856,1324604,729969,186298,88267,663131,2099,21
2021-04-27T23:59:59+02:00,33302,39911,64813,83124,73854,110112,103033,158640,171485,197583,228949,256624,198255,255959,53755,101596,11554,12058,20502,26907,23073,39514,31150,57102,42334,52248,47283,48486,112641,147237,46475,87700,1291733,720561,184027,84328,655399,1432,20
2021-04-26T23:59:59+02:00,32793,39461,63719,82257,72386,108960,100571,156820,162541,188998,225522,252618,197706,255153,53689,101451,11454,11963,20308,26741,22847,39310,30852,56771,41679,51608,45342,46132,111057,145137,46400,87576,1263371,712836,182604,81335,648836,1065,18
2021-04-25T23:59:59+02:00,32492,39181,62927,81734,71325,108220,98786,155568,155991,182644,222711,249394,197191,254504,53642,101360,11396,11923,20237,26675,22765,39228,30752,56654,41515,51439,44875,45560,110472,144352,46381,87523,1250983,711262,176508,79604,640344,940,18
2021-04-24T23:59:59+02:00,32077,38665,61983,80521,70158,106772,97186,153894,150715,177060,220489,246675,196809,253947,53612,101319,11382,11906,20192,26632,22716,39169,30665,56568,41362,51284,44622,45249,110255,144096,46364,87496,1226477,710208,176488,78913,639083,897,17
2021-04-23T23:59:59+02:00,31203,37929,60413,79005,68406,104731,94453,151197,145779,172336,216498,241757,196229,253114,53565,101219,11329,11844,20077,26549,22583,39016,30427,56357,40998,50939,43945,44428,109272,142888,46241,87285,1202026,706906,175327,76487,630646,846,16
2021-04-22T23:59:59+02:00,30480,37220,58851,77551,65926,102476,89877,147365,137840,164559,208165,231558,194566,250957,53409,100911,11191,11719,19845,26278,22246,38605,29920,55865,40245,50311,42724,43035,107435,140574,46071,86985,1161354,699618,168124,72756,622397,736,16
2021-04-21T23:59:59+02:00,29919,36643,57485,76414,64051,100878,86724,144599,130158,157020,195924,217164,192842,248611,53222,100571,11059,11619,19616,26043,21974,38287,29567,55425,39701,49792,41793,41918,105379,137919,45881,86655,1111009,693264,165261,68749,616119,675,16
2021-04-20T23:59:59+02:00,29421,36101,56315,75282,62385,99264,84063,141948,124699,151421,185088,204398,190870,246102,53037,100232,10950,11526,19403,25850,21695,38019,29155,54999,39185,49298,40920,40845,103269,135117,45630,86226,1069544,686013,161815,65534,609430,601,15
2021-04-19T23:59:59+02:00,29029,35692,55340,74471,61102,98084,81848,139929,121009,147813,179668,197843,189447,244247,52901,99976,10818,11421,19193,25639,21453,37754,28835,54602,38691,48781,40062,39845,100357,131322,45325,85654,1045586,676069,160010,63177,602966,567,15
2021-04-18T23:59:59+02:00,28677,35397,54562,73926,59958,97129,79871,138453,117608,145239,174971,192695,188635,243210,52835,99848,10735,11333,19003,25469,21287,37594,28624,54334,38448,48548,39690,39410,99208,129844,45189,85432,1031988,672386,158455,61265,592734,558,15
2021-04-17T23:59:59+02:00,28558,35305,54165,73724,59468,96781,79204,137834,116552,144206,170999,188097,188183,242624,52809,99794,10679,11257,18869,25285,21094,37372,28392,54042,38195,48303,39379,39055,98487,128966,45141,85366,1021325,668453,158435,60952,588706,538,15
2021-04-16T23:59:59+02:00,28126,35005,53159,73108,58205,95894,77508,136435,112154,139728,163829,179730,186823,240798,52724,99638,10449,11055,18474,24879,20537,36807,27237,53103,36150,46690,36153,36166,95608,125723,44827,84847,996017,654025,157682,54229,579328,512,15
2021-04-15T23:59:59+02:00,27577,34482,51869,71912,56207,94123,74099,133435,106363,134026,156225,170959,182889,235757,52495,99159,10257,10861,18101,24441,20049,36178,26527,52275,34749,45446,34013,34083,92720,122149,44441,84170,964409,641364,155636,48698,561693,459,15
2021-04-14T23:59:59+02:00,27178,34100,50970,71000,54860,92746,71695,131228,102016,129869,147111,160546,176031,226907,52240,98645,9802,10549,17653,23943,19521,35549,25569,51363,33505,44346,31849,31799,90003,118752,44064,83490,927290,626940,153093,44515,546919,364,14
2021-04-13T23:59:59+02:00,26901,33843,50266,70448,53947,91930,69971,129754,97647,125728,135639,147607,170487,219627,51976,98195,9540,10347,17316,23529,19108,35023,24888,50566,32461,43346,30454,30403,88039,116571,43798,83052,894771,618106,148621,40154,530734,243,14
2021-04-12T23:59:59+02:00,26666,33614,49711,69937,53102,91204,68446,128405,94741,123044,128418,139401,168065,216597,51756,97793,9284,10136,16977,23243,18762,34580,24416,50042,31774,42713,28898,28810,86499,114717,43544,82639,878751,609941,147116,36920,515192,233,14
2021-04-11T23:59:59+02:00,26452,33433,49200,69531,52390,90744,67263,127571,92672,121305,122151,132550,165431,213388,51634,97572,9137,9988,16692,22967,18475,34282,24065,49669,31381,42355,28232,28114,85549,113546,43387,82392,871579,604915,142749,35156,499119,220,13
2021-04-10T23:59:59+02:00,26373,33365,49047,69407,52184,90590,66931,127291,92097,120774,119651,129516,164540,212186,51597,97482,8465,9308,15797,22211,17534,33427,22910,48618,30344,41419,27559,27389,83530,110992,43163,82010,864655,589724,141908,34796,496627,216,13
2021-04-09T23:59:59+02:00,26082,33079,48575,68929,51539,89904,65876,126102,90042,118536,110605,118232,161882,208700,51435,97195,7384,8303,14268,20855,15790,31866,20686,46609,28307,39513,25725,25542,80185,106917,42736,81332,845513,562563,134904,33313,486455,202,13
2021-04-08T23:59:59+02:00,25768,32812,48000,68431,50807,89201,64506,124989,87419,116012,100094,105964,157112,202770,51171,96716,6636,7638,13091,19819,14525,30510,18985,44871,25809,37164,22767,22538,75682,101351,41869,79942,827138,531669,126089,31404,468707,185,10
2021-04-07T23:59:59+02:00,25403,32550,47203,67992,49908,88596,63008,123932,83893,113132,90922,95530,151015,195058,50928,96240,6220,7269,12420,19137,13715,29694,17932,43777,23825,35193,20250,20034,71889,96674,41087,78633,807132,508682,120535,28968,447805,160,10
2021-04-06T23:59:59+02:00,25149,32366,46701,67618,49352,88078,61898,123120,81553,111058,82683,86111,145681,188304,50658,95710,6004,7090,12067,18789,13381,29251,17371,43201,22950,34417,19126,18949,68709,92532,40370,77526,788248,495578,117348,26068,430606,149,9
2021-04-05T23:59:59+02:00,25032,32226,46398,67275,48970,87672,61315,122403,80201,109748,77712,80411,141522,183111,50483,95443,5852,6932,11790,18541,13097,28941,17048,42832,22519,33969,18654,18446,65752,88865,39886,76731,778986,486431,115562,23339,415533,146,9
2021-04-04T23:59:59+02:00,24985,32158,46272,66997,48796,87359,61043,121891,79636,109090,76270,78653,140921,182275,50455,95376,5849,6923,11777,18533,13086,28926,17033,42813,22381,33880,18267,18096,64281,86970,39754,76528,776494,481682,115465,23338,410377,138,9
2021-04-03T23:59:59+02:00,24914,32074,46152,66885,48640,87186,60696,121550,79094,108498,74804,76897,139974,180942,50387,95255,5841,6914,11761,18518,13065,28904,16996,42768,22277,33798,18124,17950,63927,86397,39692,76417,770227,479934,115427,23338,408453,138,9
2021-04-02T23:59:59+02:00,24830,31982,45991,66722,48410,86928,60188,121077,78207,107643,73067,74742,137956,178299,50235,94971,5821,6877,11719,18478,13013,28825,16900,42590,22003,33339,17768,17605,61489,83380,39058,75526,761196,471608,113660,22707,406551,138,8
2021-04-01T23:59:59+02:00,24595,31720,45569,66218,47770,86176,59301,120126,76295,105963,69111,70409,134725,174155,49989,94518,5645,6692,11467,18242,12795,28607,16582,42278,21495,32890,16924,16828,56541,77110,37736,73553,749654,453982,107657,21342,399486,123,8
2021-03-31T23:59:59+02:00,24246,31461,45164,65705,47297,85541,58557,119132,75127,104733,66800,67712,130373,168532,49658,93926,5562,6636,11364,18117,12647,28463,16324,41983,20882,32374,15753,15913,51271,70471,36650,71989,740052,435938,100607,20403,393461,120,8
2021-03-30T23:59:59+02:00,24055,31196,44764,65085,46807,84742,57832,118044,73990,103372,64696,65395,126332,163127,49288,93173,5492,6542,11260,17998,12450,28284,15989,41651,20315,31815,14901,15104,48461,66923,35768,70478,729955,424327,96426,19072,385671,93,8
2021-03-29T23:59:59+02:00,23831,30912,44322,64551,46356,84050,57099,116932,72739,101956,61691,61868,120260,155313,48673,92023,5397,6472,11174,17898,12293,28123,15749,41319,19850,31353,14254,14557,45734,63693,34915,69004,709660,413316,93048,18452,380022,78,8
2021-03-28T23:59:59+02:00,23585,30567,43829,63869,45855,83317,56415,115930,71805,100849,59775,59677,116298,150167,48314,91402,5338,6404,11030,17754,12041,27819,15580,41101,19685,31127,14010,14322,44612,62198,34664,68603,703277,409101,85781,17187,372750,61,8
2021-03-27T23:59:59+01:00,23448,30377,43546,63509,45483,82786,55912,115245,71078,100107,58661,58584,114919,148571,48265,91340,5325,6392,11000,17733,12023,27789,15177,40611,19321,30737,13730,14126,44020,61322,34318,67996,698091,405098,85086,16536,368807,47,8
2021-03-26T23:59:59+01:00,23160,29711,42710,61842,44533,80718,54533,112068,69087,96786,56529,56603,112451,145559,48013,90926,5306,6355,10979,17683,11954,27697,15094,40503,18957,30111,13255,13516,40505,56860,32804,65449,686894,390723,81795,16322,356691,44,8
2021-03-25T23:59:59+01:00,22710,28897,41815,60057,43466,78147,52977,108474,66756,93268,53849,53906,109429,141814,47570,90128,5256,6294,10887,17578,11837,27560,14918,40273,18669,29808,12753,12998,36113,50998,30573,62005,675591,372814,77645,15728,340178,40,7
2021-03-24T23:59:59+01:00,22243,28368,41068,58815,42485,76627,51541,106534,64709,91015,50963,50887,105485,136969,47059,89231,5196,6224,10791,17436,11671,27360,14682,39967,18312,29421,12302,12544,33027,47009,28106,58113,662987,357562,72798,14628,328370,38,2
2021-03-23T23:59:59+01:00,21969,27989,40491,57927,41798,75535,50483,104992,63066,89192,48656,48438,102863,133996,46628,88527,5134,6151,10693,17305,11528,27181,14427,39651,17902,29019,11790,12065,30097,43141,25094,53167,655071,340334,69508,14041,318127,37,1
2021-03-22T23:59:59+01:00,21687,27511,39874,57057,41161,74503,49546,103573,61624,87599,46805,46542,100633,131380,46264,87892,5066,6098,10620,17180,11399,27024,14267,39423,17667,28709,11497,11710,27746,40061,21784,47681,648935,324470,66733,13494,308139,35,0
2021-03-21T23:59:59+01:00,21526,27183,39374,56311,40637,73650,48894,102420,60691,86430,45730,45493,99090,129606,45966,87403,5051,6089,10585,17131,11354,26938,14215,39334,17586,28608,11376,11590,27311,39573,21491,47209,646445,322378,64720,13095,299392,35,0
2021-03-20T23:59:59+01:00,21457,27000,39164,55796,40396,73123,48577,101754,60244,85857,45019,44675,96595,126451,45723,86974,5043,6082,10574,17121,11327,26922,14170,39294,17492,28524,11216,11427,26592,38707,20838,46238,640040,318694,64278,12905,294639,35,0
2021-03-19T23:59:59+01:00,21037,26273,38008,53731,39129,71141,46745,99614,57287,83093,40551,40780,91724,120933,45169,86090,5022,6069,10545,17063,11265,26817,14081,39122,17244,28222,10880,11161,24632,36273,19492,44099,622444,309481,57099,12540,281912,33,0
2021-03-18T23:59:59+01:00,20583,25453,36770,51591,37600,68241,44485,94970,53448,77645,36558,36976,87218,115653,44308,84721,4996,6032,10480,16963,11188,26666,13931,38927,17027,28040,10641,10976,23123,34346,18094,41957,605707,301486,51376,11936,259285,31,0
2021-03-17T23:59:59+01:00,20108,25043,36055,50671,36830,67290,43363,93534,51645,75863,33746,34018,83447,111003,43530,83502,4967,6002,10422,16868,11118,26528,13816,38742,16813,27853,10425,10756,21674,32642,16786,39930,589229,294142,47023,11236,253543,28,0
2021-03-16T23:59:59+01:00,19700,24548,35295,49606,36041,66083,42186,91847,49802,73919,31528,31933,79628,106229,42816,82414,4913,5945,10352,16742,11029,26372,13720,38504,16669,27626,10261,10577,20181,30850,15567,37942,576280,286481,42348,10805,245091,28,0
2021-03-15T23:59:59+01:00,19384,24117,34601,48647,35288,64852,41275,90375,48558,72375,29785,30042,76408,102197,42284,81472,4889,5902,10292,16618,10963,26176,13607,38219,16524,27374,10095,10421,19283,29666,14541,36353,565377,280800,39036,10161,237388,26,0
2021-03-14T23:59:59+01:00,19080,23595,33726,47451,34437,63548,40202,88495,47394,70768,28600,28801,74471,99675,41942,80922,4864,5879,10242,16538,10907,26028,13553,37998,16437,27234,10020,10339,19110,29377,14301,35834,558393,279679,37176,9028,227677,18,0
2021-03-13T23:59:59+01:00,18169,22478,32281,45624,32956,61589,38164,85561,45433,68565,27348,27505,72497,97094,41764,80648,4863,5878,10237,16533,10899,26018,13544,37987,16432,27224,9972,10298,18240,28309,13398,34587,542106,275438,36895,9027,218807,18,0
2021-03-12T23:59:59+01:00,16891,20875,29791,42977,30367,58370,35200,80518,42336,64420,24572,24384,68246,91797,41030,79554,4852,5842,10217,16474,10879,25961,13502,37872,16332,27072,9706,10098,17200,26852,12518,33305,514301,269709,35591,9017,201567,17,0
2021-03-11T23:59:59+01:00,15734,19162,27583,40388,28122,55142,32530,76050,38662,59777,21208,20905,62260,84401,39511,77263,4804,5798,10142,16356,10768,25719,13378,37556,16159,26796,9410,9881,16525,25947,11922,32126,482480,265751,34013,7584,182330,13,0
2021-03-10T23:59:59+01:00,15060,18327,26117,38791,26535,53319,30937,73646,36067,56714,18528,18393,56315,77095,38312,75416,4760,5741,10047,16189,10658,25461,13228,37140,15957,26468,9182,9699,15702,25063,11374,31230,456263,261058,31983,6889,171450,13,0
2021-03-09T23:59:59+01:00,14734,17767,24927,37770,25204,52116,29862,71951,34707,54974,17370,17315,52762,72518,37416,73915,4729,5704,9964,16015,10548,25207,13066,36822,15801,26255,9054,9594,14980,24147,10963,30562,442828,257403,29472,6058,163124,11,0
2021-03-08T23:59:59+01:00,14355,17079,23785,36706,24020,50971,28932,70452,33498,53436,16307,16474,48532,67276,36455,72318,4713,5651,9899,15816,10446,24950,12928,36463,15683,26026,8983,9505,14434,23492,10715,30193,427475,254283,27528,5671,155707,4,0
2021-03-07T23:59:59+01:00,14097,16722,23190,35876,23327,50095,28362,69588,32952,52772,16056,16232,47404,65738,36193,71889,4699,5636,9879,15775,10419,24863,12895,36291,15627,25934,8962,9471,14219,23211,10603,30027,422806,253239,25721,5332,152078,0,0
2021-03-06T23:59:59+01:00,13961,16359,22760,35165,22811,49282,27261,67967,31896,51130,15750,15996,46691,64723,35986,71566,4696,5616,9867,15754,10404,24829,12885,36249,15609,25903,8942,9434,14172,23170,10505,29823,418774,252867,25658,5051,144984,0,0
2021-03-05T23:59:59+01:00,13498,15652,22081,34017,22157,48012,26483,66304,30678,48802,15134,15246,42785,59786,34379,68829,4667,5556,9799,15657,10350,24681,12819,36056,15526,25705,8852,9380,13963,22940,10157,29229,403659,251180,24216,4217,136075,0,0
2021-03-04T23:59:59+01:00,12721,14520,20918,32344,20998,45971,25109,63577,29083,46757,14424,14533,38167,53691,32075,65242,4616,5452,9692,15365,10258,24319,12694,35538,15390,25361,8709,9251,13812,22732,10092,29098,385304,248312,22148,4126,122784,0,0
2021-03-03T23:59:59+01:00,12388,13960,20242,31166,20252,44624,24206,61854,28126,45286,13963,14062,35043,49575,29616,61385,4572,5377,9609,15186,10178,24068,12586,35106,15199,25053,8557,9132,13679,22505,9961,28847,370041,245708,21382,3966,114427,0,0
2021-03-02T23:59:59+01:00,12112,13465,19613,30224,19553,43606,23415,60463,27207,44087,13342,13457,31837,45383,26395,56129,4518,5296,9547,15023,10112,23794,12490,34681,15098,24775,8439,9037,13536,22312,9897,28718,352049,243366,19933,3965,108405,0,0
2021-03-01T23:59:59+01:00,11918,13139,19124,29422,19016,42783,22840,59401,26537,43030,12946,13033,29199,42002,22800,50168,4496,5240,9497,14866,10044,23512,12413,34283,15005,24514,8363,8983,13340,22015,9806,28573,335028,241042,18874,3965,103553,0,0
2021-02-28T23:59:59+01:00,11743,12910,18670,28796,18538,42024,22368,58575,26082,42301,12752,12829,28582,41291,22464,49655,4477,5225,9477,14834,10024,23465,12398,34218,14981,24479,8340,8961,13199,21811,9757,28455,332660,240227,18023,3931,98993,0,0
2021-02-27T23:59:59+01:00,11520,12268,18354,27996,18283,41250,22078,57545,25741,41567,12475,12535,27793,40335,21679,48392,4466,5212,9453,14814,9992,23403,12358,34144,14942,24414,8322,8945,13187,21796,9756,28451,328627,239881,17303,3831,93975,0,0
2021-02-26T23:59:59+01:00,10668,11361,17526,26569,17525,38990,21160,54666,24301,39025,12126,12258,25939,38004,20465,46469,4375,5127,9378,14660,9922,23134,12274,33770,14826,24161,8247,8874,13121,21716,9722,28396,319649,238001,17050,3758,80445,0,0
2021-02-25T23:59:59+01:00,9521,10404,16298,24986,16330,36711,19912,51684,22692,36533,11738,11974,24445,36072,19247,44592,4263,4969,9233,14350,9735,22508,12023,32933,14528,23610,8074,8736,12862,21377,9605,28175,312106,234055,16282,2982,64842,0,0
2021-02-24T23:59:59+01:00,9086,9791,15670,23958,15724,35453,19178,50159,21936,35499,11387,11664,22934,34245,17848,42370,4199,4872,9101,14073,9560,22043,11835,32308,14276,23129,7950,8610,12728,21201,9548,27984,304001,231359,15322,2112,57668,0,0
2021-02-23T23:59:59+01:00,8532,9203,14866,22811,15070,34212,18429,48756,21256,34549,11122,11366,21343,32343,16521,40181,4156,4786,8974,13847,9422,21624,11643,31740,13969,22685,7805,8471,12610,20990,9486,27767,295943,228566,14525,1463,50180,0,0
2021-02-22T23:59:59+01:00,8394,8955,14489,22207,14726,33496,17973,47745,20798,33902,10946,11128,20411,31092,15440,38520,4122,4661,8827,13543,9251,21099,11378,30996,13592,22142,7594,8293,12413,20736,9399,27483,290171,225289,13919,293,46219,0,0
2021-02-21T23:59:59+01:00,8288,8779,14151,21770,14316,32919,17556,47065,20395,33481,10847,11039,20243,30866,15215,38210,4074,4607,8748,13412,9174,20880,11306,30702,13480,21895,7533,8242,12350,20624,9338,27333,289045,223470,13552,280,42629,0,0
2021-02-20T23:59:59+01:00,8154,8723,14035,21685,14202,32796,17433,46893,20240,33320,10741,10952,19349,29774,14298,36940,4071,4601,8739,13404,9163,20860,11291,30676,13467,21889,7529,8234,12278,20547,9295,27284,284817,223101,13356,279,41448,0,0
2021-02-19T23:59:59+01:00,7816,8438,13691,21238,13827,32107,16959,46097,19526,32479,10213,10622,18140,28229,13342,35579,3979,4576,8673,13377,9120,20796,11259,30583,13402,21804,7487,8178,12033,20234,9129,26997,278542,221400,12981,279,36862,0,0
2021-02-18T23:59:59+01:00,7363,7836,13067,20128,13196,30704,16125,44158,18684,31076,10041,10441,17484,27398,12848,34801,3772,4391,8337,12833,8830,20031,10913,29532,13053,21079,7286,7866,11405,19204,8706,25979,274992,212989,12408,279,28030,0,0
2021-02-17T23:59:59+01:00,7172,7410,12632,19271,12705,29493,15435,42399,18089,29962,9838,10221,16620,26443,12202,33770,3494,4176,8001,12340,8548,19210,10535,28466,12687,20353,7062,7634,10796,18274,8337,25273,270305,204956,11678,278,21757,0,0
2021-02-16T23:59:59+01:00,6779,7034,12133,18435,12227,28402,14911,41090,17545,29084,9697,10119,15892,25527,11779,33090,3285,4024,7698,11874,8239,18463,10130,27356,12249,19557,6804,7330,10019,17008,7702,23875,266753,195535,11183,126,15884,0,0
2021-02-15T23:59:59+01:00,6657,6796,11845,17813,11959,27610,14554,40099,17219,28400,9579,10018,15274,24806,11497,32633,3186,3921,7512,11555,8030,17957,9824,26516,11906,18920,6530,7055,9282,15850,7252,22746,263672,188008,10582,82,12581,0,0
2021-02-14T23:59:59+01:00,6365,6656,11606,17535,11739,27165,14323,39653,17034,28161,9537,9969,15022,24436,11356,32279,3131,3875,7398,11390,7897,17753,9653,26169,11735,18647,6423,6924,9061,15447,7090,22252,262676,184810,9648,82,10586,0,0
2021-02-13T23:59:59+01:00,6294,6610,11565,17504,11708,27133,14299,39625,17016,28139,9524,9945,14993,24409,11349,32264,3126,3871,7391,11386,7887,17733,9636,26134,11706,18606,6400,6892,8896,15215,6753,21651,262443,183324,9648,6,10360,0,0
2021-02-12T23:59:59+01:00,5700,6248,11046,17133,11403,26585,13978,38961,16701,27543,9424,9871,14800,24184,11287,32172,3070,3824,7298,11233,7782,17484,9480,25745,11496,18166,6219,6671,8512,14610,6203,20389,260758,178224,9638,5,6713,0,0
2021-02-11T23:59:59+01:00,5170,5883,10496,16473,10997,25744,13497,37726,16239,26771,9137,9626,14517,23732,11033,31525,2873,3453,6666,10026,7114,15699,8611,23088,10467,16320,5609,5997,7429,12835,5497,18316,257618,160040,8000,3,3020,0,0
2021-02-10T23:59:59+01:00,4900,5677,10156,16032,10705,25214,13176,36835,15860,26128,8951,9500,14345,23523,10946,31333,2457,3065,5757,8591,6329,13616,7637,20218,9445,14592,5099,5427,6387,11081,4839,16452,254992,141026,7544,2,817,0,0
2021-02-09T23:59:59+01:00,4826,5553,10037,15760,10599,24804,12999,36193,15650,25706,8781,9373,14144,23311,10828,31131,2021,2608,4968,7335,5562,11786,6747,17689,8404,12867,4550,4793,5307,9413,4217,14598,252578,122895,6768,2,420,0,0
2021-02-08T23:59:59+01:00,4785,5486,9949,15539,10489,24442,12884,35703,15519,25412,8694,9313,13925,22995,10744,30979,1821,2338,4420,6367,4928,10168,5937,15180,7429,11272,4049,4279,4285,7742,3566,12737,250254,106543,6256,2,417,0,0
2021-02-07T23:59:59+01:00,4597,5410,9811,15404,10388,24264,12799,35434,15418,25244,8660,9269,13770,22786,10685,30868,1576,2025,4001,5709,4529,9262,5505,14021,6976,10416,3814,4034,4058,7336,3428,12188,249162,98900,5712,2,0,0,0
2021-02-06T23:59:59+01:00,4588,5396,9800,15389,10374,24224,12779,35383,15400,25193,8642,9252,13748,22753,10585,30674,1394,1781,3777,5434,4350,8808,5283,13419,6698,9900,3696,3930,3935,7180,3157,11746,248818,94509,5429,2,0,0,0
2021-02-05T23:59:59+01:00,4506,5312,9732,15250,10309,23955,12688,35008,15287,24937,8567,9186,13677,22673,10241,30088,1229,1496,3494,5007,4095,8216,4981,12637,6313,9235,3461,3711,3782,6955,2682,10923,246943,88238,4538,0,0,0,0
2021-02-04T23:59:59+01:00,4440,5161,9605,14926,10145,23378,12488,34204,15078,24456,8452,9080,13445,22364,10147,29917,908,1052,2644,3745,3188,6431,3998,10032,5025,7276,2841,3041,3191,5931,2337,9545,243035,71202,4316,0,0,0,0
2021-02-03T23:59:59+01:00,4362,5065,9489,14704,10040,23005,12351,33671,14926,24074,8347,8960,13286,22159,10078,29705,748,823,1995,2838,2462,4980,3061,7705,3823,5520,2063,2205,2346,4446,1711,7192,240137,53930,4150,0,0,0,0
2021-02-02T23:59:59+01:00,4291,4958,9387,14495,9938,22604,12200,33092,14727,23669,8241,8840,13163,21944,10000,29453,596,652,1513,2112,1900,3771,2321,5886,2850,4147,1453,1482,1599,2968,1193,4797,236918,39250,4148,0,0,0,0
2021-02-01T23:59:59+01:00,4246,4846,9296,14257,9832,22181,12062,32443,14548,23215,8129,8705,13062,21808,9957,29286,457,469,1044,1461,1260,2519,1499,3838,1780,2653,911,944,962,1818,682,2769,233789,25073,4148,0,0,0,0
2021-01-31T23:59:59+01:00,4224,4799,9242,14143,9760,21978,11994,32137,14458,23038,8077,8655,13009,21691,9918,29166,417,431,914,1267,1076,2131,1292,3261,1551,2348,825,855,857,1624,619,2485,232315,21958,4037,0,0,0,0
2021-01-30T23:59:59+01:00,4224,4796,9232,14130,9744,21953,11982,32118,14445,23028,8075,8650,12943,21615,9877,29118,399,399,849,1182,1022,2005,1223,3070,1480,2224,803,832,838,1584,606,2436,232001,20956,3992,0,0,0,0
2021-01-29T23:59:59+01:00,4154,4782,9182,14098,9712,21901,11951,32044,14398,22967,8053,8623,12732,21355,9725,28916,322,299,726,1005,878,1631,1071,2684,1274,1933,724,746,789,1528,591,2390,230789,18594,3867,0,0,0,0
2021-01-28T23:59:59+01:00,4018,4661,8975,13702,9495,21377,11708,31457,14092,22523,7924,8529,12258,20661,9427,28421,153,81,289,374,372,631,467,1169,588,860,393,417,467,888,337,1446,226017,8932,3273,0,0,0,0
2021-01-27T23:59:59+01:00,3759,4481,8680,13300,9202,20735,11338,30623,13721,21872,7720,8323,11661,19775,9069,27771,94,51,199,229,245,432,307,816,421,591,296,303,346,657,254,1058,219412,6299,2675,0,0,0,0
2021-01-26T23:59:59+01:00,3592,4357,8400,12942,8942,20155,11024,29842,13330,21320,7501,8101,11028,18782,8502,26726,89,47,186,219,227,392,293,758,388,541,284,277,316,584,232,943,212732,5776,1869,0,0,0,0
2021-01-25T23:59:59+01:00,3509,4230,8124,12464,8662,19436,10633,28849,12853,20640,7258,7911,10362,17870,8111,25952,80,37,165,195,196,332,250,632,339,449,245,237,264,501,187,765,206533,4874,387,0,0,0,0
2021-01-24T23:59:59+01:00,3460,4203,8041,12382,8591,19313,10522,28674,12728,20485,7225,7873,10293,17761,8070,25860,79,35,161,191,194,319,248,611,330,436,237,234,262,493,183,751,205244,4764,292,0,0,0,0
2021-01-23T23:59:59+01:00,3458,4202,8041,12382,8587,19304,10521,28662,12721,20480,7221,7872,10156,17578,7755,25293,79,35,161,191,193,319,247,611,329,436,237,234,262,493,183,751,203997,4761,291,0,0,0,0
2021-01-22T23:59:59+01:00,3387,4150,7918,12269,8506,19154,10414,28502,12649,20373,7191,7842,9928,17233,7269,24314,79,35,160,191,193,319,247,611,329,436,237,234,262,493,183,750,200863,4759,291,0,0,0,0
2021-01-21T23:59:59+01:00,3270,3903,7398,11339,8037,17976,9858,26830,12063,19267,6925,7537,9229,16151,6828,23386,72,32,144,175,177,286,222,536,292,399,213,207,229,406,156,630,189759,4176,291,0,0,0,0
2021-01-20T23:59:59+01:00,2851,3457,6521,9921,7300,15977,8899,24000,11014,17452,6364,6879,8071,14289,6135,21374,71,32,143,169,174,285,214,518,281,382,202,199,220,380,146,595,170262,4011,289,0,0,0,0
2021-01-19T23:59:59+01:00,2354,2985,5614,8549,6432,14011,7893,21170,9780,15450,5631,5995,6640,11918,5250,18628,47,22,97,123,117,176,151,352,181,270,124,113,141,261,99,440,148129,2714,210,0,0,0,0
2021-01-18T23:59:59+01:00,2040,2589,4832,7158,5485,11684,6689,17511,8412,13080,4797,5131,5212,9512,4314,15456,26,11,36,46,54,84,66,154,68,135,59,54,61,141,56,207,123851,1258,88,0,0,0,0
2021-01-17T23:59:59+01:00,1726,2219,4319,6386,4989,10500,6152,15914,7796,11935,4475,4791,4845,8820,4017,14515,11,3,6,14,15,32,19,44,25,49,25,23,15,36,12,41,113344,370,86,0,0,0,0
2021-01-16T23:59:59+01:00,1530,1964,4107,6094,4809,10026,5890,15229,7469,11285,4308,4600,4634,8528,3675,13938,0,0,0,0,2,3,0,0,1,2,0,1,0,0,0,1,108112,10,4,0,0,0,0
2021-01-15T23:59:59+01:00,1358,1682,3853,5692,4557,9443,5603,14374,7061,10535,4032,4336,4455,8218,3175,12959,0,0,0,0,0,0,0,0,0,0,0,0,0,0,0,1,101359,1,2,0,0,0,0
2021-01-14T23:59:59+01:00,1026,1257,3081,4484,3707,7553,4626,11571,5689,8436,3295,3509,3763,6962,2752,11301,0,0,0,0,0,0,0,0,0,0,0,0,0,0,0,0,83034,0,0,0,0,0,0
2021-01-13T23:59:59+01:00,867,1059,2593,3736,3112,6288,3860,9542,4584,6788,2424,2613,2852,5307,2108,8582,0,0,0,0,0,0,0,0,0,0,0,0,0,0,0,0,66333,0,0,0,0,0,0
2021-01-12T23:59:59+01:00,729,902,2182,3080,2571,5142,3123,7744,3611,5330,1727,1783,1960,3660,1499,5906,0,0,0,0,0,0,0,0,0,0,0,0,0,0,0,0,50964,0,0,0,0,0,0
2021-01-11T23:59:59+01:00,584,727,1816,2489,2070,4127,2399,5842,2668,3859,1090,1087,1165,2157,822,3326,0,0,0,0,0,0,0,0,0,0,0,0,0,0,0,0,36239,0,0,0,0,0,0
2021-01-10T23:59:59+01:00,511,622,1543,2045,1723,3375,1973,4824,2214,3243,974,969,1021,1893,732,2907,0,0,0,0,0,0,0,0,0,0,0,0,0,0,0,0,30577,0,0,0,0,0,0
2021-01-09T23:59:59+01:00,476,561,1417,1869,1578,3066,1816,4361,2042,2958,906,905,965,1840,717,2870,0,0,0,0,0,0,0,0,0,0,0,0,0,0,0,0,28353,0,0,0,0,0,0
2021-01-08T23:59:59+01:00,362,410,1163,1502,1306,2397,1492,3581,1693,2434,787,801,882,1712,679,2739,0,0,0,0,0,0,0,0,0,0,0,0,0,0,0,0,23945,0,0,0,0,0,0
2021-01-07T23:59:59+01:00,172,110,397,518,471,809,605,1402,748,1062,448,472,554,1048,411,1733,0,0,0,0,0,0,0,0,0,0,0,0,0,0,0,0,10960,0,0,0,0,0,0
2021-01-06T23:59:59+01:00,130,65,259,292,308,525,406,957,516,733,338,356,420,816,324,1326,0,0,0,0,0,0,0,0,0,0,0,0,0,0,0,0,7771,0,0,0,0,0,0
2021-01-05T23:59:59+01:00,100,49,189,238,241,440,323,843,441,631,326,340,405,781,318,1273,0,0,0,0,0,0,0,0,0,0,0,0,0,0,0,0,6938,0,0,0,0,0,0
2021-01-04T23:59:59+01:00,83,39,168,198,199,347,255,636,351,463,248,251,285,557,210,856,0,0,0,0,0,0,0,0,0,0,0,0,0,0,0,0,5146,0,0,0,0,0,0
2021-01-03T23:59:59+01:00,81,35,162,193,195,331,254,622,342,448,243,248,281,545,208,839,0,0,0,0,0,0,0,0,0,0,0,0,0,0,0,0,5027,0,0,0,0,0,0
2021-01-02T23:59:59+01:00,81,35,162,193,195,331,253,622,341,448,243,248,281,545,208,839,0,0,0,0,0,0,0,0,0,0,0,0,0,0,0,0,5025,0,0,0,0,0,0
2021-01-01T23:59:59+01:00,81,35,161,193,195,330,253,622,340,446,242,247,281,544,208,839,0,0,0,0,0,0,0,0,0,0,0,0,0,0,0,0,5017,0,0,0,0,0,0
2020-12-31T23:59:59+01:00,81,35,161,191,195,330,253,621,340,445,242,247,281,544,208,839,0,0,0,0,0,0,0,0,0,0,0,0,0,0,0,0,5013,0,0,0,0,0,0
2020-12-30T23:59:59+01:00,80,35,161,189,193,328,253,620,340,445,242,247,281,544,208,839,0,0,0,0,0,0,0,0,0,0,0,0,0,0,0,0,5005,0,0,0,0,0,0
2020-12-29T23:59:59+01:00,56,24,114,143,146,222,184,446,239,343,159,159,199,412,152,654,0,0,0,0,0,0,0,0,0,0,0,0,0,0,0,0,3652,0,0,0,0,0,0
2020-12-28T23:59:59+01:00,29,17,65,77,83,126,103,254,112,207,92,92,102,217,93,364,0,0,0,0,0,0,0,0,0,0,0,0,0,0,0,0,2033,0,0,0,0,0,0
2020-12-27T23:59:59+01:00,14,8,17,24,37,53,35,84,35,82,32,28,36,80,30,137,0,0,0,0,0,0,0,0,0,0,0,0,0,0,0,0,732,0,0,0,0,0,0
