Datum,<15_m,<15_w,15-24_1_m,15-24_1_w,25-34_1_m,25-34_1_w,35-44_1_m,35-44_1_w,45-54_1_m,45-54_1_w,55-64_1_m,55-64_1_w,65-74_1_m,65-74_1_w,75-84_1_m,75-84_1_w,>84_1_m,>84_1_w,<24_2_m,<24_2_w,25-34_2_m,25-34_2_w,35-44_2_m,35-44_2_w,45-54_2_m,45-54_2_w,55-64_2_m,55-64_2_w,65-74_2_m,65-74_2_w,75-84_2_m,75-84_2_w,>84_2_m,>84_2_w,bp_1,bp_2,mo_1,mo_2,az_1,az_2,ja,unb_1,unb_2
2021-10-11T23:59:59+02:00,44827,42248,297624,285692,401396,370507,413239,405967,474571,483030,523557,523623,354762,395943,247576,317566,72930,133890,269741,259049,376215,343476,391374,380590,452663,458073,503499,503208,344327,384001,240654,307819,70111,127957,4137845,3896328,527231,505575,808329,764497,316737,566,511
2021-10-10T23:59:59+02:00,44678,42124,297284,285427,401070,370209,413017,405728,474398,482850,523426,523503,354711,395884,247552,317521,72909,133857,269292,258652,375781,343025,391048,380265,452380,457797,503290,503046,344242,383907,240601,307755,70098,127928,4135512,3892896,527113,505459,808322,764468,316394,566,511
2021-10-09T23:59:59+02:00,44648,42100,297187,285355,400994,370154,412959,405681,474351,482803,523402,523486,354703,395870,247550,317517,72908,133856,269181,258551,375687,342932,390972,380197,452324,457743,503258,503016,344232,383894,240595,307748,70097,127926,4135023,3892213,527078,505388,808319,764464,316297,566,511
2021-10-08T23:59:59+02:00,44420,41895,296700,284960,400553,369781,412663,405385,474071,482588,523197,523318,354641,395811,247511,317462,72890,133841,268628,258002,375273,342504,390603,379831,452056,457432,503085,502859,344170,383811,240563,307703,70086,127914,4131709,3888476,526949,505226,808316,764445,315905,566,511
2021-10-07T23:59:59+02:00,44046,41482,295754,284127,399809,369034,412047,404782,473584,482118,522801,523004,354514,395638,247412,317349,72842,133768,267309,256669,374333,341371,389830,378867,451377,456728,502558,502387,343931,383542,240428,307536,70029,127828,4124998,3879105,526723,504209,808309,764410,315273,566,510
2021-10-06T23:59:59+02:00,43790,41227,295066,283554,399302,368537,411661,404365,473234,481815,522533,522756,354377,395488,247323,317222,72818,133685,266577,255868,373798,340720,389359,378335,450962,456286,502217,502040,343764,383336,240319,307399,69998,127756,4120214,3873090,526591,504105,808304,764380,314800,566,510
2021-10-05T23:59:59+02:00,43475,40935,294368,282889,398689,367926,411150,403892,472858,481430,522252,522453,354235,395334,247241,317065,72787,133577,265768,255040,373118,339989,388823,377726,450465,455826,501870,501686,343579,383123,240208,307233,69952,127683,4114880,3866726,526453,503965,808297,764358,314080,566,510
2021-10-04T23:59:59+02:00,43203,40697,293558,282212,397997,367356,410678,403437,472460,481050,521961,522186,354104,395166,247166,316941,72752,133482,264882,254114,372414,339225,388241,377137,449997,455296,501496,501321,343387,382894,240052,307066,69912,127602,4109789,3860107,526307,503859,808291,764320,313173,565,510
2021-10-03T23:59:59+02:00,43041,40549,293166,281810,397594,367009,410380,403193,472251,480820,521789,522024,354022,395074,247113,316845,72739,133438,264397,253695,371966,338822,387890,376746,449727,454992,501253,501093,343262,382751,239991,306972,69894,127569,4106992,3856567,526209,503751,808266,764267,312544,565,510
2021-10-02T23:59:59+02:00,43008,40512,293045,281689,397478,366923,410301,403114,472190,480762,521757,521994,354008,395051,247112,316842,72737,133436,264259,253566,371866,338734,387814,376669,449672,454941,501223,501054,343250,382729,239989,306965,69892,127569,4106319,3855882,526132,503694,808264,764244,312398,565,510
2021-10-01T23:59:59+02:00,42797,40258,292441,281144,396933,366435,409857,402738,471868,480505,521503,521818,353926,394977,247084,316794,72726,133419,263606,252924,371382,338308,387439,376298,449352,454626,501000,500861,343177,382663,239965,306920,69883,127552,4102504,3852043,525990,503538,808259,764192,311623,565,510
2021-09-30T23:59:59+02:00,42401,39867,291332,280074,395942,365488,409072,401964,471218,479853,520999,521423,353763,394770,246985,316663,72700,133351,262418,251761,370524,337396,386744,375482,448753,453987,500534,500467,343008,382443,239887,306763,69854,127500,4094955,3845065,525651,502539,808238,764112,310170,564,509
2021-09-29T23:59:59+02:00,42073,39568,290605,279349,395228,364796,408535,401389,470728,479377,520642,521116,353583,394567,246904,316531,72670,133284,261683,251007,369896,336751,386288,374910,448339,453541,500183,500125,342838,382262,239797,306600,69831,127447,4089213,3839673,525494,502391,808230,764045,309156,564,509
2021-09-28T23:59:59+02:00,41743,39261,289740,278524,394438,364092,407934,400829,470208,478877,520263,520761,353374,394346,246807,316378,72629,133182,260820,250221,369195,336115,385782,374389,447898,453088,499830,499780,342657,382058,239703,306455,69806,127391,4082984,3834179,525370,502244,808222,763992,307956,564,509
2021-09-27T23:59:59+02:00,41331,38878,288872,277693,393653,363386,407381,400244,469733,478356,519866,520432,353219,394148,246722,316257,72599,133091,259807,249301,368345,335315,385124,373715,447358,452550,499428,499422,342475,381826,239612,306321,69782,127329,4077360,3828032,525221,502094,808215,763885,306204,564,509
2021-09-26T23:59:59+02:00,40961,38573,288308,277168,393165,362955,407042,399897,469443,478070,519657,520246,353112,394051,246678,316184,72577,133046,259310,248844,367912,334924,384787,373351,447071,452255,499223,499238,342385,381735,239554,306248,69766,127292,4073706,3825097,525081,501947,808191,763771,305294,564,509
2021-09-25T23:59:59+02:00,40907,38513,288139,277001,393013,362835,406925,399810,469352,477988,519596,520202,353101,394031,246669,316175,72575,133043,259148,248692,367768,334801,384667,373255,447002,452155,499161,499204,342365,381712,239544,306235,69766,127290,4072953,3824390,525008,501888,808189,763740,304863,564,509
2021-09-24T23:59:59+02:00,40710,38303,287503,276357,392371,362270,406402,399330,468905,477583,519298,519959,352996,393946,246628,316122,72569,133019,258489,248012,367163,334266,384223,372814,446588,451799,498841,498959,342249,381607,239500,306181,69754,127266,4069211,3820700,524861,501788,808179,763670,303154,564,508
2021-09-23T23:59:59+02:00,40082,37638,285808,274696,390901,360924,405218,398124,467861,476616,518547,519275,352698,393668,246494,315904,72525,132903,257197,246932,366015,333292,383296,371988,445784,451071,498246,498452,342016,381366,239388,306027,69726,127186,4059372,3814674,524454,501516,808168,763571,299017,563,508
2021-09-22T23:59:59+02:00,39748,37325,284810,273725,390054,360081,404474,397359,467197,476012,518013,518832,352470,393399,246382,315704,72476,132819,256423,246188,365270,332612,382672,371393,445274,450551,497784,498107,341814,381157,239285,305890,69692,127123,4052546,3809598,524239,501348,808145,763455,297076,563,508
2021-09-21T23:59:59+02:00,39337,36842,283734,272649,389099,359179,403721,396609,466574,475427,517565,518402,352240,393134,246277,315526,72422,132711,255571,245340,364513,331901,382037,370791,444778,450066,497372,497706,341618,380951,239177,305726,69658,127037,4044992,3804001,524084,501152,808135,763376,295361,563,508
2021-09-20T23:59:59+02:00,38987,36567,282601,271584,388059,358251,402899,395809,465874,474818,517073,517947,351995,392909,246166,315343,72378,132614,254451,244359,363527,331065,381249,370027,444054,449491,496912,497263,341394,380734,239069,305538,69622,126961,4038005,3797534,523941,500978,808121,763172,292927,563,507
2021-09-19T23:59:59+02:00,38826,36433,282012,271177,387489,357764,402496,395413,465532,474505,516808,517717,351907,392785,246126,315262,72366,132576,253938,243924,363025,330643,380826,369693,443687,449149,496628,497044,341288,380606,239011,305452,69611,126930,4034686,3794714,523800,500797,808099,762875,291728,563,507
2021-09-18T23:59:59+02:00,38773,36362,281852,271018,387291,357602,402317,395271,465422,474390,516742,517658,351891,392772,246118,315253,72364,132572,253625,243579,362773,330391,380588,369503,443525,449015,496535,496955,341258,380580,238992,305432,69608,126921,4033741,3792840,523686,500716,808096,762862,291262,563,507
2021-09-17T23:59:59+02:00,38443,36000,280953,270188,386498,356844,401591,394613,464813,473865,516362,517295,351741,392628,246055,315184,72340,132541,252882,242901,362087,329796,379996,369008,443062,448605,496199,496667,341138,380444,238942,305353,69595,126900,4028408,3789078,523354,500316,808086,762831,289218,562,507
2021-09-16T23:59:59+02:00,37876,35412,279375,268640,385151,355392,400392,393298,463804,472884,515592,516601,351418,392300,245925,314996,72291,132448,251739,241895,361135,328870,379175,368154,442394,447918,495686,496225,340910,380222,238843,305225,69565,126838,4017565,3782502,522602,499918,808035,762684,286703,562,507
2021-09-15T23:59:59+02:00,37498,35102,278250,267543,384255,354416,399538,392443,463132,472201,515060,516086,351193,392012,245750,314816,72253,132329,250881,241086,360352,328079,378492,367481,441830,447402,495182,495788,340700,379988,238706,305077,69541,126765,4010038,3776870,522318,499688,808022,762611,284605,562,507
2021-09-14T23:59:59+02:00,37186,34796,277281,266590,383314,353558,398805,391680,462529,471552,514533,515634,350955,391773,245620,314645,72209,132259,250101,240293,359622,327413,377885,366883,441288,446891,494762,495406,340504,379774,238595,304929,69518,126711,4003248,3771767,521991,499465,807993,762463,282792,561,506
2021-09-13T23:59:59+02:00,36801,34402,276049,265330,382368,352520,398030,390802,461831,470835,514012,515133,350732,391521,245496,314493,72169,132188,248977,239240,358806,326632,377284,366229,440728,446366,494302,495027,340310,379550,238494,304781,69487,126657,3995067,3764843,521276,499179,807960,762366,281513,560,506
2021-09-12T23:59:59+02:00,36661,34273,275481,264892,381898,352076,397644,390378,461507,470533,513801,514918,350628,391411,245450,314417,72157,132153,248452,238831,358306,326188,376917,365879,440426,446076,494052,494805,340186,379419,238435,304694,69472,126612,3991901,3761832,521112,498988,807924,762242,280443,560,505
2021-09-11T23:59:59+02:00,36584,34224,275288,264686,381674,351889,397485,390223,461375,470411,513731,514858,350598,391381,245441,314401,72155,132150,248172,238649,358083,326030,376768,365738,440278,445960,493986,494751,340163,379392,238427,304681,69472,126608,3990869,3760749,521025,498857,807917,762221,279841,560,505
2021-09-10T23:59:59+02:00,36260,33895,274216,263696,380721,350992,396611,389419,460575,469735,513175,514411,350393,391182,245353,314289,72137,132121,247267,237946,357258,325295,375985,365114,439586,445438,493499,494371,340002,379236,238346,304578,69450,126577,3985581,3757307,520884,498643,807907,762198,275902,560,505
2021-09-09T23:59:59+02:00,35836,33452,272927,262555,379685,349825,395687,388395,459785,468874,512596,513903,350155,390901,245224,314133,72101,132060,246203,236985,356347,324429,375178,364306,438896,444834,492912,493928,339788,379007,238226,304437,69420,126525,3977519,3751236,520581,498244,807867,762049,273222,553,503
2021-09-08T23:59:59+02:00,35436,33051,271974,261570,378893,348981,394995,387616,459164,468278,512159,513443,349950,390657,245119,313959,72072,132002,245279,236129,355539,323697,374495,363582,438298,444272,492465,493473,339591,378762,238107,304273,69386,126435,3971097,3745553,520359,497926,807817,761915,271137,553,503
2021-09-07T23:59:59+02:00,35062,32718,270951,260647,378066,348201,394350,386943,458636,467757,511714,513046,349758,390443,245018,313792,72039,131928,244404,235345,354737,323016,373850,363025,437795,443766,492020,493084,339383,378549,238018,304135,69359,126383,3965007,3740578,520118,497585,807804,761738,269227,553,503
2021-09-06T23:59:59+02:00,34663,32310,269833,259546,377126,347256,393668,386169,458040,467129,511277,512612,349537,390197,244929,313671,72009,131859,243637,234590,353998,322362,373235,362439,437334,443262,491609,492701,339171,378343,237934,304001,69330,126327,3957814,3735764,519981,497344,807755,761613,267366,553,503
2021-09-05T23:59:59+02:00,34507,32162,269429,259134,376822,346916,393374,385855,457806,466891,511101,512432,349463,390103,244887,313609,71993,131831,243207,234199,353603,321979,372883,362129,437076,443014,491411,492494,339069,378224,237892,303937,69313,126295,3955229,3733140,519880,497069,807728,761478,266563,553,503
2021-09-04T23:59:59+02:00,34448,32124,269263,259005,376704,346790,393246,385752,457731,466806,511049,512386,349451,390085,244881,313597,71993,131830,243040,234057,353444,321816,372736,362012,436985,442912,491346,492446,339047,378204,237884,303925,69313,126294,3954529,3732358,519824,496934,807723,761455,266149,553,503
2021-09-03T23:59:59+02:00,34130,31810,268373,258199,375965,346132,392661,385167,457156,466325,510589,512048,349280,389907,244815,313492,71970,131798,242025,233200,352651,321101,372063,361361,436333,442323,490857,492030,338849,378006,237797,303816,69293,126267,3950181,3728070,519126,495395,807695,761382,263897,553,503
2021-09-02T23:59:59+02:00,33774,31475,267325,257321,375103,345300,391932,384424,456471,465697,510060,511622,349016,389657,244693,313314,71945,131721,241004,232403,351763,320323,371330,360656,435619,441698,490293,491570,338601,377742,237689,303663,69266,126190,3944263,3722887,518842,494914,807660,761061,261161,553,503
2021-09-01T23:59:59+02:00,33449,31110,266481,256486,374347,344630,391403,383877,456004,465215,509679,511279,348838,389464,244605,313197,71921,131661,239919,231346,350906,319472,370649,359964,435005,441093,489771,491086,338369,377475,237556,303506,69238,126135,3938834,3716102,518659,494374,807627,760844,259600,553,499
2021-08-31T23:59:59+02:00,33052,30768,265614,255582,373613,343919,390835,383295,455494,464731,509232,510912,348647,389272,244510,313049,71890,131618,238966,230461,350102,318727,369989,359330,434447,440584,489248,490688,338165,377262,237467,303356,69204,126079,3933326,3710798,518469,493987,807600,760429,257710,552,499
2021-08-30T23:59:59+02:00,32505,30280,264309,254400,372618,343012,390019,382480,454739,464021,508667,510412,348418,389054,244417,312894,71853,131549,237810,229479,349103,317832,369203,358590,433749,440003,488688,490173,337909,377021,237342,303174,69163,126002,3925838,3704766,518353,493544,807555,760176,254968,552,499
2021-08-29T23:59:59+02:00,32316,30090,263743,253893,372143,342597,389640,382144,454444,463732,508437,510191,348321,388945,244368,312829,71843,131525,237094,228844,348496,317290,368708,358122,433323,439626,488377,489912,337765,376867,237282,303099,69145,125977,3922758,3700890,518235,493146,807527,759917,253745,552,499
2021-08-28T23:59:59+02:00,32227,29995,263518,253714,371968,342442,389483,382022,454318,463613,508363,510139,348297,388922,244357,312817,71842,131522,236776,228586,348247,317094,368485,357957,433141,439461,488248,489819,337723,376825,237262,303073,69143,125973,3921723,3699310,518195,493030,807521,759891,253184,552,499
2021-08-27T23:59:59+02:00,31997,29745,262871,253149,371453,341925,389012,381570,453864,463215,507992,509855,348168,388789,244298,312731,71823,131502,236172,228088,347636,316592,368011,357529,432691,439108,487944,489572,337591,376707,237207,303009,69132,125966,3917923,3696103,518127,492816,807463,759830,251508,552,499
2021-08-26T23:59:59+02:00,31615,29359,261863,252172,370605,341109,388259,380827,453179,462536,507442,509374,347935,388529,244177,312614,71795,131442,234699,226729,346409,315405,366896,356536,431820,438304,487273,488996,337307,376386,237044,302841,69102,125920,3911740,3687770,517883,492171,807422,759472,248840,552,497
2021-08-25T23:59:59+02:00,31253,29026,260936,251312,369858,340334,387604,380132,452543,461945,506887,508915,347698,388272,244051,312451,71760,131375,232655,224865,344932,314001,365712,355341,430821,437340,486470,488269,336924,375993,236888,302605,69057,125831,3906022,3675794,517754,491764,807395,759321,246234,550,493
2021-08-24T23:59:59+02:00,30936,28759,260202,250533,369249,339701,387064,379557,452061,461432,506474,508541,347488,388046,243933,312286,71734,131302,231443,223802,343968,313080,364928,354591,430147,436688,485910,487718,336645,375680,236753,302444,69033,125766,3901076,3668608,517467,491317,807374,759017,244432,550,489
2021-08-23T23:59:59+02:00,30414,28231,258813,249213,368222,338787,386231,378765,451281,460749,505824,507973,347206,387765,243794,312098,71707,131243,229962,222485,342657,312015,363977,353739,429283,435929,485206,487149,336340,375347,236617,302254,69007,125706,3893640,3661206,517321,490837,807339,758734,241063,550,488
2021-08-22T23:59:59+02:00,30271,28117,258407,248844,367869,338457,385957,378499,451043,460506,505637,507823,347109,387669,243753,312039,71690,131217,229242,221807,341971,311358,363441,353235,428843,435525,484887,486883,336175,375163,236549,302147,68983,125658,3891422,3656803,517171,490375,807300,758434,240059,550,484
2021-08-21T23:59:59+02:00,30020,27912,257908,248383,367550,338136,385699,378242,450838,460328,505489,507684,347054,387613,243731,312001,71687,131208,228500,221156,341485,310960,363039,352825,428478,435219,484658,486687,336091,375095,236522,302104,68977,125646,3888872,3653835,517027,489169,807292,758378,239336,550,484
2021-08-20T23:59:59+02:00,29827,27714,257248,247723,366809,337513,385023,377713,450244,459832,505015,507363,346910,387454,243676,311904,71671,131173,226693,219540,340074,309766,361921,351870,427522,434420,483938,486138,335847,374845,236420,301984,68952,125616,3885400,3645582,516704,488009,807279,758012,236471,550,484
2021-08-19T23:59:59+02:00,29495,27401,256262,246871,365805,336723,384231,377022,449527,459193,504453,506879,346669,387191,243568,311757,71637,131100,223932,217107,337766,307931,360219,350398,426119,433151,482779,485180,335427,374419,236228,301738,68918,125547,3879868,3631233,516338,486243,807237,757540,233377,550,483
2021-08-18T23:59:59+02:00,29209,27141,255467,246164,365104,336106,383655,376454,448927,458695,503978,506466,346396,386951,243449,311608,71605,131034,221458,214585,335712,306168,358574,348744,424595,431822,481631,484138,334903,373860,235994,301438,68866,125452,3874759,3617952,516159,482292,807207,757161,231318,549,483
2021-08-17T23:59:59+02:00,28890,26865,254679,245447,364485,335425,383092,375900,448437,458211,503548,506045,346192,386740,243331,311478,71579,130983,218708,211834,333637,304338,356884,347282,423159,430546,480508,483147,334410,373319,235758,301145,68813,125377,3869713,3602885,515858,479515,807181,756732,229607,548,482
2021-08-16T23:59:59+02:00,28601,26601,253981,244797,363912,334867,382629,375438,447996,457771,503126,505680,346005,386531,243232,311313,71548,130943,215538,208761,331345,302223,355362,345833,421951,429411,479559,482306,334018,372871,235570,300870,68773,125289,3865289,3585494,515702,478788,807155,756382,227856,548,480
2021-08-15T23:59:59+02:00,28405,26438,253489,244353,363483,334477,382268,375101,447700,457511,502884,505486,345890,386413,243183,311233,71537,130922,211529,204702,329447,300605,354099,344613,420926,428473,478776,481646,333685,372535,235446,300693,68749,125239,3862443,3567871,515558,477877,807116,756057,226687,548,478
2021-08-14T23:59:59+02:00,28337,26379,253242,244156,363250,334301,382094,374951,447542,457382,502766,505379,345841,386381,243166,311210,71534,130917,210458,203596,328624,299841,353379,343934,420430,428013,478387,481324,333545,372406,235409,300636,68740,125222,3861269,3561170,515487,477507,807112,755980,225991,548,478
2021-08-13T23:59:59+02:00,28081,26137,252537,243567,362749,333873,381655,374518,447106,457020,502428,505122,345712,386230,243101,311135,71522,130888,208569,201808,327197,298525,352111,342744,419378,427074,477637,480683,333300,372116,235296,300494,68722,125168,3857448,3549221,515416,476905,807102,755788,224448,544,478
2021-08-12T23:59:59+02:00,27882,25910,251814,242931,362128,333284,381125,374030,446571,456576,502007,504766,345528,386031,242999,311030,71508,130840,205972,199537,324314,295989,350097,340945,417868,425821,476402,479614,332845,371577,235046,300217,68682,125084,3853487,3531798,515229,475698,807065,754762,222208,543,476
2021-08-11T23:59:59+02:00,27648,25663,251079,242241,361502,332704,380598,373550,446108,456149,501598,504336,345303,385790,242883,310895,71480,130785,202930,196553,321130,293047,347923,338876,416365,424413,475117,478323,332302,370934,234797,299809,68631,124955,3848639,3509931,515009,474624,807025,753824,220671,540,475
2021-08-10T23:59:59+02:00,27402,25405,250245,241505,360786,332155,380058,373002,445607,455675,501140,503935,345106,385593,242797,310756,71457,130741,198725,192421,316457,288831,344933,336095,414247,422467,473518,476861,331614,370262,234498,299399,68574,124836,3843539,3479773,514724,473512,806990,752673,219142,540,475
2021-08-09T23:59:59+02:00,27205,25204,249618,240934,360205,331669,379612,372620,445195,455329,500794,503651,344946,385444,242731,310645,71437,130705,194177,187819,310743,284080,342172,333598,412330,420694,471897,475393,330966,369570,234219,299028,68515,124700,3839822,3449370,514545,470730,806960,751577,217646,540,471
2021-08-08T23:59:59+02:00,27035,25046,249135,240523,359810,331316,379263,372329,444891,455071,500552,503459,344839,385336,242668,310565,71420,130672,192826,186449,309115,282740,340857,332434,411454,419937,471326,474874,330703,369300,234088,298858,68489,124650,3837246,3440234,514388,469366,806908,751089,216413,540,471
2021-08-07T23:59:59+02:00,26885,24870,248605,240074,359412,330976,378928,372045,444598,454835,500326,503285,344767,385242,242634,310516,71412,130661,189146,182858,307068,280886,339137,330909,410118,418669,470399,474078,330347,368926,233957,298669,68455,124613,3834387,3420588,514281,468030,806898,750875,215530,540,468
2021-08-06T23:59:59+02:00,26659,24636,247733,239409,358624,330366,378252,371467,443941,454307,499788,502894,344534,385036,242535,310399,71401,130639,185405,179300,303599,278074,337016,329072,408515,417328,469098,473113,329966,368540,233797,298513,68431,124565,3831800,3401265,512914,466299,806886,749775,212045,540,467
2021-08-05T23:59:59+02:00,26337,24312,246555,238471,357725,329488,377428,370734,443198,453623,499120,502351,344249,384733,242419,310224,71360,130576,180923,175351,298205,273656,332895,325505,405707,414835,466841,471325,329297,367834,233531,298141,68370,124454,3825417,3373299,512650,461587,806822,746061,209032,540,466
2021-08-04T23:59:59+02:00,25963,23970,245407,237481,356726,328575,376649,370020,442566,453021,498546,501821,343974,384465,242297,310051,71332,130505,177437,172044,294433,270522,328481,321592,403451,412741,465130,469771,328601,367132,233256,297787,68311,124352,3818898,3346101,512307,459817,806787,744309,206389,536,465
2021-08-03T23:59:59+02:00,25499,23548,244043,236292,355812,327734,375939,369325,441907,452357,497948,501285,343680,384164,242167,309873,71288,130437,173952,168595,290326,266878,323366,316980,400703,410180,462789,467666,327754,366261,232905,297315,68242,124213,3810924,3313966,512145,457937,806744,742235,204496,536,465
2021-08-02T23:59:59+02:00,25181,23242,242989,235327,354963,326975,375238,368725,441334,451808,497422,500836,343418,383889,242049,309717,71262,130378,170310,164999,285621,262903,317488,312022,397948,407620,460553,465671,326980,365424,232608,296915,68179,124095,3804556,3280459,511896,455955,806686,739701,202625,535,463
2021-08-01T23:59:59+02:00,25025,23051,242358,234719,354364,326461,374794,368332,440900,451487,497076,500557,343277,383722,241973,309601,71248,130352,168759,163546,283130,260902,312851,308304,396088,406041,459072,464422,326546,364938,232437,296697,68150,124036,3800868,3262531,511591,453808,806590,737254,201256,532,459
2021-07-31T23:59:59+02:00,24915,22946,242016,234397,354081,326233,374553,368162,440711,451334,496968,500458,343244,383683,241953,309588,71247,130346,164981,159698,280301,258352,310758,306305,394690,404759,457925,463432,326226,364562,232303,296523,68124,123990,3799250,3239584,511401,452869,806584,736460,200607,532,459
2021-07-30T23:59:59+02:00,24625,22686,241215,233679,353503,325702,374061,367696,440248,450932,496606,500168,343106,383542,241908,309509,71234,130330,161230,155927,276901,255235,307728,303481,392457,402641,456076,461844,325715,364028,232093,296231,68091,123932,3795162,3214474,511031,451664,806567,733258,198995,531,458
2021-07-29T23:59:59+02:00,24278,22345,239678,232402,352335,324621,373089,366782,439390,450136,495789,499543,342772,383230,241771,309326,71197,130263,156370,151435,271510,251051,301809,298693,388095,399140,453018,459431,324881,363180,231780,295821,68031,123832,3787562,3180497,510348,446796,806483,728148,195554,530,458
2021-07-28T23:59:59+02:00,23978,22056,238525,231363,351447,323777,372334,366088,438751,449467,495222,499049,342519,382930,241636,309140,71162,130190,152606,147781,267006,247380,297365,294734,384826,396281,450924,457576,324220,362419,231510,295436,67967,123707,3780797,3149722,509807,444869,806405,725502,193626,529,455
2021-07-27T23:59:59+02:00,23705,21829,237514,230387,350603,323035,371628,365494,438162,448851,494694,498590,342275,382625,241502,308944,71126,130091,147574,142649,261072,242237,292057,289964,380805,392577,447738,454759,323229,361314,231143,294929,67875,123548,3774486,3108078,509249,442540,806347,721754,191975,528,453
2021-07-26T23:59:59+02:00,23473,21589,236539,229405,349807,322329,371020,364941,437605,448361,494243,498218,342043,382384,241373,308786,71102,130033,143221,138249,255513,237441,286878,285482,376331,388611,444215,451733,322274,360349,230812,294450,67800,123411,3768788,3068602,508617,440280,806267,717397,190577,526,453
2021-07-25T23:59:59+02:00,23114,21288,235198,228249,348859,321560,370338,364278,437024,447818,493782,497812,341843,382170,241283,308657,71081,129969,141372,136489,252826,235220,284369,283378,374193,386828,442126,449938,321759,359833,230608,294220,67775,123334,3761702,3053565,508240,438091,806199,713035,189175,525,453
2021-07-24T23:59:59+02:00,22865,21090,234266,227388,348134,320906,369761,363754,436495,447379,493420,497534,341727,382071,241239,308595,71078,129958,138474,133685,250089,232895,281801,281158,371932,384969,440886,448950,321408,359495,230463,294041,67756,123300,3757672,3035198,507471,435073,806184,712694,187323,525,453
2021-07-23T23:59:59+02:00,22447,20703,232760,226041,346808,319962,368712,362886,435615,446590,492721,497001,341492,381799,241150,308482,71057,129922,132987,128835,244712,228584,277319,277368,368240,381764,438229,446747,320707,358773,230209,293728,67702,123219,3750187,2999617,506999,433299,806128,710556,183815,525,453
2021-07-22T23:59:59+02:00,21942,20227,230654,224062,345053,318420,367200,361594,434295,445441,491737,496099,341056,381346,240972,308233,71013,129840,128636,124771,238707,224067,270929,272293,361338,376256,432766,442231,319522,357511,229769,293199,67608,123065,3737721,2957495,505410,427307,805998,704232,181027,524,451
2021-07-21T23:59:59+02:00,21434,19709,228766,222237,343351,316886,365577,360017,432717,444052,490509,494926,340502,380823,240723,307947,70959,129745,124869,121198,233242,219822,265392,267763,353193,369312,428153,438487,318402,356361,229306,292632,67527,122885,3726696,2921940,501646,416409,805771,699445,177733,524,449
2021-07-20T23:59:59+02:00,21132,19430,227294,220755,342112,315712,364608,359141,431850,443256,489786,494274,340159,380451,240575,307724,70931,129656,120531,116957,226889,214645,259559,262580,346072,363202,423450,434174,317308,355105,228892,292046,67430,122702,3717339,2878132,501238,409184,805640,695053,175591,524,448
2021-07-19T23:59:59+02:00,20818,19133,225555,219060,340794,314455,363571,358164,431033,442476,489114,493655,339863,380087,240423,307491,70886,129559,117773,114353,222499,211049,254937,258625,342354,360026,420827,431991,316581,354377,228592,291654,67355,122578,3706733,2853055,500813,403800,805547,690725,174002,524,448
2021-07-18T23:59:59+02:00,20664,19000,224259,217787,339173,313015,362499,357234,430212,441752,488574,493112,339629,379801,240294,307311,70864,129497,116272,112961,219835,208867,252579,256521,340100,358172,418789,430298,316090,353889,228431,291436,67334,122511,3697265,2840748,500275,399521,805470,687021,172622,524,445
2021-07-17T23:59:59+02:00,20267,18578,223103,216726,338593,312474,361907,356719,429693,441301,488160,492822,339523,379684,240252,307255,70861,129486,114199,110859,217374,206560,250109,254323,337672,356030,417340,429034,315756,353498,228296,291268,67310,122471,3691685,2823220,500070,396795,805450,686235,171153,521,445
2021-07-16T23:59:59+02:00,19724,18064,220554,214573,336850,311173,360399,355426,428224,440091,487060,491957,339117,379313,240080,307096,70836,129450,111080,108055,212602,202628,245569,250685,333367,352328,413991,426307,314835,352567,227945,290850,67256,122390,3681460,2795509,499310,394432,805288,682420,164877,520,444
2021-07-15T23:59:59+02:00,19082,17437,217770,212144,334939,309467,358809,353983,426881,438902,486113,491104,338717,378885,239877,306839,70794,129345,107169,104826,204219,196372,238069,245076,326753,347082,406910,419849,313092,350750,227395,290179,67184,122191,3666383,2748857,498711,385981,805170,674992,161742,519,444
2021-07-14T23:59:59+02:00,18236,16711,215320,209816,333228,307926,357397,352634,425656,437698,485079,490142,338258,378424,239636,306527,70740,129256,103553,101486,197734,191196,232345,240400,322455,343600,402731,416216,311779,349436,226984,289619,67101,122037,3651413,2715182,498122,380440,805039,668180,159024,518,441
2021-07-13T23:59:59+02:00,17582,16052,213130,207787,331619,306551,356058,351401,424477,436603,484117,489281,337817,377950,239433,306279,70705,129163,99787,97940,191243,185780,225196,234329,315766,337535,394328,408347,309979,347508,226378,288827,66988,121836,3637543,2672311,497563,367755,804877,658695,156932,516,437
2021-07-12T23:59:59+02:00,16562,15117,209843,204601,329557,304814,354477,349930,423230,435396,483131,488376,337399,377476,239253,306049,70666,129085,96687,95215,185952,181473,218211,228647,308922,331493,389223,404067,308246,345638,225784,288094,66889,121665,3619036,2633962,497005,360609,804696,650271,155129,515,436
2021-07-11T23:59:59+02:00,16053,14643,208483,203325,328807,304092,353815,349301,422664,434888,482681,488030,337208,377272,239193,305943,70644,129045,95264,93925,183165,179163,215209,226351,306227,329332,386389,401674,305772,343010,225403,287623,66834,121567,3612770,2618937,496365,358616,804566,639765,153294,510,432
2021-07-10T23:59:59+02:00,15578,14183,206633,201540,327338,302824,352674,348324,421933,434290,482203,487631,337038,377107,239127,305857,70634,129025,93957,92649,180628,177042,212173,223866,303701,327169,385222,400637,305126,342341,225223,287434,66818,121540,3604167,2602114,495722,358385,804329,638015,150622,509,432
2021-07-09T23:59:59+02:00,15254,13903,204725,199695,325729,301363,351602,347359,421028,433576,481631,487153,336830,376883,239030,305736,70619,128991,91165,89922,177096,173811,207821,219708,298678,322562,381777,397651,304028,341109,224917,287067,66781,121476,3594996,2573090,494855,356320,804134,630412,148017,508,432
2021-07-08T23:59:59+02:00,14786,13475,201226,196704,322409,298687,349222,345368,419316,432117,480193,486081,336391,376440,238851,305485,70574,128913,86858,86151,169844,168144,199676,213302,291300,316442,374820,391432,301302,338180,224136,286129,66664,121216,3579612,2526839,490805,347649,803610,620046,143081,506,430
2021-07-07T23:59:59+02:00,14285,13021,197481,192834,319234,295828,346901,343319,417756,430642,478990,484978,335912,375875,238661,305213,70536,128807,83173,82697,162537,162420,190617,206118,283307,309875,367769,384606,297987,334561,223226,285027,66523,120969,3558302,2478812,489436,334203,803223,610039,140136,503,427
2021-07-06T23:59:59+02:00,13826,12648,194043,189454,315973,293088,344423,341031,416039,429079,477719,483842,335410,375317,238463,304921,70483,128722,79600,79114,155856,156904,183199,199905,274358,301919,361276,378512,294788,331312,222340,283935,66414,120740,3538427,2426257,486363,327219,802804,600515,137705,500,427
2021-07-05T23:59:59+02:00,13428,12311,189647,185203,311914,289748,341908,338692,414362,427529,476574,482769,334937,374799,238283,304675,70450,128636,76532,76282,150733,152810,178430,195777,267437,295646,355165,372970,291511,327864,221451,282815,66305,120570,3515548,2387157,485201,322719,802307,590151,133618,497,424
2021-07-04T23:59:59+02:00,13250,12153,185802,181328,309272,287718,340591,337618,413477,426750,475994,482276,334712,374544,238194,304548,70424,128582,74343,74410,147627,150236,176096,193731,264986,293583,352049,370759,288203,324469,220869,282146,66249,120450,3503289,2373356,483908,320418,801740,578610,129101,497,423
2021-07-03T23:59:59+02:00,12054,11098,179367,175326,305003,284255,338254,335447,411658,424943,474778,481219,334312,374098,238020,304300,70400,128539,72562,72830,145199,148353,173657,191646,261919,290854,349766,368902,286447,322484,220601,281784,66217,120401,3476896,2357608,482501,320218,801557,574116,122907,497,423
2021-07-02T23:59:59+02:00,10955,10005,175654,171863,302585,282055,336507,333742,410405,423751,474002,480528,334051,373782,237906,304118,70372,128491,69864,70145,141271,145062,169216,187597,255862,285406,344538,364193,283195,318752,219960,281011,66168,120317,3458789,2324374,481021,317427,801373,561531,120374,495,406
2021-07-01T23:59:59+02:00,9859,9076,171984,168416,298545,278760,334009,331468,408608,422169,472904,479568,333631,373318,237705,303847,70326,128412,64978,65422,134947,139721,161924,181083,245601,276540,333731,354396,278406,313475,218107,278755,65989,120005,3436220,2267981,478922,305068,801026,543800,117217,495,402
2021-06-30T23:59:59+02:00,9370,8682,168710,165332,292917,274134,330337,328131,406837,420624,471879,478597,333208,372835,237514,303547,70292,128323,61845,62573,129302,135042,155280,175085,235548,267391,320322,341112,273192,307926,216216,276433,65821,119683,3411099,2212935,476754,292250,800733,524959,113454,494,400
2021-06-29T23:59:59+02:00,8834,8159,164909,161554,288372,269868,326766,324836,404735,418546,470333,477185,332619,372196,237261,303192,70237,128214,59054,59574,124354,130627,149257,169552,223696,256691,311760,332741,266727,300734,214243,273972,65618,119337,3383575,2153650,474754,287586,800407,507548,109841,492,397
2021-06-28T23:59:59+02:00,8429,7779,161579,158095,283336,265545,323459,321991,402591,416621,468845,475874,332098,371584,237028,302882,70193,128121,56779,57227,120449,127111,144906,165469,214469,248275,305969,327333,261780,295438,212479,271737,65471,119071,3359637,2117916,470783,278966,799748,491022,106629,492,394
2021-06-27T23:59:59+02:00,8281,7656,160073,156568,281232,263735,321654,320454,400892,415262,467947,475157,331806,371291,236925,302719,70174,128072,55582,56118,118324,125397,142336,163338,210356,244887,302600,324471,257967,291429,210019,268826,65360,118876,3349619,2102440,468704,275472,798698,474873,103623,491,392
2021-06-26T23:59:59+02:00,7127,6558,156804,153230,279126,261853,319239,318211,399702,414105,467248,474457,331537,371010,236818,302561,70150,128042,55035,55528,116984,124243,140909,162100,208110,242882,300068,322059,256428,289768,209685,268416,65333,118806,3330478,2085626,465879,275384,798692,472373,103489,467,371
2021-06-25T23:59:59+02:00,5905,5442,152491,148944,275731,258892,317181,316249,398393,412858,466247,473632,331248,370675,236690,302405,70122,127992,53746,53902,114505,121544,136821,157530,199345,234431,294376,316184,254705,287648,209095,267614,65262,118689,3305504,2043111,464450,273690,798636,465791,103262,467,370
2021-06-24T23:59:59+02:00,5050,4653,148043,144810,270898,254942,312901,312468,396198,410982,464870,472494,330824,370210,236521,302167,70088,127905,51096,51306,109376,116823,129479,150880,187300,223976,282958,305951,249326,281804,207260,265268,65059,118289,3274290,1981030,462438,261902,798469,452035,101575,466,369
2021-06-23T23:59:59+02:00,4829,4447,144875,141693,267200,251785,307657,307663,393704,408635,463463,471174,330296,369589,236290,301855,70040,127798,49153,49222,105580,112911,123805,145200,177399,215308,270974,293956,244713,276987,205928,263569,64898,117930,3246722,1924678,458911,252036,798307,441340,99797,464,368
2021-06-22T23:59:59+02:00,4579,4217,141800,138562,263480,248403,301526,302228,391070,406076,461921,469692,329746,368980,236069,301501,69993,127691,47462,47478,101969,109607,119008,140617,164800,204159,260059,283648,240648,272514,204006,261160,64646,117457,3214651,1866279,456978,244320,798113,430381,98521,462,359
2021-06-21T23:59:59+02:00,4320,3972,138537,135619,258772,244496,296277,297360,388026,403201,460447,468340,329228,368419,235846,301186,69952,127579,46229,46250,99582,107388,116268,137909,158579,198384,253172,277008,235296,266676,200067,256635,64459,117080,3182900,1835272,454935,238802,797902,410592,96556,459,358
2021-06-20T23:59:59+02:00,4176,3855,137028,134107,254522,241003,293692,295119,386636,401887,459656,467595,329002,368133,235734,301054,69932,127517,45106,45325,97322,105592,113988,135919,155543,195844,248858,272931,232293,263145,199080,255382,64378,116954,3165422,1814894,453169,235249,797744,402725,95022,457,351
2021-06-19T23:59:59+02:00,3759,3505,134878,132005,251765,238678,291908,293470,384793,400318,458813,466865,328780,367881,235630,300915,69912,127485,44565,44676,96048,104326,112512,134454,154039,194406,245635,269903,231571,262295,198909,255119,64356,116901,3149063,1798907,450345,233667,797734,402444,94918,457,350
2021-06-18T23:59:59+02:00,2807,2593,131595,128862,248244,235628,287895,290058,382394,398194,457473,465704,328403,367480,235475,300679,69885,127436,43778,43760,94469,102545,110218,131783,150486,190371,238775,262610,229846,260290,198423,254479,64281,116767,3123246,1769579,445909,233137,797708,395737,94638,457,349
2021-06-17T23:59:59+02:00,2574,2370,127878,125577,242217,231187,282667,285668,377605,394201,455142,463863,327807,366757,235231,300324,69820,127322,41535,41934,90418,99068,105317,127032,142617,182697,227375,251213,224644,254353,196771,252322,64022,116348,3088425,1713878,442922,228992,797443,384832,90169,398,341
2021-06-16T23:59:59+02:00,2303,2136,124644,122172,237315,226838,277978,281409,372432,389704,452544,461719,327059,365957,234940,299911,69754,127208,39702,40335,86878,96038,100967,123202,134377,175351,215271,239300,218414,247241,194846,249995,63770,115860,3054875,1654063,437385,223383,796943,376735,87561,396,340
2021-06-15T23:59:59+02:00,1915,1804,119724,117300,231328,221689,272625,276421,367367,385075,449695,459302,326189,364978,234587,299398,69672,127024,38086,38721,83556,92990,97000,119150,127320,168974,202916,227267,212382,240452,192884,247562,63460,115291,3010137,1596766,435457,217534,796379,369056,84843,396,337
2021-06-14T23:59:59+02:00,1652,1529,115672,113144,226103,216778,267264,271449,362073,380323,446576,456707,325404,364119,234277,299009,69610,126903,37106,37831,81277,90894,94290,116629,123203,165224,196314,220765,209273,236945,191749,246090,63241,114900,2967990,1567160,433105,215259,796120,361400,82091,394,334
2021-06-13T23:59:59+02:00,1579,1444,114179,111768,223655,214675,264724,269190,359816,378365,445405,455682,325128,363814,234141,298838,69578,126829,36239,37094,79418,89219,92279,114806,120375,162614,192439,217055,206181,233504,190715,244722,63009,114488,2953004,1553145,430667,207978,795816,353175,80030,394,332
2021-06-12T23:59:59+02:00,1430,1306,111526,109019,221758,212945,263338,267913,358377,376963,444508,454913,324840,363505,234049,298735,69560,126801,35870,36689,78428,88124,91026,113507,118795,161053,188873,213753,205146,232375,189316,243067,62999,114456,2936815,1539979,429688,207969,795792,345796,79896,393,331
2021-06-11T23:59:59+02:00,1282,1170,108978,106502,218861,210326,259670,264721,355239,374228,442792,453441,324404,363053,233912,298527,69533,126746,35191,35575,76419,84746,88792,109971,114685,155911,182166,206293,203047,230002,188712,242296,62937,114357,2912386,1512439,426888,207272,795611,332349,79198,392,330
2021-06-10T23:59:59+02:00,1120,1013,104223,102090,212785,205559,252607,258894,349144,368929,438293,449665,323542,362080,233590,298080,69449,126593,33612,34088,72414,80567,83869,104463,108011,147689,169808,192639,196959,223104,186982,240152,62683,113953,2868721,1465235,419785,205528,794774,305327,75052,388,324
2021-06-09T23:59:59+02:00,972,884,100305,98377,206822,200822,245793,253182,342480,362977,434612,446637,322862,361333,233317,297697,69384,126461,32077,32829,69176,77918,80170,101294,103286,143402,158652,181866,186325,211090,185117,237906,62411,113458,2829681,1411132,411263,201546,794256,294046,70395,368,319
2021-06-08T23:59:59+02:00,790,703,95777,93835,200183,195259,238832,247169,334227,355696,429501,441961,322022,360327,232941,297208,69304,126326,31003,31970,66585,75619,76888,98569,98705,139483,151039,174363,177603,201363,183309,235654,62179,113091,2777675,1371873,405495,196627,793665,283178,65883,368,311
2021-06-07T23:59:59+02:00,631,562,92556,90734,194115,190554,232274,241926,326397,349524,426452,439509,321473,359691,232723,296881,69250,126230,30132,31121,64117,73659,73931,96406,94938,136545,142948,166560,173549,196734,181878,233840,61956,112707,2738650,1344717,399327,193323,793095,272054,61054,368,311
2021-06-06T23:59:59+02:00,593,526,90979,89417,190828,187997,228918,239148,322112,346118,425015,438423,321202,359393,232615,296722,69226,126183,29529,30565,62344,71973,71849,94391,91740,133477,137251,160757,171009,194097,180766,232438,61727,112327,2723211,1332845,391930,183616,792609,261605,58300,365,305
2021-06-05T23:59:59+02:00,512,446,89034,87398,185950,183777,226447,237015,320294,344496,424018,437509,320916,359074,232466,296554,69212,126151,29070,29806,61141,70016,70448,92240,90062,131197,132482,155418,168002,190422,180281,231779,61693,112261,2699701,1309192,391799,183148,792488,256184,57911,364,304
2021-06-04T23:59:59+02:00,412,361,86679,84866,182282,180160,222438,233066,316699,340856,421655,435312,320459,358535,232269,296325,69173,126089,28602,29131,60018,68361,69161,90152,88271,128575,129106,151756,163764,185647,179289,230512,61645,112173,2670431,1290316,387971,182373,792370,246106,57482,363,302
2021-06-03T23:59:59+02:00,319,286,83390,81792,176550,175493,215170,226960,308980,334154,413892,428452,319420,357346,231898,295871,69117,125955,27709,28117,58122,66164,66760,87398,84629,124455,122331,145075,157414,178027,177714,228481,61531,111937,2621455,1261063,377718,177034,791948,233353,54523,361,295
2021-06-02T23:59:59+02:00,269,227,81305,79622,172457,171761,211521,223798,305394,330800,411844,426618,319010,356890,231744,295663,69089,125904,27239,27636,56991,65041,65154,86119,82567,122508,117347,140187,149522,169049,176991,227525,61446,111767,2592648,1228796,376331,175060,791921,229734,53605,358,287
2021-06-01T23:59:59+02:00,170,160,77039,75790,164173,165187,202153,216059,296294,322911,403634,418777,317499,355273,231203,294922,68975,125674,25686,26220,52674,62081,60310,82825,77138,117995,109908,132969,138405,155623,174881,224788,61238,111343,2533910,1178579,364683,170947,791162,217950,46705,354,277
2021-05-31T23:59:59+02:00,148,143,74292,73303,158509,160858,194837,210082,288901,316520,397890,413804,316502,354158,230815,294397,68886,125504,24772,25157,50045,59857,57130,80290,73526,114710,105403,128520,134244,150697,173509,223068,61069,111011,2493448,1156122,355286,168579,790518,207550,40845,353,275
2021-05-30T23:59:59+02:00,137,135,73241,72237,156026,158823,192213,207728,286112,314004,396001,412059,316138,353745,230654,294158,68848,125423,24166,24369,48452,58123,55389,78432,71290,112144,102748,125651,132087,148167,172715,222133,60977,110800,2477620,1146325,352763,167268,789884,196179,37957,352,270
2021-05-29T23:59:59+02:00,134,133,72633,71644,154512,157422,189911,205698,284273,312418,395164,411289,315915,353501,230573,294079,68837,125404,23842,23841,47531,56624,54043,76554,69364,109299,100427,122851,129276,144737,172061,221226,60950,110748,2463730,1132683,352602,167201,789818,185642,37932,350,269
2021-05-28T23:59:59+02:00,130,130,71545,70529,152110,155162,186246,202153,281000,309284,393303,409520,315503,352995,230426,293865,68818,125347,23310,22837,45923,54500,52215,73991,67323,105348,96096,116960,124893,139676,171082,219914,60903,110634,2439888,1110016,351548,166987,789609,171130,37555,348,264
2021-05-27T23:59:59+02:00,119,121,68231,67513,145618,150223,178056,195894,274598,304122,386987,403831,314233,351539,229963,293333,68746,125164,21986,21153,42665,51449,48330,70179,62763,99335,89739,109443,120958,135051,168276,216209,60730,110319,2395267,1081546,343922,164251,787796,151040,31824,346,258
2021-05-26T23:59:59+02:00,115,118,66076,65332,140667,146141,171953,190827,267846,298451,380243,397135,312709,349926,229468,292632,68642,124951,21242,20233,40842,49311,45974,67446,59722,95539,85149,104322,115969,129325,164466,210865,60520,109891,2357948,1049558,330716,162670,785973,139566,29097,345,254
2021-05-25T23:59:59+02:00,114,111,64044,63338,136463,142653,166900,186530,260781,292167,374813,391743,311419,348508,229054,291982,68559,124773,20665,19568,39444,47793,44139,65430,57246,92532,81063,99940,111015,123619,158909,203593,60350,109584,2320343,1017923,323205,159246,783433,130334,27465,341,248
2021-05-24T23:59:59+02:00,112,109,62802,62128,133703,140544,163622,184113,253830,286173,369872,387058,310589,347589,228767,291594,68487,124642,20324,19158,38425,46719,42794,63944,55564,90522,78830,97428,109588,121964,158299,202801,60238,109381,2296595,1008554,312083,157942,781623,123646,25919,340,243
2021-05-23T23:59:59+02:00,107,108,62304,61612,132601,139646,162426,183078,252587,285151,368282,385630,309968,346930,228594,291366,68467,124606,20091,18970,37874,46162,42038,63243,54398,89525,77337,96062,108410,120564,157318,201579,60167,109239,2285083,1000362,311495,154862,781579,122046,25789,340,240
2021-05-22T23:59:59+02:00,104,106,61608,60989,131102,138566,160050,181451,249615,282859,365800,383401,309436,346334,228417,291099,68441,124555,19771,18547,37256,45556,41399,62712,53744,88796,76565,94911,106858,118758,156544,200608,60140,109185,2267088,993655,311480,154858,781541,118613,24301,340,240
2021-05-21T23:59:59+02:00,100,102,60276,59546,128192,135970,156757,178126,244374,278091,359700,377711,308500,345239,228121,290701,68380,124447,19410,18180,36642,44789,40745,61658,52790,87403,74840,92611,103615,114805,155404,199157,60048,109009,2230980,980623,309839,154530,779965,112017,24016,336,236
2021-05-20T23:59:59+02:00,91,100,57227,56756,122450,131092,149817,171805,234062,269334,350668,369425,305959,342491,227352,289689,68248,124228,18114,17245,34468,42545,38291,58759,49963,83627,70913,88111,99488,110153,152936,196134,59867,108654,2172943,961287,303171,152578,774010,94354,21119,330,236
2021-05-19T23:59:59+02:00,90,98,55016,54565,117443,126413,142649,165182,223519,259979,340114,358516,303312,339618,226600,288636,68097,123952,17531,16457,33242,40961,36883,56700,47955,80845,67672,84533,95603,105679,149301,191391,59605,108162,2106993,937862,296912,150598,771026,84843,19295,328,221
2021-05-18T23:59:59+02:00,86,93,52917,52602,112658,122153,136267,159606,211951,249618,330231,348711,300637,336649,225717,287434,67946,123699,17013,15850,32027,39496,35528,54902,46143,78432,64783,81307,91593,101140,146102,187316,59392,107728,2047107,917587,287540,147735,767430,76189,17314,324,220
2021-05-17T23:59:59+02:00,83,90,51883,51608,110321,120094,133451,156954,205428,243600,322658,341622,298844,334674,225126,286609,67839,123486,16554,15401,30978,38455,34355,53609,44662,76632,62521,78910,86749,95273,144639,185429,59244,107414,2020289,905875,275230,140262,764005,69501,15256,322,217
2021-05-16T23:59:59+02:00,82,87,51095,50953,108876,118771,131710,155291,202455,240918,315221,334664,297823,333541,224815,286124,67786,123388,16271,15029,30227,37673,33481,52692,43600,75318,61191,77440,83333,91195,143847,184348,59156,107274,2004938,899785,264798,133491,760764,65364,13503,318,213
2021-05-15T23:59:59+02:00,81,87,50557,50320,107875,117780,130694,154177,200517,238981,311652,331454,297202,332855,224619,285853,67766,123324,16132,14866,29974,37366,33196,52260,43115,74671,60343,76455,82736,90379,143330,183680,59120,107227,1988726,894543,264777,133344,759896,64236,12795,316,212
2021-05-14T23:59:59+02:00,80,86,49296,48895,105624,115688,127103,150726,192307,231913,305341,325565,296220,331717,224334,285404,67719,123229,15634,14436,29187,36543,32426,51069,42039,72887,58777,74503,80826,87890,142718,182689,59080,107141,1951453,884883,263078,132469,755353,58810,11749,313,210
2021-05-13T23:59:59+02:00,76,85,47381,46943,101782,112457,122387,146615,182286,223330,294735,315749,293254,328296,223523,284267,67619,123022,14774,13990,28330,35846,31666,50167,41095,71794,57272,72940,77047,83540,139949,179078,58970,106924,1899862,872337,254454,125415,749128,54960,10735,309,205
2021-05-12T23:59:59+02:00,74,83,46471,46231,99867,111028,120320,144953,179734,221220,290001,310422,292092,327028,223283,283947,67581,122937,14608,13839,28009,35627,31263,49880,40648,71419,56730,72373,75699,81908,139169,177944,58884,106764,1876777,866584,252291,123619,748637,54690,9936,305,203
2021-05-11T23:59:59+02:00,70,77,44227,44757,95841,107951,114513,140224,166371,209948,278355,299658,288691,323117,222327,282549,67431,122638,14178,13273,27000,34200,30131,48074,39343,69143,55021,70109,72611,78320,137811,176108,58725,106406,1817928,854297,242576,120930,740133,46826,8460,300,201
2021-05-10T23:59:59+02:00,69,73,42974,43778,93241,105942,111255,137591,157986,202919,270479,292551,286516,320664,221755,281689,67307,122397,13833,12829,26243,33216,29336,46814,38346,67290,53791,68381,70521,75765,136665,174596,58607,106119,1782357,845428,236526,119876,733160,39626,7488,296,193
2021-05-09T23:59:59+02:00,68,73,41851,43006,90557,104187,108591,135822,152975,199500,264956,287603,285273,319276,221379,281162,67241,122251,13517,12609,25550,32547,28608,46011,37554,66330,52861,67439,69291,74364,136068,173759,58552,105988,1763019,840856,229426,118898,727163,34852,6505,291,191
2021-05-08T23:59:59+02:00,67,73,41560,42703,89710,103454,107493,134965,151525,198283,262393,285536,284772,318734,221260,280984,67225,122219,13415,12547,25421,32455,28463,45882,37364,66135,52520,67120,68327,73443,134997,172393,58505,105895,1750957,836238,228916,118152,726937,34075,6491,282,178
2021-05-07T23:59:59+02:00,65,72,40635,41986,87772,102116,104664,132749,146904,194477,256137,280023,283432,317135,220913,280529,67172,122097,12669,12066,24594,31719,27699,44822,36500,64874,51336,65608,66076,70755,132768,169569,58415,105718,1725161,826553,225705,115881,722814,27289,5540,276,174
2021-05-06T23:59:59+02:00,61,71,37992,40262,83023,98658,98671,127993,136715,185962,239691,265609,278308,311339,219628,278841,66998,121784,11983,11548,23655,30615,26702,43472,35146,62875,49602,63631,63588,67626,130656,166804,58301,105500,1659598,815457,215799,112772,711913,18924,4626,262,172
2021-05-05T23:59:59+02:00,59,68,36105,39063,79365,96076,94071,124347,128895,179427,224941,251568,272127,304202,218055,276849,66752,121261,11750,11272,23111,29890,26098,42550,34222,61473,48448,62216,60972,64513,127711,163101,58203,105249,1593409,803148,210717,109202,705874,14952,3554,261,168
2021-05-04T23:59:59+02:00,59,66,35000,37955,76644,93753,90563,121308,123323,174696,214313,241303,266642,297757,216613,275005,66543,120793,11587,11068,22703,29348,25638,41778,33500,60382,47339,60944,58254,61332,125345,160164,58053,105013,1544362,791252,205595,106565,699796,11806,2903,258,166
2021-05-03T23:59:59+02:00,58,64,34129,36904,74352,91931,87688,118958,118887,171053,207655,235304,263366,293894,215813,273916,66422,120497,11339,10797,22309,28771,25155,41078,32813,59418,46314,59804,55461,57988,121568,155267,57796,104575,1512610,775382,202483,104850,694862,9050,1250,254,163
2021-05-02T23:59:59+02:00,58,64,33774,36589,73176,91025,86214,117868,116459,169186,204562,232788,262405,292805,215526,273507,66355,120389,11267,10724,22120,28557,24925,40795,32471,59011,45861,59329,54271,56527,118497,151586,57712,104444,1501997,770353,199686,99286,690990,8150,388,250,158
2021-05-01T23:59:59+02:00,57,64,33455,36210,72415,90231,85141,116825,114988,167820,201476,229759,261713,291980,215316,273227,66344,120350,11253,10708,22067,28527,24864,40757,32409,58954,45779,59252,54029,56235,118339,151390,57703,104427,1486894,769044,199678,99246,690723,8102,381,249,158
2021-04-30T23:59:59+02:00,54,62,32911,35609,71208,89007,83678,115093,111204,164252,194076,222641,259722,289611,214868,272617,66284,120242,10932,10512,21707,28249,24589,40333,32081,58392,45317,58621,53133,55071,117387,150204,57648,104308,1453983,765366,199351,97255,689925,5765,180,247,156
2021-04-29T23:59:59+02:00,52,61,31410,34657,68284,86978,80045,112487,106086,160138,181258,211091,251786,280509,213672,270985,66149,119899,10624,10297,21233,27801,24161,39836,31498,57652,44514,57690,51300,52875,115539,147966,57548,104113,1399067,756533,192066,94587,684553,3450,158,237,154
2021-04-28T23:59:59+02:00,51,59,30175,34047,66415,85666,77567,110665,102659,157281,171569,201918,240929,267911,212391,269299,65953,119573,10438,10136,20932,27446,23796,39366,31074,56991,43789,56864,49175,50253,112958,144729,57423,103901,1346408,746968,188700,90032,679187,2229,128,231,146
2021-04-27T23:59:59+02:00,48,58,29417,33362,64840,84202,75554,108855,99896,154884,166847,197194,232423,258103,211244,267684,65833,119350,10313,10025,20651,27156,23559,39036,30714,56492,43101,56175,47166,47709,110318,141294,57304,103701,1312366,737148,186394,86023,671198,1510,127,226,137
2021-04-26T23:59:59+02:00,47,58,28987,32977,63739,83315,74052,107689,97608,153170,158227,189189,228230,253258,210535,266687,65740,119151,10219,9935,20433,26968,23323,38822,30417,56150,42484,55603,45359,45560,108421,138814,57208,103547,1283407,729184,184949,82922,664471,1131,122,220,134
2021-04-25T23:59:59+02:00,47,57,28735,32737,62962,82789,72988,106952,95876,151941,152843,184321,223897,248376,209945,265906,65674,119028,10163,9901,20355,26890,23235,38740,30309,56023,42324,55444,44947,45063,107740,137909,57180,103476,1270631,727518,178813,81158,655799,1000,119,217,134
2021-04-24T23:59:59+02:00,47,56,28391,32310,62020,81565,71803,105504,94328,150281,147933,179172,221108,245041,209475,265232,65640,118978,10149,9882,20314,26848,23182,38673,30228,55937,42174,55308,44703,44755,107488,137612,57159,103448,1245749,726424,178783,80458,654515,957,118,216,132
2021-04-23T23:59:59+02:00,45,56,27645,31688,60453,80055,70011,103484,91740,147638,143148,174774,216556,239491,208820,264244,65577,118863,10096,9818,20204,26761,23051,38523,29995,55728,41811,54977,44088,43995,106426,136323,57003,103173,1220857,723069,177599,77980,645988,905,117,213,129
2021-04-22T23:59:59+02:00,43,55,27030,31087,58918,78620,67544,101270,87613,144146,135111,167284,207529,228496,206778,261616,65378,118467,9971,9722,19954,26464,22697,38090,29483,55216,41064,54343,42931,42681,104434,133871,56774,102776,1179340,715589,170147,74083,637651,784,117,208,125
2021-04-21T23:59:59+02:00,43,51,26534,30565,57586,77516,65662,99641,84570,141506,127928,160468,194449,213162,204630,258729,65152,118041,9839,9636,19722,26213,22409,37765,29127,54765,40512,53809,42082,41663,102239,131082,56519,102362,1127838,709031,167261,69992,631284,712,117,204,118
2021-04-20T23:59:59+02:00,42,50,26108,30094,56423,76370,63985,98059,82020,138934,122843,155404,182975,199705,202203,255593,64916,117612,9735,9546,19502,26025,22117,37495,28715,54348,39973,53277,41266,40731,100019,128095,56182,101825,1085204,701475,163774,66744,624506,632,115,201,111
2021-04-19T23:59:59+02:00,42,49,25742,29735,55449,75549,62698,96879,79890,137009,119319,152022,177220,192865,200493,253358,64731,117280,9627,9453,19271,25805,21873,37221,28400,53957,39460,52745,40469,39823,96912,124110,55777,101111,1060639,691093,161943,64326,617903,595,114,191,111
2021-04-18T23:59:59+02:00,41,44,25434,29473,54682,75004,61575,95932,78030,135582,115954,149628,172113,187308,199480,252128,64619,117087,9553,9378,19082,25629,21696,37056,28184,53681,39201,52495,40141,39440,95699,122562,55594,100810,1046646,687224,160275,62397,607342,580,114,188,110
2021-04-17T23:59:59+02:00,40,43,25326,29380,54311,74806,61059,95579,77377,134982,115105,148888,167857,182422,198946,251402,64585,117022,9508,9319,18944,25442,21509,36826,27956,53407,38937,52228,39842,39116,94933,121638,55529,100726,1035754,683209,160247,62083,603278,568,114,187,110
2021-04-16T23:59:59+02:00,40,43,24951,29130,53322,74197,59771,94701,75750,133653,110954,144746,160210,173650,197287,249200,64477,116813,9302,9144,18550,25009,20923,36252,26847,52502,36913,50629,36528,36171,91745,118111,55127,100071,1009836,668116,159454,55169,593754,539,113,184,109
2021-04-15T23:59:59+02:00,37,39,24476,28681,52072,73030,57808,92977,72474,130814,105496,139472,152352,164678,192633,243329,64180,116197,9128,8981,18181,24586,20431,35590,26169,51704,35522,49399,34417,34120,88627,114372,54619,99213,977653,654994,157401,49579,575836,489,112,182,105
2021-04-14T23:59:59+02:00,35,36,24137,28354,51137,72092,56465,91588,70087,128652,101496,135705,143155,154301,184892,233450,63838,115530,8720,8709,17705,24080,19896,34943,25259,50827,34232,48280,32371,31967,85648,110722,54127,98351,939773,640090,154732,45357,560590,394,111,177,104
2021-04-13T23:59:59+02:00,35,36,23898,28136,50440,71556,55520,90758,68452,127238,97771,132268,131335,141180,178500,225123,63500,114942,8485,8536,17359,23671,19472,34406,24593,50034,33164,47261,30988,30606,83492,108330,53769,97806,906530,630738,150215,40966,544088,272,111,174,103
2021-04-12T23:59:59+02:00,35,35,23689,27947,49886,71045,54654,90027,66981,125948,95140,129946,124223,133150,175277,221173,63229,114451,8248,8348,16994,23373,19100,33969,24122,49501,32497,46634,29461,29067,81827,106393,53442,97285,890117,622295,148670,37712,528196,258,109,170,101
2021-04-11T23:59:59+02:00,34,35,23514,27785,49358,70624,53923,89573,65838,125143,93282,128467,118735,127132,171359,216569,63059,114154,8113,8214,16697,23094,18782,33658,23764,49120,32052,46249,28826,28402,80810,105146,53233,96967,882642,617003,144261,35890,511836,244,104,164,98
2021-04-10T23:59:59+02:00,34,35,23453,27728,49191,70487,53723,89413,65508,124873,92759,128032,116651,124601,169918,214719,63017,114054,7525,7608,15807,22308,17824,32816,22644,48087,30939,45254,28165,27691,78721,102537,52966,96531,875642,601681,143405,35511,509307,240,98,164,98
2021-04-09T23:59:59+02:00,33,35,23204,27478,48689,69996,53084,88724,64510,123746,90935,126126,107820,113656,166537,210309,62818,113696,6565,6707,14277,20986,16104,31260,20501,46120,28728,43244,26388,25867,75216,98353,52421,95691,856205,574216,136348,33996,499008,227,87,159,95
2021-04-08T23:59:59+02:00,33,35,22907,27232,48112,69507,52329,88026,63201,122661,88515,123962,97508,101651,160990,203457,62488,113127,5921,6119,13088,19965,14845,29922,18863,44407,26238,40913,23368,22897,70557,92568,51268,93928,837506,542620,127454,32066,480955,198,78,157,93
2021-04-07T23:59:59+02:00,31,34,22595,27005,47304,69045,51399,87411,61813,121676,85371,121517,88318,91359,153986,194669,62194,112569,5541,5796,12428,19289,14029,29096,17824,43357,24334,39023,20836,20372,66595,87797,50273,92310,817094,519156,121852,29595,459530,171,71,150,89
2021-04-06T23:59:59+02:00,30,34,22386,26844,46773,68661,50808,86887,60782,120901,83261,119775,80561,82551,147619,186706,61849,111941,5346,5637,12076,18931,13676,28664,17289,42795,23477,38215,19709,19342,63437,83697,49352,90924,797811,505792,118641,26646,442102,160,65,144,86
2021-04-05T23:59:59+02:00,30,33,22287,26719,46461,68314,50419,86487,60235,120208,82081,118623,76081,77452,142616,180601,61648,111625,5206,5499,11815,18679,13382,28351,16966,42420,23032,37754,19247,18873,60552,80140,48652,89858,788364,496450,116888,23853,426855,156,61,140,86
2021-04-04T23:59:59+02:00,30,33,22238,26659,46340,68042,50248,86174,59954,119707,81571,117991,74638,75746,141912,179628,61611,111543,5201,5491,11797,18665,13370,28334,16947,42403,22935,37682,18841,18551,59114,78296,48446,89547,785823,491661,116780,23850,421656,149,56,138,83
2021-04-03T23:59:59+02:00,30,33,22176,26578,46217,67933,50084,85999,59638,119395,81003,117412,73292,74111,140795,178091,61528,111394,5192,5482,11784,18646,13347,28314,16914,42356,22829,37607,18706,18400,58764,77731,48357,89400,779457,489873,116738,23850,419708,147,55,137,83
2021-04-02T23:59:59+02:00,30,33,22098,26493,46056,67766,49866,85751,59168,118943,80124,116600,71737,72223,138514,175105,61331,111034,5172,5445,11736,18603,13292,28232,16825,42207,22557,37133,18350,18037,56428,74852,47545,88299,770328,481403,114962,23208,417779,147,51,135,81
2021-04-01T23:59:59+02:00,27,31,21903,26289,45639,67246,49219,85011,58293,118004,78244,114931,68473,68793,134423,169926,61012,110464,5025,5301,11463,18338,13068,27996,16504,41898,22052,36693,17526,17290,51572,68804,45859,85828,758674,463295,108861,21836,410593,135,46,132,80
2021-03-31T23:59:59+02:00,27,31,21574,26070,45237,66720,48722,84359,57563,117066,77085,113689,66425,66474,129661,163803,60608,109741,4947,5249,11365,18217,12907,27845,16265,41629,21464,36181,16399,16389,46348,62381,44475,83835,748904,444911,101689,20911,404466,132,41,130,75
2021-03-30T23:59:59+02:00,27,30,21397,25848,44837,66102,48216,83563,56852,116014,75947,112310,64582,64454,125278,158051,60140,108842,4880,5165,11260,18091,12714,27655,15937,41307,20890,35633,15566,15587,43589,58973,43363,82040,738715,433062,97462,19547,396528,105,34,124,73
2021-03-29T23:59:59+02:00,26,30,21199,25610,44375,65553,47740,82874,56118,114935,74713,110876,62091,61706,118538,149423,59370,107448,4782,5092,11155,17975,12561,27490,15692,40987,20432,35167,14918,15046,40997,55987,42256,80213,718178,421859,94040,18867,390623,90,32,123,72
2021-03-28T23:59:59+02:00,26,30,20993,25319,43876,64864,47224,82131,55439,113928,73769,109769,60833,60274,113832,143458,58927,106689,4727,5033,11010,17825,12303,27190,15500,40742,20265,34934,14678,14801,39921,54570,41906,79673,711647,417536,86733,17545,383217,69,32,120,66
2021-03-27T23:59:59+01:00,26,30,20873,25161,43584,64501,46860,81603,54938,113242,73093,109031,59678,59190,112345,141749,58860,106607,4714,5021,10983,17806,12285,27160,15139,40312,19864,34497,14387,14591,39435,53882,41433,78856,706371,413482,86029,16892,379185,65,32,119,64
2021-03-26T23:59:59+01:00,26,29,20622,24649,42778,62799,45890,79577,53603,110220,71077,105416,57664,57301,109591,138507,58532,106089,4695,4988,10960,17754,12215,27069,15061,40202,19523,33900,13917,13938,36362,50036,39375,75602,694955,398944,82711,16674,366915,53,29,119,64
2021-03-25T23:59:59+01:00,26,26,20190,23977,41903,61038,44795,77026,52090,106694,68689,101654,55066,54665,106278,134542,57962,105096,4649,4933,10869,17651,12094,26924,14880,39983,19248,33593,13447,13448,32517,44980,36377,71055,683528,380583,78516,16090,349886,48,26,116,64
2021-03-24T23:59:59+01:00,26,26,19786,23529,41120,59764,43775,75488,50710,104769,66587,99325,52282,51750,102027,129445,57321,104020,4594,4867,10776,17509,11927,26720,14650,39697,18881,33176,12992,13000,29950,41773,33264,66218,670724,365032,73640,15000,337603,41,21,112,63
2021-03-23T23:59:59+01:00,26,26,19539,23227,40559,58849,43050,74393,49672,103254,64924,97466,49989,49409,99275,126235,56764,103181,4535,4796,10677,17384,11781,26536,14406,39385,18470,32788,12497,12496,27516,38663,29572,60298,662586,347415,70297,14423,327173,40,20,110,63
2021-03-22T23:59:59+01:00,26,26,19317,22810,39916,57965,42383,73353,48727,101868,63450,95832,48163,47524,96881,123497,56292,102410,4478,4750,10589,17268,11650,26358,14248,39144,18229,32487,12184,12123,25676,36305,25585,53837,656278,331080,67494,13868,316885,35,20,107,62
2021-03-21T23:59:59+01:00,26,26,19178,22551,39423,57209,41833,72509,48074,100713,62506,94598,47118,46501,95238,121647,55922,101833,4462,4741,10553,17220,11603,26272,14188,39057,18148,32386,12064,11989,25246,35855,25231,53277,653698,328880,65466,13455,307956,34,18,105,58
2021-03-20T23:59:59+01:00,25,26,19120,22407,39211,56714,41593,71948,47763,100077,62064,93997,46464,45735,92640,118416,55633,101346,4453,4732,10544,17208,11575,26255,14146,39022,18069,32311,11910,11829,24605,35083,24467,52192,647226,325177,65018,13267,303147,34,18,105,58
2021-03-19T23:59:59+01:00,24,25,18764,21841,38079,54588,40311,69955,46027,97988,59183,91241,42026,41863,87421,112652,54930,100267,4431,4718,10511,17157,11510,26143,14054,38850,17834,32012,11560,11546,22933,33024,22781,49630,629469,315837,57806,12905,290122,29,17,101,58
2021-03-18T23:59:59+01:00,24,24,18370,21192,36903,52433,38773,67166,43872,93515,55340,85447,37998,38063,82690,107176,53842,98614,4411,4689,10445,17054,11432,25988,13909,38663,17621,31811,11326,11363,21688,31507,21065,47032,612549,307762,52063,12292,267037,27,16,100,56
2021-03-17T23:59:59+01:00,24,23,17944,20840,36177,51515,38007,66209,42792,92157,53550,83621,35323,35275,78674,102354,52900,97142,4388,4661,10383,16960,11358,25855,13797,38475,17425,31619,11088,11138,20439,30089,19473,44625,595882,300241,47658,11582,261188,24,16,97,56
2021-03-16T23:59:59+01:00,24,23,17585,20421,35430,50445,37194,65014,41694,90484,51710,81635,33122,33261,74643,97398,52020,95828,4338,4610,10310,16830,11266,25702,13697,38238,17293,31375,10914,10957,19160,28563,17990,42297,582620,292445,42972,11147,252537,24,12,96,55
2021-03-15T23:59:59+01:00,24,23,17305,20057,34720,49466,36402,63824,40789,89004,50448,80034,31398,31426,71357,93306,51325,94695,4316,4575,10244,16707,11200,25502,13580,37950,17145,31105,10749,10799,18429,27599,16731,40436,571492,286626,39645,10501,244669,24,2,94,55
2021-03-14T23:59:59+01:00,24,22,17036,19631,33865,48257,35502,62506,39731,87178,49193,78306,30232,30188,69364,90745,50881,94020,4292,4556,10199,16630,11144,25360,13520,37728,17055,30943,10677,10713,18249,27319,16469,39874,564376,285429,37767,9370,234742,15,0,90,55
2021-03-13T23:59:59+01:00,24,22,16220,18569,32365,46220,33927,60367,37690,84097,47058,75748,28882,28835,67347,88115,50612,93629,4292,4556,10197,16624,11141,25353,13511,37721,17048,30934,10642,10682,17501,26435,15424,38422,548015,281183,37483,9369,224416,15,0,90,55
2021-03-12T23:59:59+01:00,23,21,15121,17194,29925,43569,31261,57227,34825,79244,43844,71283,26044,25644,63042,82814,49628,92227,4279,4523,10178,16562,11123,25304,13467,37603,16958,30804,10367,10454,16611,25190,14353,36898,519977,275385,36173,9358,206962,12,0,88,54
2021-03-11T23:59:59+01:00,22,21,14078,15735,27672,40876,28938,54043,32235,74855,40088,66392,22642,22167,57031,75504,47703,89399,4238,4482,10098,16443,11010,25079,13350,37293,16792,30499,10066,10243,15980,24349,13686,35623,487936,271388,34583,7919,187041,9,0,85,50
2021-03-10T23:59:59+01:00,22,21,13483,15034,26264,39263,27283,52224,30672,72535,37571,63268,19891,19613,51119,68373,46151,87070,4204,4438,9999,16276,10891,24828,13202,36875,16593,30126,9824,10060,15237,23577,13026,34598,461520,266656,32538,7175,175956,7,0,83,48
2021-03-09T23:59:59+01:00,21,20,13201,14568,25138,38223,25866,51038,29608,70883,36192,61433,18707,18489,47613,63933,45031,85280,4179,4412,9914,16109,10787,24569,13049,36558,16417,29889,9700,9957,14573,22740,12527,33824,447919,262940,30005,6342,167464,7,0,83,46
2021-03-08T23:59:59+01:00,20,20,12869,13959,24058,37111,24598,49901,28674,69402,34959,59817,17637,17609,43493,58947,43804,83293,4164,4376,9852,15911,10684,24305,12916,36200,16288,29625,9616,9873,14078,22135,12213,33383,432465,259751,28006,5950,159841,2,0,82,45
2021-03-07T23:59:59+01:00,20,20,12635,13666,23466,36258,23900,49024,28072,68533,34348,59055,17373,17358,42423,57494,43438,82731,4152,4363,9830,15869,10657,24231,12886,36030,16231,29511,9594,9844,13880,21881,12079,33180,427694,258694,26191,5607,156070,0,0,78,45
2021-03-06T23:59:59+01:00,20,20,12522,13374,23064,35525,23366,48235,27023,67000,33247,57291,16985,17028,41777,56604,43139,82264,4149,4349,9819,15842,10639,24197,12876,35989,16213,29480,9576,9804,13834,21843,11976,32969,423626,258317,26127,5323,148871,0,0,76,43
2021-03-05T23:59:59+01:00,20,20,12109,12770,22381,34323,22682,47006,26267,65373,32012,54872,16337,16194,38316,52297,40983,78820,4122,4302,9749,15742,10589,24049,12808,35794,16126,29275,9482,9734,13649,21630,11604,32358,408428,256626,24674,4473,139813,0,0,76,41
2021-03-04T23:59:59+01:00,18,20,11350,11759,21194,32597,21468,44955,24911,62722,30318,52519,15608,15474,34314,47136,37916,74142,4073,4211,9635,15450,10486,23690,12675,35262,15984,28874,9304,9581,13491,21420,11519,32212,390011,253573,22599,4380,125941,0,0,76,38
2021-03-03T23:59:59+01:00,16,20,11040,11264,20507,31377,20694,43594,24003,60972,29273,50877,15129,14973,31701,43816,34831,69376,4032,4148,9554,15280,10407,23438,12569,34840,15804,28527,9119,9455,13365,21203,11374,31942,374571,250930,21803,4214,117219,0,0,72,35
2021-03-02T23:59:59+01:00,16,20,10779,10836,19862,30407,19981,42576,23217,59585,28300,49600,14503,14327,29028,40450,30946,63160,3984,4076,9492,15114,10338,23172,12464,34407,15703,28218,8994,9352,13226,21014,11298,31797,356390,248521,20295,4213,111032,0,0,71,35
2021-03-01T23:59:59+01:00,14,19,10607,10577,19349,29603,19418,41692,22629,58513,27586,48477,14085,13874,26957,37867,26679,56271,3968,4026,9437,14959,10274,22874,12383,34031,15598,27896,8910,9290,13045,20744,11182,31614,339160,246102,19180,4213,105997,0,0,70,35
2021-02-28T23:59:59+01:00,13,19,10438,10375,18881,28954,18881,40953,22148,57660,27096,47683,13878,13631,26350,37206,26274,55668,3952,4012,9411,14926,10255,22823,12367,33961,15571,27850,8883,9266,12914,20565,11119,31465,336691,245248,18322,4177,101212,0,0,70,34
2021-02-27T23:59:59+01:00,13,18,10259,9860,18553,28089,18623,40168,21865,56676,26771,46894,13607,13330,25684,36411,25354,54252,3940,4000,9389,14905,10223,22775,12328,33879,15525,27776,8862,9251,12894,20542,11097,31445,332803,244888,17600,4028,96137,0,0,70,34
2021-02-26T23:59:59+01:00,12,17,9463,9078,17655,26650,17842,37966,20937,53831,25312,44077,13143,12929,24098,34425,23827,51948,3859,3932,9311,14744,10149,22522,12248,33513,15411,27484,8783,9171,12828,20475,11058,31375,323685,242994,17347,3955,82285,0,0,70,32
2021-02-25T23:59:59+01:00,12,17,8307,8226,16340,25042,16577,35712,19703,50944,23605,41295,12668,12529,22821,32836,22328,49666,3735,3787,9145,14428,9929,21917,11994,32659,15086,26830,8587,9020,12565,20150,10918,31106,316071,238846,16574,3097,66086,0,0,67,31
2021-02-24T23:59:59+01:00,11,16,7942,7701,15687,24010,15951,34477,18990,49432,22817,40097,12275,12194,21520,31342,20649,47038,3663,3719,9004,14137,9752,21462,11790,32033,14824,26297,8446,8882,12423,19977,10853,30895,307848,236076,15607,2166,58794,0,0,67,30
2021-02-23T23:59:59+01:00,11,16,7459,7222,14872,22834,15265,33258,18270,48025,22100,39027,11964,11870,20180,29771,19036,44484,3622,3643,8884,13935,9613,21064,11601,31453,14526,25795,8278,8738,12295,19766,10781,30658,299733,233237,14808,1501,51219,0,0,66,28
2021-02-22T23:59:59+01:00,10,14,7352,7016,14490,22217,14914,32533,17805,47017,21604,38293,11762,11619,19432,28761,17720,42530,3593,3541,8747,13644,9450,20562,11346,30708,14157,25197,8031,8544,12096,19513,10675,30351,293857,229924,14198,315,47128,0,0,64,28
2021-02-21T23:59:59+01:00,10,14,7262,6890,14168,21771,14495,31951,17389,46366,21166,37799,11656,11517,19270,28547,17473,42196,3554,3501,8663,13520,9373,20346,11274,30416,14036,24929,7972,8482,12040,19404,10604,30187,292712,228084,13828,299,43493,0,0,62,28
2021-02-20T23:59:59+01:00,10,14,7145,6840,14043,21691,14379,31816,17270,46215,21007,37616,11557,11433,18488,27629,16415,40725,3551,3495,8653,13512,9363,20325,11260,30391,14022,24918,7967,8473,11976,19340,10550,30119,288450,227701,13631,298,42302,0,0,62,26
2021-02-19T23:59:59+01:00,8,13,6843,6589,13690,21253,14008,31149,16797,45419,20302,36748,10954,11031,17445,26304,15259,39120,3471,3472,8577,13484,9320,20268,11222,30298,13964,24824,7925,8413,11755,19068,10357,29789,282082,225996,13255,297,37683,0,0,59,24
2021-02-18T23:59:59+01:00,8,13,6446,6115,13063,20109,13369,29778,15981,43552,19428,35169,10725,10814,16852,25552,14681,38232,3286,3335,8243,12945,9026,19518,10872,29257,13595,23995,7721,8105,11169,18116,9860,28636,278497,217468,12674,297,28802,0,0,58,23
2021-02-17T23:59:59+01:00,8,12,6280,5773,12618,19229,12879,28588,15279,41831,18781,33844,10494,10561,16096,24739,13904,37045,3036,3175,7903,12429,8726,18728,10505,28210,13208,23143,7488,7870,10614,17264,9425,27821,273830,209333,11942,293,22271,0,0,56,23
2021-02-16T23:59:59+01:00,8,12,5954,5471,12082,18397,12377,27518,14735,40458,18187,32811,10340,10458,15428,23912,13396,36259,2854,3055,7600,11976,8419,18004,10109,27119,12750,22246,7219,7577,9904,16093,8700,26270,270303,199838,11446,137,16136,0,0,54,23
2021-02-15T23:59:59+01:00,8,12,5848,5290,11786,17752,12110,26735,14388,39465,17841,32044,10213,10347,14870,23260,13037,35723,2765,2974,7407,11654,8201,17497,9806,26273,12400,21564,6951,7293,9211,15036,8189,24990,267211,192201,10844,91,12759,0,0,51,22
2021-02-14T23:59:59+01:00,8,12,5580,5175,11537,17482,11886,26301,14156,39018,17650,31767,10168,10297,14636,22921,12873,35330,2715,2936,7293,11487,8073,17291,9630,25941,12221,21262,6856,7169,8989,14653,8002,24454,266210,188963,9910,89,10762,0,0,50,22
2021-02-13T23:59:59+01:00,8,12,5520,5137,11487,17445,11855,26269,14128,38986,17630,31748,10154,10269,14609,22888,12859,35312,2711,2933,7288,11480,8061,17269,9613,25906,12194,21218,6825,7135,8833,14441,7650,23825,265965,187455,9906,8,10531,0,0,49,20
2021-02-12T23:59:59+01:00,8,11,5003,4819,10918,17082,11538,25718,13810,38343,17299,31108,10044,10162,14428,22674,12778,35203,2660,2900,7193,11322,7961,17038,9466,25515,11981,20771,6642,6900,8470,13881,7057,22487,264275,182319,9895,6,6861,0,0,48,20
2021-02-11T23:59:59+01:00,8,11,4541,4518,10332,16401,11125,24910,13333,37083,16811,30250,9729,9901,14146,22226,12497,34517,2491,2626,6594,10130,7274,15303,8604,22895,10927,18686,5989,6190,7423,12269,6244,20173,261044,163893,8253,3,3127,0,0,46,15
2021-02-10T23:59:59+01:00,8,11,4294,4350,9997,15953,10817,24373,13022,36200,16397,29501,9511,9765,13964,22021,12405,34311,2128,2334,5657,8664,6468,13262,7618,19987,9800,16644,5445,5603,6436,10608,5472,18123,258393,144326,7753,2,838,0,0,43,3
2021-02-09T23:59:59+01:00,8,10,4230,4251,9873,15686,10708,23970,12848,35580,16185,29028,9332,9624,13769,21808,12262,34087,1732,1981,4874,7393,5694,11469,6700,17471,8717,14646,4869,4973,5387,9049,4741,16011,255935,125777,6974,1,434,0,0,42,3
2021-02-08T23:59:59+01:00,8,10,4196,4196,9779,15475,10599,23608,12729,35118,16040,28669,9238,9557,13567,21524,12153,33890,1567,1786,4314,6397,5030,9895,5882,14942,7701,12790,4316,4445,4412,7459,3980,13926,253552,108906,6459,1,428,0,0,40,3
2021-02-07T23:59:59+01:00,8,10,4031,4129,9622,15340,10497,23443,12649,34856,15928,28476,9197,9511,13421,21341,12079,33746,1352,1541,3895,5723,4616,9016,5457,13780,7216,11830,4063,4187,4183,7064,3820,13331,252455,101136,5914,1,0,0,0,36,2
2021-02-06T23:59:59+01:00,8,10,4022,4120,9611,15324,10484,23408,12627,34806,15910,28419,9178,9498,13403,21306,11973,33548,1200,1346,3662,5418,4431,8591,5240,13197,6937,11276,3929,4055,4057,6915,3542,12874,252112,96730,5628,1,0,0,0,36,1
2021-02-05T23:59:59+01:00,8,9,3949,4052,9539,15181,10418,23158,12542,34438,15796,28136,9094,9425,13331,21235,11624,32952,1059,1116,3381,4973,4172,8009,4925,12419,6555,10548,3674,3811,3899,6683,3035,11985,250234,90300,4736,0,0,0,0,36,1
2021-02-04T23:59:59+01:00,8,9,3891,3927,9418,14864,10241,22610,12355,33641,15579,27574,8972,9314,13106,20942,11509,32745,797,784,2557,3722,3238,6268,3974,9879,5236,8334,3002,3100,3284,5699,2647,10496,246278,73060,4511,0,0,0,0,34,1
2021-02-03T23:59:59+01:00,8,9,3822,3855,9315,14642,10137,22272,12222,33130,15429,27156,8863,9199,12966,20768,11432,32576,662,616,1930,2807,2504,4840,3003,7587,4011,6283,2189,2228,2392,4213,1917,7852,243547,55067,4339,0,0,0,0,33,1
2021-02-02T23:59:59+01:00,8,9,3754,3759,9216,14448,10039,21894,12081,32565,15227,26704,8737,9083,12844,20556,11348,32308,526,486,1462,2076,1913,3639,2259,5771,2993,4700,1549,1531,1630,2777,1334,5216,240328,39884,4337,0,0,0,0,31,1
2021-02-01T23:59:59+01:00,7,9,3714,3669,9138,14217,9933,21509,11944,31928,15044,26201,8618,8936,12735,20412,11299,32130,391,352,1019,1432,1262,2426,1471,3783,1862,2976,981,976,963,1692,763,3017,237191,25377,4337,0,0,0,0,30,1
2021-01-31T23:59:59+01:00,7,9,3696,3633,9084,14108,9864,21304,11876,31631,14941,26005,8562,8877,12683,20300,11254,32001,361,331,897,1242,1072,2053,1270,3230,1629,2607,883,885,862,1508,692,2710,235697,22241,4222,0,0,0,0,29,1
2021-01-30T23:59:59+01:00,7,9,3695,3630,9074,14095,9851,21281,11863,31611,14929,25991,8558,8872,12614,20231,11188,31923,345,307,837,1158,1015,1929,1206,3040,1554,2469,855,859,843,1468,677,2657,235377,21227,4129,0,0,0,0,29,1
2021-01-29T23:59:59+01:00,7,9,3635,3615,9014,14066,9822,21229,11830,31536,14881,25924,8534,8849,12428,20007,11008,31680,278,224,716,984,871,1569,1052,2651,1343,2145,766,768,795,1414,659,2604,234158,18845,4000,0,0,0,0,28,1
2021-01-28T23:59:59+01:00,7,8,3517,3528,8810,13678,9603,20716,11598,30954,14554,25429,8398,8747,11996,19388,10651,31100,131,57,297,361,378,611,462,1149,612,959,402,423,464,813,376,1571,229369,9070,3399,0,0,0,0,26,0
2021-01-27T23:59:59+01:00,7,8,3285,3393,8518,13260,9303,20093,11214,30120,14167,24691,8181,8535,11445,18584,10228,30337,80,33,204,223,245,414,306,801,433,657,305,307,343,605,281,1149,222661,6389,2788,0,0,0,0,26,0
2021-01-26T23:59:59+01:00,6,8,3121,3295,8236,12922,9040,19524,10910,29364,13771,24055,7943,8313,10869,17670,9582,29187,75,29,189,213,229,381,290,748,402,597,291,281,316,542,254,1019,215948,5859,1947,0,0,0,0,26,0
2021-01-25T23:59:59+01:00,6,8,3032,3201,7953,12441,8750,18821,10524,28364,13293,23291,7664,8112,10254,16852,9126,28286,67,21,168,191,195,322,251,627,351,494,254,236,262,464,205,832,209649,4943,409,0,0,0,0,23,0
2021-01-24T23:59:59+01:00,6,8,2988,3180,7868,12361,8676,18696,10415,28204,13164,23108,7620,8076,10188,16739,9078,28190,66,20,164,187,193,309,248,605,342,480,245,232,260,457,201,817,208339,4829,305,0,0,0,0,23,0
2021-01-23T23:59:59+01:00,6,8,2987,3179,7867,12358,8672,18686,10413,28190,13158,23103,7613,8073,10064,16572,8750,27604,65,20,164,187,192,308,246,605,340,480,245,232,260,457,201,815,207081,4820,303,0,0,0,0,21,0
2021-01-22T23:59:59+01:00,6,8,2924,3133,7743,12244,8589,18544,10303,28017,13077,22989,7582,8038,9866,16270,8232,26581,65,20,163,187,192,308,246,605,339,480,245,232,260,457,201,815,203929,4818,302,0,0,0,0,17,0
2021-01-21T23:59:59+01:00,6,8,2842,2963,7244,11331,8106,17398,9766,26390,12473,21774,7300,7715,9236,15334,7718,25543,59,18,147,173,175,276,220,530,302,440,221,207,233,380,176,693,192927,4253,302,0,0,0,0,15,0
2021-01-20T23:59:59+01:00,6,8,2481,2617,6361,9919,7360,15443,8814,23562,11365,19703,6700,7067,8144,13567,6903,23318,57,18,146,168,172,274,211,516,290,418,209,200,227,355,162,655,173111,4081,298,0,0,0,0,15,0
2021-01-19T23:59:59+01:00,6,8,2042,2262,5460,8529,6499,13552,7797,20782,10098,17466,5950,6189,6767,11391,5883,20283,41,12,97,124,118,168,148,353,191,290,133,114,141,238,114,489,150808,2772,217,0,0,0,0,15,0
2021-01-18T23:59:59+01:00,5,8,1770,1974,4702,7145,5546,11322,6600,17188,8675,14750,5072,5311,5392,9143,4814,16819,22,7,39,46,53,78,65,162,76,146,59,53,66,131,62,221,126199,1287,93,0,0,0,0,15,0
2021-01-17T23:59:59+01:00,4,8,1496,1684,4189,6351,5038,10191,6063,15621,8036,13488,4735,4964,5017,8470,4486,15814,8,2,9,15,16,28,20,50,29,57,24,23,20,31,13,47,115617,392,88,0,0,0,0,14,0
2021-01-16T23:59:59+01:00,4,7,1330,1481,3973,6030,4858,9753,5804,14957,7707,12795,4545,4737,4804,8194,4134,15211,0,0,0,1,1,2,1,1,1,2,0,1,1,0,0,1,110364,12,8,0,0,0,0,13,0
2021-01-15T23:59:59+01:00,4,7,1180,1255,3719,5609,4603,9187,5515,14118,7302,11995,4254,4443,4616,7885,3597,14166,0,0,0,0,0,0,0,0,0,0,0,0,0,0,0,0,103495,0,4,0,0,0,0,13,0
2021-01-14T23:59:59+01:00,3,4,906,944,2974,4423,3738,7372,4572,11374,5909,9650,3458,3574,3878,6656,3114,12368,0,0,0,0,0,0,0,0,0,0,0,0,0,0,0,0,84950,0,0,0,0,0,0,13,0
2021-01-13T23:59:59+01:00,3,3,771,791,2501,3691,3154,6149,3800,9433,4816,7772,2588,2659,2922,5073,2384,9451,0,0,0,0,0,0,0,0,0,0,0,0,0,0,0,0,67988,0,0,0,0,0,0,12,0
2021-01-12T23:59:59+01:00,2,3,639,659,2093,3027,2598,4999,3043,7593,3796,6106,1857,1842,1997,3438,1689,6450,0,0,0,0,0,0,0,0,0,0,0,0,0,0,0,0,51864,0,0,0,0,0,0,0,0
2021-01-11T23:59:59+01:00,1,1,495,524,1744,2450,2083,3997,2356,5772,2821,4430,1195,1137,1197,2026,933,3678,0,0,0,0,0,0,0,0,0,0,0,0,0,0,0,0,36864,0,0,0,0,0,0,0,0
2021-01-10T23:59:59+01:00,1,1,438,455,1483,2024,1744,3274,1949,4787,2344,3712,1054,1011,1053,1778,832,3225,0,0,0,0,0,0,0,0,0,0,0,0,0,0,0,0,31180,0,0,0,0,0,0,0,0
2021-01-09T23:59:59+01:00,1,1,407,410,1359,1847,1598,2984,1796,4339,2159,3381,982,942,998,1725,814,3182,0,0,0,0,0,0,0,0,0,0,0,0,0,0,0,0,28938,0,0,0,0,0,0,0,0
2021-01-08T23:59:59+01:00,1,1,310,281,1109,1501,1319,2312,1475,3559,1788,2764,848,834,910,1601,766,3027,0,0,0,0,0,0,0,0,0,0,0,0,0,0,0,0,24416,0,0,0,0,0,0,0,0
2021-01-07T23:59:59+01:00,1,0,145,76,401,506,484,795,595,1372,781,1202,467,482,561,964,465,1911,0,0,0,0,0,0,0,0,0,0,0,0,0,0,0,0,11211,0,0,0,0,0,0,0,0
2021-01-06T23:59:59+01:00,1,0,111,44,271,285,311,518,399,930,531,824,360,360,424,748,358,1444,0,0,0,0,0,0,0,0,0,0,0,0,0,0,0,0,7922,0,0,0,0,0,0,0,0
2021-01-05T23:59:59+01:00,1,0,87,31,192,230,245,430,321,821,448,702,344,346,407,716,351,1390,0,0,0,0,0,0,0,0,0,0,0,0,0,0,0,0,7065,0,0,0,0,0,0,0,0
2021-01-04T23:59:59+01:00,1,0,69,25,175,192,203,336,258,639,354,511,269,253,288,518,234,933,0,0,0,0,0,0,0,0,0,0,0,0,0,0,0,0,5260,0,0,0,0,0,0,0,0
2021-01-03T23:59:59+01:00,1,0,67,21,168,187,198,321,256,622,345,494,261,251,284,505,232,916,0,0,0,0,0,0,0,0,0,0,0,0,0,0,0,0,5131,0,0,0,0,0,0,0,0
2021-01-02T23:59:59+01:00,1,0,67,21,168,187,198,321,253,622,342,494,261,251,284,505,232,915,0,0,0,0,0,0,0,0,0,0,0,0,0,0,0,0,5124,0,0,0,0,0,0,0,0
2021-01-01T23:59:59+01:00,1,0,66,21,167,187,198,319,252,622,339,492,261,251,284,504,232,915,0,0,0,0,0,0,0,0,0,0,0,0,0,0,0,0,5113,0,0,0,0,0,0,0,0
2020-12-31T23:59:59+01:00,1,0,66,21,166,185,198,318,251,621,338,491,261,251,284,504,232,915,0,0,0,0,0,0,0,0,0,0,0,0,0,0,0,0,5105,0,0,0,0,0,0,0,0
2020-12-30T23:59:59+01:00,1,0,65,21,166,184,196,315,250,619,338,489,261,251,284,504,231,915,0,0,0,0,0,0,0,0,0,0,0,0,0,0,0,0,5092,0,0,0,0,0,0,0,0
2020-12-29T23:59:59+01:00,1,0,46,13,118,140,147,212,182,445,238,375,179,163,196,375,170,713,0,0,0,0,0,0,0,0,0,0,0,0,0,0,0,0,3714,0,0,0,0,0,0,0,0
2020-12-28T23:59:59+01:00,1,0,25,9,65,77,82,122,101,253,118,232,98,93,104,200,102,388,0,0,0,0,0,0,0,0,0,0,0,0,0,0,0,0,2071,0,0,0,0,0,0,0,0
2020-12-27T23:59:59+01:00,0,0,12,3,18,26,37,47,36,89,37,95,33,29,41,73,31,145,0,0,0,0,0,0,0,0,0,0,0,0,0,0,0,0,752,0,0,0,0,0,0,0,0
