Datum,<15_1_m,<15_1_w,15-24_1_m,15-24_1_w,25-34_1_m,25-34_1_w,35-44_1_m,35-44_1_w,45-54_1_m,45-54_1_w,55-64_1_m,55-64_1_w,65-74_1_m,65-74_1_w,75-84_1_m,75-84_1_w,>84_1_m,>84_1_w,<15_2_m,<15_2_w,15-24_2_m,15-24_2_w,25-34_2_m,25-34_2_w,35-44_2_m,35-44_2_w,45-54_2_m,45-54_2_w,55-64_2_m,55-64_2_w,65-74_2_m,65-74_2_w,75-84_2_m,75-84_2_w,>84_2_m,>84_2_w,bp_1,bp_2,mo_1,mo_2,az_1,az_2,ja,unb_1,unb_2
2021-11-11T23:59:59+01:00,54966,51947,329516,311747,435671,398248,440114,427474,496151,500975,537091,534664,358697,400345,249277,320002,73464,135110,44063,41595,289661,277833,394285,360902,405688,394884,464624,469952,512737,511646,348669,388797,242972,311281,70886,129617,4378396,4048003,535081,512524,809083,765887,334459,667,644
2021-11-10T23:59:59+01:00,54247,51335,327201,309891,433240,396122,438237,425861,494684,499619,536090,533697,358367,399949,249120,319758,73421,135025,43828,41340,288937,277137,393531,360175,405061,394280,464057,469411,512292,511229,348437,388552,242838,311119,70856,129565,4359756,4041325,534674,512306,809054,765857,333938,667,644
2021-11-09T23:59:59+01:00,53635,50709,325013,308121,431038,394327,436645,424421,493313,498378,535150,532851,358059,399617,248978,319550,73388,134938,43558,41093,288280,276584,392905,359572,404563,393757,463626,468900,511866,510815,348237,388314,242733,310960,70821,129487,4343046,4035689,534175,511901,809027,765825,333438,667,643
2021-11-08T23:59:59+01:00,52960,50063,322053,305822,428195,392011,434492,422675,491643,496926,534053,531851,357660,399237,248830,319340,73360,134856,43368,40912,287617,275969,392222,358955,404093,393251,463188,468428,511518,510438,348046,388092,242658,310829,70795,129432,4322227,4030478,533709,511657,808996,765808,332650,667,643
2021-11-07T23:59:59+01:00,52575,49696,320535,304668,426581,390623,433171,421643,490659,496121,533444,531298,357470,399005,248740,319246,73342,134808,43217,40753,287147,275565,391719,358463,403693,392878,462886,468075,511266,510200,347941,387964,242581,310744,70783,129395,4310704,4026647,533317,511447,808979,765779,332179,667,643
2021-11-06T23:59:59+01:00,52269,49406,319696,303868,425625,389859,432457,421073,490052,495637,533112,531010,357412,398934,248704,319214,73336,134799,43164,40712,286964,275398,391500,358298,403560,392755,462780,467965,511191,510133,347913,387934,242568,310728,70779,129389,4303828,4025308,533200,511414,808975,765777,332014,667,643
2021-11-05T23:59:59+01:00,51670,48794,318013,302451,423985,388332,431025,419873,488946,494650,532451,530478,357301,398777,248666,319144,73329,134780,42938,40492,286422,274978,391071,357884,403192,392419,462464,467656,510986,509948,347843,387850,242533,310680,70772,129373,4291084,4021805,532679,511224,808965,765767,331487,667,643
2021-11-04T23:59:59+01:00,50959,48113,315787,300490,421536,386281,429103,418268,487329,493304,531529,529777,357088,398528,248579,319004,73300,134719,42538,40052,285472,274109,390195,356975,402432,391673,461836,467032,510465,509495,347669,387656,242431,310511,70729,129307,4274033,4014523,532111,510951,808951,765737,330148,667,643
2021-11-03T23:59:59+01:00,50589,47736,314425,299365,419846,385014,427848,417296,486334,492476,530888,529269,356933,398357,248510,318900,73276,134670,42239,39765,284690,273447,389451,356261,401863,391139,461342,466592,510089,509165,347507,387446,242325,310357,70696,129220,4262874,4008233,531843,510802,808947,765725,329616,666,643
2021-11-02T23:59:59+01:00,50271,47418,313106,298409,418187,383820,426587,416429,485280,491760,530273,528778,356785,398169,248434,318798,73257,134605,41866,39423,283859,272760,388683,355559,401254,390588,460850,466113,509716,508781,347325,387243,242236,310214,70666,129139,4252467,4001773,531533,510612,808943,765709,328962,666,643
2021-11-01T23:59:59+01:00,49876,47046,311623,297302,416549,382716,425272,415553,484262,491042,529739,528402,356660,398041,248383,318733,73243,134570,41615,39143,283190,272157,388011,355014,400697,390137,460396,465744,509403,508520,347210,387123,242179,310101,70645,129077,4242341,3997058,531301,510393,808911,765695,327997,665,643
2021-10-31T23:59:59+01:00,49819,47012,311438,297192,416341,382603,425072,415427,484142,490963,529682,528358,356646,398033,248381,318728,73243,134568,41558,39100,283075,272097,387907,354935,400611,390081,460347,465711,509371,508498,347200,387114,242176,310096,70641,129072,4241211,3996499,531239,510353,808908,765691,327828,665,643
2021-10-30T23:59:59+02:00,49765,46972,311240,297065,416023,382444,424852,415272,483932,490802,529561,528299,356625,398008,248376,318718,73240,134562,41521,39090,282973,272026,387797,354864,400521,390016,460289,465649,509329,508479,347193,387106,242173,310090,70637,129068,4239528,3995953,531192,510294,808907,765688,327667,665,643
2021-10-29T23:59:59+02:00,49546,46743,310210,296356,414714,381571,423732,414572,483034,490176,529053,528011,356551,397935,248334,318671,73228,134539,41391,38987,282485,271661,387314,354475,400101,389726,459940,465368,509126,508328,347135,387054,242153,310052,70630,129054,4231923,3993149,530894,510136,808903,765683,326793,665,643
2021-10-28T23:59:59+02:00,49100,46314,308427,295041,412664,380170,422117,413424,481737,489203,528323,527482,356395,397766,248269,318587,73217,134496,41082,38698,281533,270819,386361,353667,399335,389074,459328,464845,508661,508011,346987,386867,242084,309955,70608,128999,4219742,3987037,530468,509833,808888,765655,325168,665,643
2021-10-27T23:59:59+02:00,48775,45995,307544,294267,411587,379310,421260,412724,481023,488676,527911,527176,356297,397598,248208,318490,73199,134457,40793,38407,280789,270140,385721,353059,398847,388590,458905,464416,508363,507725,346828,386689,242002,309831,70581,128938,4212395,3981554,530169,509642,808884,765625,324582,665,642
2021-10-26T23:59:59+02:00,48370,45582,306471,293311,410437,378378,420369,412048,480325,488077,527494,526856,356174,397462,248136,318391,73172,134407,40433,38040,279919,269213,384967,352335,398289,388032,458465,463960,508001,507422,346681,386528,241901,309675,70556,128870,4204253,3975067,529957,509480,808872,765609,323910,665,642
2021-10-25T23:59:59+02:00,48215,45446,305963,292865,409869,377961,419892,411713,479917,487799,527306,526696,356131,397405,248123,318366,73165,134400,40367,37979,279692,269027,384723,352163,398116,387900,458318,463843,507899,507346,346660,386495,241890,309656,70553,128859,4200615,3973841,529895,509436,808870,765605,323383,665,642
2021-10-24T23:59:59+02:00,48004,45265,305413,292390,409185,377451,419385,411299,479501,487486,527086,526508,356068,397322,248091,318340,73157,134387,40177,37818,279233,268561,384263,351767,397767,387579,458051,463588,507730,507167,346570,386400,241852,309591,70541,128840,4196476,3970593,529738,509303,808867,765591,322787,665,642
2021-10-23T23:59:59+02:00,47970,45232,305254,292258,408976,377307,419230,411160,479389,487399,527012,526461,356049,397298,248087,318334,73157,134384,40138,37776,279142,268455,384145,351695,397688,387503,457980,463526,507694,507135,346551,386386,241851,309585,70540,128839,4195306,3969943,529677,509238,808865,765588,322639,665,642
2021-10-22T23:59:59+02:00,47716,45001,304480,291697,408098,376621,418496,410617,478818,486925,526657,526212,355993,397229,248068,318300,73151,134372,39887,37534,278585,267935,383651,351260,397275,387142,457678,463255,507471,506962,346484,386322,241829,309543,70534,128829,4189715,3966319,529406,509072,808863,765570,321994,665,642
2021-10-21T23:59:59+02:00,47244,44550,303376,290823,406892,375662,417517,409822,477991,486284,526118,525837,355869,397091,248001,318198,73130,134319,39309,36972,277521,266885,382748,350388,396550,386372,457045,462687,507052,506599,346326,386120,241736,309384,70508,128778,4181234,3958478,529131,508697,808858,765557,321026,665,642
2021-10-20T23:59:59+02:00,47023,44297,302775,290280,406218,375051,416972,409375,477560,485912,525829,525601,355775,396969,247930,318104,73105,134264,38893,36596,276773,266129,382130,349724,396030,385769,456620,462237,506696,506277,346149,385919,241637,309243,70470,128702,4176057,3952035,528986,508523,808850,765545,320669,664,642
2021-10-19T23:59:59+02:00,46740,44020,302231,289807,405717,374591,416606,409039,477279,485639,525598,525395,355656,396841,247866,318008,73072,134210,38442,36142,275886,265300,381424,349015,395555,385231,456213,461777,506361,505955,345964,385689,241533,309094,70433,128619,4171801,3945197,528864,508352,808843,765531,320329,664,641
2021-10-18T23:59:59+02:00,46549,43830,301703,289343,405226,374159,416255,408702,477010,485402,525376,525194,355565,396739,247814,317914,73051,134168,38155,35883,275243,264613,380876,348372,395135,384740,455875,461389,506073,505678,345808,385539,241448,308966,70400,128570,4167997,3939888,528718,508168,808838,765513,319967,664,641
2021-10-17T23:59:59+02:00,46438,43713,301383,289087,404964,373905,416039,408537,476860,485245,525275,525069,355502,396684,247793,317866,73037,134133,37907,35627,274734,264109,380509,347995,394854,384405,455632,461159,505911,505510,345717,385429,241411,308896,70377,128518,4165824,3936228,528640,508011,808828,765477,319756,664,641
2021-10-16T23:59:59+02:00,46409,43681,301307,289025,404890,373848,415995,408493,476816,485208,525250,525053,355496,396676,247789,317860,73035,134131,37867,35583,274628,264000,380429,347925,394796,384332,455591,461115,505883,505486,345709,385420,241408,308891,70376,128513,4165341,3935612,528626,507952,808828,765475,319685,664,641
2021-10-15T23:59:59+02:00,46259,43520,300874,288681,404520,373528,415701,408234,476574,484985,525094,524919,355444,396636,247772,317828,73026,134116,37637,35337,274067,263418,380022,347535,394458,383990,455314,460835,505687,505316,345647,385346,241368,308844,70371,128492,4162518,3931871,528504,507739,808824,765465,319380,664,641
2021-10-14T23:59:59+02:00,45929,43187,300086,287981,403870,372865,415186,407774,476147,484573,524776,524638,355328,396506,247712,317733,72995,134054,37083,34772,272822,262152,379216,346572,393773,383158,454667,460192,505263,504899,345414,385122,241257,308684,70340,128442,4157018,3923170,528244,507236,808808,765410,318782,664,640
2021-10-13T23:59:59+02:00,45617,42908,299514,287430,403390,372356,414793,407375,475812,484242,524512,524388,355204,396362,247643,317634,72968,133994,36752,34489,272053,261348,378615,345825,393251,382523,454246,459729,504896,504533,345238,384922,241159,308493,70304,128363,4152434,3916824,528061,506963,808801,765364,318358,664,640
2021-10-12T23:59:59+02:00,45290,42629,298861,286886,402867,371819,414391,406987,475503,483935,524260,524153,355097,396223,247594,317544,72941,133944,36458,34200,271219,260488,377923,345105,392712,381958,453826,459301,504533,504187,345016,384702,241052,308341,70264,128254,4147752,3910228,527884,506737,808792,765340,318007,663,637
2021-10-11T23:59:59+02:00,45045,42404,298279,286403,402383,371360,413984,406628,475199,483630,524021,523956,354988,396106,247522,317448,72905,133878,36172,33945,270465,259755,377252,344427,392226,381403,453444,458854,504200,503885,344823,384507,240956,308192,70221,128167,4143614,3904351,527706,506454,808781,765314,317548,663,637
2021-10-10T23:59:59+02:00,44887,42274,297919,286123,402043,371054,413752,406375,475021,483438,523878,523826,354938,396050,247498,317410,72887,133848,36005,33818,269988,259335,376795,343962,391896,381060,453155,458569,503978,503708,344727,384406,240900,308123,70204,128134,4141208,3900736,527562,506331,808772,765280,317188,663,637
2021-10-09T23:59:59+02:00,44857,42248,297820,286047,401957,370996,413691,406323,474973,483390,523852,523809,354930,396036,247496,317406,72886,133847,35955,33764,269871,259230,376695,343864,391813,380985,453097,458515,503943,503678,344717,384392,240894,308115,70203,128132,4140702,3900032,527527,506258,808769,765269,317075,663,637
2021-10-08T23:59:59+02:00,44615,42039,297317,285640,401505,370620,413391,406026,474693,483160,523641,523642,354867,395975,247459,317354,72868,133833,35747,33487,269308,258669,376270,343434,391437,380606,452821,458192,503765,503520,344652,384309,240860,308070,70192,128120,4137311,3896211,527402,506094,808765,765250,316674,663,637
2021-10-07T23:59:59+02:00,44233,41616,296340,284772,400722,369849,412744,405409,474179,482668,523236,523325,354738,395800,247366,317243,72836,133767,35095,32827,267928,257275,375279,342250,390628,379608,452111,457444,503218,503019,344397,384028,240721,307890,70133,128029,4130424,3886541,527168,504902,808757,765208,315999,663,636
2021-10-06T23:59:59+02:00,43973,41355,295636,284186,400204,369344,412346,404982,473821,482353,522963,523075,354605,395648,247291,317124,72811,133690,34767,32514,267186,256466,374739,341587,390153,379067,451691,456996,502870,502662,344224,383818,240610,307744,70103,127950,4125584,3880446,527037,504789,808751,765176,315506,662,636
2021-10-05T23:59:59+02:00,43656,41058,294927,283505,399573,368721,411830,404494,473436,481950,522679,522771,354459,395491,247208,316968,72778,133579,34466,32200,266372,255625,374054,340850,389615,378456,451188,456529,502520,502306,344034,383600,240499,307571,70056,127876,4120137,3874015,526900,504645,808744,765154,314771,662,636
2021-10-04T23:59:59+02:00,43379,40818,294100,282802,398856,368126,411338,404031,473026,481556,522377,522501,354326,395318,247135,316845,72748,133488,34162,31883,265469,254690,373337,340073,389022,377859,450713,455992,502132,501939,343842,383370,240343,307404,70016,127789,4114928,3867327,526748,504533,808735,765114,313828,661,636
2021-10-03T23:59:59+02:00,43218,40668,293696,282387,398441,367762,411022,403778,472811,481322,522199,522337,354244,395223,247088,316762,72741,133450,33981,31749,264978,254266,372882,339662,388667,377466,450443,455683,501884,501707,343717,383225,240281,307311,69998,127758,4112073,3863756,526647,504420,808708,765060,313189,661,636
2021-10-02T23:59:59+02:00,43182,40631,293572,282260,398322,367672,410940,403697,472749,481265,522165,522306,354230,395200,247087,316759,72739,133448,33934,31711,264839,254134,372782,339572,388589,377388,450386,455630,501853,501668,343705,383203,240279,307304,69996,127758,4111377,3863059,526569,504362,808706,765037,313040,661,636
2021-10-01T23:59:59+02:00,42971,40376,292956,281704,397757,367172,410488,403312,472414,480997,521899,522123,354146,395122,247058,316710,72727,133430,33635,31420,264179,253486,372289,339138,388205,377011,450060,455313,501627,501473,343628,383137,240254,307260,69987,127741,4107464,3859178,526424,504205,808697,764983,312244,661,636
2021-09-30T23:59:59+02:00,42567,39975,291824,280609,396746,366196,409683,402520,471747,480322,521388,521707,353978,394914,246962,316581,72702,133361,33097,30875,262982,252318,371420,338211,387499,376185,449456,454662,501154,501074,343459,382913,240174,307102,69958,127688,4099703,3852110,526081,503200,808676,764899,310783,660,636
2021-09-29T23:59:59+02:00,42225,39671,291053,279861,396004,365483,409129,401935,471247,479830,521022,521393,353796,394711,246886,316447,72672,133295,32796,30566,262231,251556,370782,337556,387039,375606,449033,454206,500802,500729,343286,382733,240081,306939,69936,127630,4093770,3846628,525920,503050,808668,764831,309758,660,635
2021-09-28T23:59:59+02:00,41890,39358,290181,279028,395205,364767,408522,401369,470721,479322,520640,521033,353587,394491,246790,316292,72632,133193,32485,30296,261365,250768,370074,336914,386528,375075,448589,453751,500448,500380,343106,382529,239984,306794,69909,127574,4087469,3841098,525794,502902,808660,764777,308550,660,635
2021-09-27T23:59:59+02:00,41474,38975,289297,278186,394407,364049,407963,400780,470242,478796,520238,520701,353427,394294,246704,316172,72601,133102,32164,29937,260346,249842,369211,336109,385865,374396,448048,453209,500043,500018,342923,382296,239893,306660,69884,127510,4081788,3834909,525627,502750,808653,764668,306784,660,635
2021-09-26T23:59:59+02:00,41098,38669,288724,277652,393905,363601,407619,400429,469943,478506,520027,520512,353317,394194,246661,316102,72582,133061,32006,29803,259837,249380,368765,335711,385524,374023,447756,452916,499837,499830,342832,382205,239835,306587,69868,127474,4078082,3831943,525484,502599,808629,764552,305850,660,635
2021-09-25T23:59:59+02:00,41044,38609,288555,277484,393750,363479,407501,400339,469849,478421,519966,520469,353305,394174,246652,316093,72580,133058,31963,29748,259671,249227,368619,335585,385403,373923,447684,452815,499775,499796,342812,382182,239825,306574,69868,127472,4077323,3831226,525410,502539,808626,764521,305411,660,635
2021-09-24T23:59:59+02:00,40845,38395,287918,276828,393099,362910,406976,399854,469399,478014,519667,520226,353200,394089,246611,316041,72574,133033,31703,29489,259007,248541,368006,335042,384954,373481,447265,452457,499452,499549,342696,382076,239782,306520,69856,127448,4073550,3827502,525261,502437,808616,764451,303689,660,634
2021-09-23T23:59:59+02:00,40208,37727,286205,275162,391614,361548,405786,398640,468349,477046,518914,519541,352901,393813,246479,315825,72530,132917,31310,29073,257707,247453,366848,334051,384014,372654,446455,451722,498855,499038,342462,381833,239670,306368,69828,127369,4063645,3821416,524852,502165,808604,764351,299530,660,634
2021-09-22T23:59:59+02:00,39873,37409,285204,274174,390756,360695,405032,397866,467680,476441,518372,519098,352670,393544,246369,315625,72480,132829,31022,28809,256925,246701,366098,333361,383384,372057,445941,451200,498389,498688,342259,381624,239565,306230,69794,127306,4056756,3816301,524633,501995,808581,764235,297570,660,634
2021-09-21T23:59:59+02:00,39456,36926,284121,273089,389790,359785,404269,397108,467052,475850,517920,518666,352445,393279,246266,315446,72426,132716,30704,28531,256067,245843,365335,332644,382745,371452,445444,450714,497972,498289,342064,381418,239459,306066,69760,127220,4049134,3810670,524472,501796,808570,764156,295851,660,634
2021-09-20T23:59:59+02:00,39102,36648,282979,272011,388734,358845,403440,396298,466347,475232,517424,518212,352199,393053,246156,315264,72382,132619,30319,28160,254942,244857,364342,331798,381951,370681,444721,450134,497512,497846,341838,381203,239351,305878,69724,127144,4042076,3804174,524325,501621,808555,763951,293399,660,633
2021-09-19T23:59:59+02:00,38941,36513,282383,271597,388157,358354,403030,395901,466004,474918,517157,517979,352111,392928,246116,315185,72371,132581,30202,28040,254428,244420,363838,331371,381525,370343,444352,449789,497228,497622,341729,381074,239294,305792,69714,127113,4038726,3801335,524181,501438,808533,763652,292192,660,633
2021-09-18T23:59:59+02:00,38886,36442,282221,271437,387958,358192,402846,395757,465892,474804,517089,517920,352095,392915,246108,315176,72369,132577,30072,27909,254113,244074,363585,331118,381287,370152,444190,449655,497134,497533,341699,381048,239275,305773,69711,127105,4037773,3799455,524065,501357,808530,763639,291720,660,633
2021-09-17T23:59:59+02:00,38554,36076,281316,270605,387165,357432,402118,395100,465279,474279,516708,517557,351945,392770,246045,315106,72345,132545,29804,27642,253368,243392,362896,330521,380694,369649,443723,449242,496797,497245,341579,380913,239225,305694,69698,127083,4032425,3795671,523729,500954,808521,763608,289667,659,633
2021-09-16T23:59:59+02:00,37984,35479,279732,269035,385808,355974,400909,393780,464261,473300,515934,516860,351627,392441,245914,314918,72299,132453,29367,27220,252219,242375,361931,329583,379864,368786,443055,448547,496281,496797,341352,380691,239126,305567,69667,127023,4021516,3789042,522978,500552,808478,763461,287130,659,631
2021-09-15T23:59:59+02:00,37605,35168,278599,267937,384907,354994,400048,392917,463587,472611,515399,516344,351403,392151,245741,314740,72261,132334,29066,26931,251360,241562,361143,328786,379175,368111,442487,448028,495775,496357,341143,380455,238990,305420,69644,126946,4013955,3783379,522687,500318,808465,763387,285026,659,631
2021-09-14T23:59:59+02:00,37292,34861,277626,266973,383965,354133,399314,392149,462977,471958,514869,515890,351159,391909,245611,314570,72218,132265,28791,26692,250576,240769,360407,328116,378566,367512,441941,447516,495355,495972,340946,380240,238879,305273,69620,126891,4007121,3778247,522357,500095,808435,763238,283211,658,630
2021-09-13T23:59:59+02:00,36904,34466,276384,265703,383011,353087,398537,391267,462280,471236,514344,515386,350936,391657,245489,314415,72179,132192,28331,26269,249447,239715,359582,327329,377964,366857,441381,446991,494896,495592,340752,380013,238779,305126,69591,126837,3998899,3771304,521632,499810,808402,763141,281921,658,630
2021-09-12T23:59:59+02:00,36760,34337,275803,265261,382535,352639,398148,390840,461954,470934,514131,515170,350829,391545,245443,314340,72168,132157,28173,26150,248916,239302,359076,326885,377594,366502,441077,446700,494647,495369,340627,379882,238720,305038,69576,126792,3995697,3768273,521464,499617,808366,763014,280847,658,628
2021-09-11T23:59:59+02:00,36681,34288,275612,265050,382309,352450,397987,390685,461820,470810,514059,515109,350799,391514,245434,314324,72166,132154,28026,26051,248634,239118,358853,326727,377444,366362,440928,446582,494578,495314,340603,379854,238712,305025,69576,126788,3994661,3767189,521375,499484,808357,762993,280234,658,626
2021-09-10T23:59:59+02:00,36351,33951,274533,264056,381350,351550,397108,389875,461020,470126,513500,514662,350591,391314,245346,314212,72148,132124,27817,25851,247724,238411,358024,325990,376658,365734,440236,446058,494086,494933,340442,379698,238631,304921,69554,126758,3989315,3763722,521233,499267,808348,762971,276290,658,625
2021-09-09T23:59:59+02:00,35913,33500,273224,262895,380298,350369,396163,388838,460220,469250,512919,514149,350352,391031,245220,314058,72113,132064,27435,25460,246650,237447,357110,325120,375841,364926,439544,445450,493499,494491,340226,379468,238510,304779,69523,126706,3981103,3757615,520929,498869,808303,762820,273607,656,621
2021-09-08T23:59:59+02:00,35511,33099,272263,261904,379494,349518,395466,388055,459588,468647,512479,513684,350149,390788,245115,313882,72084,132006,27141,25171,245724,236588,356297,324381,375156,364204,438937,444886,493050,494038,340026,379223,238395,304617,69489,126618,3974622,3751921,520706,498549,808250,762685,271512,655,619
2021-09-07T23:59:59+02:00,35136,32762,271240,260974,378661,348736,394821,387380,459056,468124,512036,513289,349957,390577,245014,313718,72050,131935,26865,24960,244846,235803,355490,323695,374505,363646,438432,444379,492605,493649,339817,379005,238308,304479,69462,126563,3968513,3746916,520465,498208,808236,762506,269605,655,618
2021-09-06T23:59:59+02:00,34737,32353,270119,259869,377714,347788,394132,386601,458456,467486,511595,512854,349736,390331,244925,313596,72020,131865,26629,24749,244073,235043,354744,323038,373890,363055,437969,443872,492192,493264,339605,378800,238228,304344,69433,126508,3961279,3742087,520328,497967,808188,762377,267730,655,618
2021-09-05T23:59:59+02:00,34581,32205,269709,259456,377403,347442,393835,386282,458223,467248,511418,512674,349665,390238,244883,313534,72004,131838,26493,24594,243643,234648,354345,322652,373535,362743,437708,443622,491995,493057,339507,378682,238186,304280,69416,126476,3958674,3739451,520225,497692,808160,762239,266925,655,618
2021-09-04T23:59:59+02:00,34522,32167,269541,259324,377281,347315,393707,386176,458146,467163,511367,512629,349653,390220,244876,313522,72004,131837,26455,24541,243476,234504,354183,322488,373388,362627,437616,443520,491929,493008,339486,378662,238178,304268,69416,126475,3957961,3738666,520171,497554,808155,762216,266508,655,618
2021-09-03T23:59:59+02:00,34204,31851,268641,258518,376538,346650,393115,385582,457568,466679,510906,512292,349482,390041,244810,313416,71981,131803,26131,24200,242454,233644,353386,321771,372717,361974,436964,442932,491441,492594,339289,378463,238092,304162,69396,126448,3953572,3734370,519467,496015,808127,762143,264253,655,618
2021-09-02T23:59:59+02:00,33838,31511,267585,257634,375670,345808,392375,384828,456879,466045,510372,511861,349216,389789,244687,313238,71956,131724,25832,23936,241426,232842,352491,320989,371976,361262,436247,442304,490875,492136,339042,378198,237983,304011,69370,126370,3947589,3729176,519181,495530,808091,761816,261491,655,617
2021-09-01T23:59:59+02:00,33511,31145,266732,256792,374908,345137,391842,384277,456408,465563,509985,511514,349038,389598,244597,313121,71932,131664,25443,23534,240334,231780,351621,320133,371286,360566,435631,441697,490347,491651,338810,377931,237852,303858,69343,126315,3942129,3722357,518995,494984,808056,761601,259914,655,613
2021-08-31T23:59:59+02:00,33113,30802,265862,255877,374164,344416,391265,383691,455894,465075,509528,511147,348846,389405,244501,312973,71900,131621,25158,23238,239379,230884,350809,319384,370621,359928,435071,441187,489824,491249,338608,377717,237764,303709,69309,126260,3936560,3717033,518805,494597,808031,761181,258009,653,613
2021-08-30T23:59:59+02:00,32566,30314,264555,254693,373160,343495,390448,382873,455138,464362,508966,510647,348617,389186,244408,312819,71864,131552,24838,22921,238217,229896,349803,318485,369829,359183,434369,440602,489266,490733,338353,377472,237639,303530,69268,126183,3929053,3710973,518688,494154,807987,760927,255253,652,611
2021-08-29T23:59:59+02:00,32376,30123,263988,254181,372676,343078,390065,382533,454843,464073,508736,510425,348520,389077,244358,312755,71854,131528,24612,22706,237499,229256,349191,317940,369332,358712,433940,440225,488955,490472,338212,377317,237579,303456,69250,126158,3925951,3707082,518568,493754,807959,760667,254025,652,611
2021-08-28T23:59:59+02:00,32286,30026,263760,254002,372498,342925,389909,382410,454718,463954,508660,510372,348495,389054,244347,312743,71853,131525,24547,22602,237181,228996,348940,317744,369112,358546,433757,440061,488826,490380,338170,377275,237559,303430,69248,126154,3924906,3705502,518527,493637,807953,760641,253462,652,611
2021-08-27T23:59:59+02:00,32055,29775,263115,253438,371981,342404,389439,381955,454261,463556,508287,510086,348366,388920,244289,312657,71834,131505,24401,22451,236577,228497,348324,317240,368640,358113,433304,439706,488523,490132,338040,377157,237504,303366,69237,126147,3921095,3702280,518458,493423,807894,760582,251784,652,611
2021-08-26T23:59:59+02:00,31672,29388,262109,252457,371125,341586,388680,381211,453572,462878,507735,509605,348134,388660,244168,312540,71806,131444,24052,22087,235095,227131,347091,316049,367521,357119,432426,438896,487850,489556,337753,376836,237340,303197,69207,126102,3914892,3693906,518213,492776,807855,760223,249105,652,609
2021-08-25T23:59:59+02:00,31307,29054,261184,251595,370372,340806,388018,380512,452936,462286,507178,509147,347896,388404,244043,312376,71771,131377,23446,21512,233042,225266,345606,314642,366331,355920,431424,437934,487047,488827,337371,376445,237186,302962,69163,126014,3909153,3681902,518081,492368,807826,760073,246492,650,607
2021-08-24T23:59:59+02:00,30988,28786,260451,250814,369764,340172,387477,379936,452452,461771,506766,508774,347687,388178,243925,312212,71745,131305,23129,21196,231828,224199,344637,313717,365545,355170,430750,437282,486487,488281,337091,376130,237052,302802,69138,125950,3904198,3674703,517794,491918,807805,759767,244692,650,603
2021-08-23T23:59:59+02:00,30466,28257,259060,249497,368730,339256,386642,379141,451672,461087,506116,508205,347404,387895,243785,312023,71718,131246,22819,20897,230342,222880,343320,312644,364593,354316,429887,436520,485780,487712,336785,375796,236916,302611,69112,125891,3896737,3667269,517645,491437,807770,759481,241324,650,602
2021-08-22T23:59:59+02:00,30320,28142,258651,249124,368374,338922,386369,378875,451434,460842,505926,508054,347307,387800,243744,311966,71701,131220,22637,20715,229620,222199,342627,311983,364056,353807,429446,436113,485457,487443,336620,375613,236852,302506,69094,125855,3894497,3662863,517496,490970,807731,759181,240319,649,598
2021-08-21T23:59:59+02:00,30069,27937,258154,248662,368056,338602,386111,378617,451229,460664,505777,507915,347252,387744,243722,311928,71698,131211,22361,20461,228877,221545,342141,311585,363650,353395,429081,435806,485227,487246,336535,375545,236825,302463,69088,125843,3891944,3659877,517352,489764,807723,759125,239596,649,598
2021-08-20T23:59:59+02:00,29877,27738,257493,247998,367315,337970,385430,378088,450634,460166,505301,507592,347106,387584,243667,311831,71681,131176,21956,20121,227069,219923,340726,310384,362530,352437,428123,435006,484508,486694,336291,375296,236723,302343,69063,125813,3888453,3651604,517028,488603,807710,758758,236723,647,598
2021-08-19T23:59:59+02:00,29545,27423,256504,247144,366308,337179,384641,377395,449922,459527,504736,507106,346865,387320,243559,311683,71647,131103,21461,19628,224300,217484,338409,308542,360822,350958,426718,433732,483347,485739,335872,374870,236529,302096,69029,125744,3882911,3637207,516661,486835,807668,758284,233627,647,597
2021-08-18T23:59:59+02:00,29258,27162,255707,246437,365603,336558,384059,376826,449323,459027,504261,506690,346592,387080,243441,311535,71615,131037,21083,19255,221821,214957,336347,306779,359168,349304,425188,432399,482200,484699,335354,374318,236297,301800,68978,125650,3877787,3623913,516481,482894,807638,757899,231562,646,597
2021-08-17T23:59:59+02:00,28940,26886,254924,245716,364980,335871,383495,376268,448830,458538,503827,506269,346389,386869,243324,311404,71588,130984,20611,18820,219068,212201,334268,304946,357475,347837,423748,431120,481073,483706,334859,373775,236060,301507,68924,125574,3872721,3608816,516180,480110,807612,757468,229845,645,593
2021-08-16T23:59:59+02:00,28648,26623,254228,245062,364409,335314,383032,375805,448391,458098,503407,505905,346204,386662,243225,311240,71557,130944,20057,18336,215892,209122,331976,302824,355947,346382,422540,429977,480123,482861,334471,373328,235874,301236,68885,125484,3868299,3591363,516024,479402,807586,757118,228099,645,591
2021-08-15T23:59:59+02:00,28451,26460,253732,244615,363976,334923,382671,375467,448091,457838,503164,505708,346090,386543,243176,311160,71546,130923,19272,17607,211876,205059,330073,301202,354680,345154,421509,429037,479336,482198,334136,372993,235749,301059,68861,125434,3865433,3573690,515880,478487,807547,756791,226928,645,589
2021-08-14T23:59:59+02:00,28382,26401,253484,244416,363739,334746,382495,375316,447934,457708,503046,505600,346040,386509,243158,311137,71543,130918,18946,17309,210801,203953,329248,300438,353958,344474,421012,428576,478947,481876,333997,372864,235711,301002,68852,125417,3864250,3566984,515807,478116,807541,756713,226228,645,589
2021-08-13T23:59:59+02:00,28125,26158,252776,243827,363238,334317,382056,374882,447498,457342,502707,505341,345912,386357,243093,311060,71531,130889,18342,16752,208911,202163,327819,299118,352688,343281,419958,427633,478197,481233,333752,372574,235598,300859,68834,125363,3860415,3555015,515735,477512,807531,756521,224683,641,589
2021-08-12T23:59:59+02:00,27927,25932,252051,243189,362616,333724,381521,374393,446961,456894,502283,504985,345729,386156,242991,310953,71518,130841,17758,16254,206308,199886,324932,296570,350668,341473,418447,426376,476969,480162,333299,372039,235353,300582,68794,125280,3856442,3537541,515543,476331,807493,755491,222438,639,587
2021-08-11T23:59:59+02:00,27692,25685,251321,242498,361989,333140,380994,373910,446495,456463,501872,504555,345503,385913,242874,310818,71490,130786,16938,15566,203256,196894,321743,293622,348491,339403,416944,424964,475685,478870,332756,371396,235104,300174,68743,125151,3851575,3515634,515323,475260,807453,754549,220900,636,586
2021-08-10T23:59:59+02:00,27446,25426,250485,241760,361271,332586,380453,373358,445996,455983,501417,504153,345306,385716,242788,310679,71467,130742,16141,14781,199048,192750,317063,289388,345497,336616,414818,423014,474081,477406,332066,370722,234805,299764,68686,125032,3846478,3485419,515037,474145,807415,753396,219354,634,586
2021-08-09T23:59:59+02:00,27248,25225,249855,241183,360687,332097,380006,372975,445584,455634,501071,503865,345145,385568,242722,310567,71447,130706,15147,13837,194498,188146,311340,284630,342731,334115,412899,421236,472458,475939,331420,370029,234529,299392,68627,124897,3842738,3454973,514857,471367,807383,752302,217858,632,582
2021-08-08T23:59:59+02:00,27075,25066,249372,240769,360289,331741,379653,372681,445278,455372,500827,503673,345037,385458,242659,310488,71430,130673,14925,13642,193145,186773,309711,283289,341410,332948,412018,420477,471883,475418,331157,369756,234400,299223,68601,124846,3840133,3445811,514699,469997,807330,751814,216625,631,581
2021-08-07T23:59:59+02:00,26926,24890,248841,240319,359889,331401,379317,372398,444984,455135,500600,503497,344965,385363,242625,310438,71422,130662,13753,12597,189463,183178,307661,281434,339684,331420,410681,419208,470955,474622,330801,369382,234269,299034,68567,124809,3837265,3426142,514592,468661,807319,751600,215741,631,578
2021-08-06T23:59:59+02:00,26700,24655,247972,239648,359103,330789,378640,371819,444328,454609,500062,503107,344731,385159,242526,310322,71411,130640,12845,11770,185714,179615,304179,278612,337557,329578,409076,417861,469655,473656,330420,368994,234109,298879,68543,124762,3834676,3406769,513223,466928,807307,750497,212258,631,575
2021-08-05T23:59:59+02:00,26376,24331,246793,238707,358199,329912,377807,371085,443580,453920,499392,502562,344447,384856,242412,310148,71370,130577,11839,10836,181223,175660,298776,274183,333425,326001,406257,415366,467392,471868,329751,368289,233846,298505,68482,124651,3828274,3378741,512957,462208,807237,746778,209240,631,574
2021-08-04T23:59:59+02:00,26002,23988,245650,237715,357195,328996,377026,370371,442950,453320,498813,502029,344174,384587,242289,309975,71343,130506,11025,10124,177736,172348,294996,271043,329006,322084,403998,413266,465678,470311,329055,367590,233570,298152,68422,124549,3821749,3351506,512612,460437,807202,745026,206588,627,573
2021-08-03T23:59:59+02:00,25538,23566,244281,236528,356281,328161,376311,369675,442294,452660,498211,501493,343882,384287,242160,309798,71299,130438,10463,9623,174240,168892,290874,267385,323884,317461,401240,410702,463329,468206,328211,366720,233218,297678,68354,124410,3813793,3319303,512447,458553,807158,742947,204684,627,572
2021-08-02T23:59:59+02:00,25220,23259,243226,235565,355427,327399,375606,369075,441718,452109,497685,501045,343618,384011,242042,309642,71273,130379,9907,9082,170591,165288,286160,263407,317998,312498,398476,408137,461089,466206,327438,365883,232922,297279,68292,124292,3807415,3285747,512197,456568,807100,740413,202804,626,570
2021-08-01T23:59:59+02:00,25061,23069,242593,234956,354826,326883,375162,368678,441282,451786,497339,500766,343476,383844,241966,309526,71259,130353,9640,8873,169035,163828,283664,261401,313355,308779,396612,406555,459608,464954,327003,365398,232750,297061,68263,124233,3803710,3267788,511891,454419,807006,737959,201432,623,565
2021-07-31T23:59:59+02:00,24951,22964,242249,234635,354544,326655,374919,368507,441091,451632,497230,500665,343442,383804,241946,309513,71258,130347,8405,7776,165254,159973,280834,258845,311260,306774,395210,405271,458459,463963,326682,365020,232616,296887,68237,124187,3802084,3244806,511701,453479,807000,737164,200780,623,565
2021-07-30T23:59:59+02:00,24661,22704,241444,233912,353962,326123,374426,368037,440626,451228,496867,500373,343304,383663,241901,309433,71245,130331,7467,6906,161497,156200,277429,255723,308226,303950,392974,403153,456607,462374,326170,364487,232406,296595,68204,124129,3797969,3219662,511330,452273,806980,733962,199172,622,563
2021-07-29T23:59:59+02:00,24314,22363,239907,232637,352791,325044,373456,367122,439768,450430,496051,499749,342970,383349,241763,309248,71207,130264,6482,6032,156630,151701,272025,251523,302300,299154,388601,399652,453550,459960,325335,363637,232092,296184,68144,124029,3790361,3185616,510648,447393,806893,728846,195736,621,563
2021-07-28T23:59:59+02:00,24012,22075,238753,231597,351906,324200,372704,366427,439127,449760,495479,499256,342715,383049,241627,309061,71172,130192,5991,5588,152854,148039,267509,247845,297845,295184,385327,396786,451453,458101,324673,362874,231823,295796,68080,123903,3783586,3154758,510108,445464,806815,726196,193807,620,560
2021-07-27T23:59:59+02:00,23739,21848,237743,230621,351057,323456,371997,365833,438538,449142,494952,498797,342470,382744,241493,308866,71136,130094,5421,5061,147815,142899,261566,242697,292529,290403,381300,393075,448264,455279,323681,361768,231456,295290,67988,123745,3777267,3113050,509551,443129,806757,722446,192156,619,558
2021-07-26T23:59:59+02:00,23506,21608,236764,229635,350264,322749,371387,365274,437981,448650,494499,498424,342237,382503,241366,308707,71112,130036,4999,4701,143455,138491,255997,237898,287344,285913,376821,389102,444735,452247,322726,360800,231126,294808,67913,123607,3771559,3073508,508919,440868,806674,718084,190752,616,558
2021-07-25T23:59:59+02:00,23147,21307,235423,228475,349318,321976,370703,364608,437401,448107,494033,498015,342038,382288,241276,308577,71091,129972,4744,4468,141602,136725,253296,235667,284830,283805,374679,387317,442637,450444,322209,360280,230921,294578,67888,123530,3764453,3058400,508539,438678,806607,713714,189350,615,558
2021-07-24T23:59:59+02:00,22898,21110,234493,227612,348592,321323,370128,364086,436871,447667,493671,497737,341922,382189,241232,308516,71088,129961,4422,4183,138701,133918,250557,233339,282259,281581,372414,385456,441395,449456,321859,359942,230776,294400,67869,123496,3760420,3040011,507773,435655,806592,713371,187502,615,558
2021-07-23T23:59:59+02:00,22480,20723,232986,226264,347257,320375,369074,363215,435989,446879,492972,497205,341685,381916,241143,308404,71067,129925,3999,3791,133201,129065,245169,229018,277769,277781,368715,382243,438738,447248,321157,359217,230521,294088,67815,123415,3752914,3004361,507301,433876,806537,711229,183986,615,558
2021-07-22T23:59:59+02:00,21974,20247,230876,224280,345498,318827,367566,361921,434669,445730,491988,496302,341250,381464,240966,308155,71023,129844,3577,3447,128844,124996,239156,224493,271367,272700,361803,376731,433269,442722,319970,357952,230080,293561,67721,123261,3740431,2962168,505711,427879,806404,704898,181198,614,556
2021-07-21T23:59:59+02:00,21465,19723,228985,222453,343793,317290,365945,360344,433091,444341,490760,495133,340697,380939,240718,307870,70969,129749,3374,3250,125072,121413,233684,220246,265825,268163,353658,369783,428647,438975,318850,356803,229618,292995,67640,123081,3729388,2926567,501951,416968,806177,700110,177904,614,554
2021-07-20T23:59:59+02:00,21162,19443,227514,220968,342553,316114,364980,359463,432226,443549,490036,494487,340356,380564,240570,307649,70940,129659,3113,2960,120724,117161,227322,215056,259986,262974,346526,363664,423936,434651,317751,355545,229203,292406,67542,122899,3720036,2882680,501543,409725,806046,695712,175758,612,553
2021-07-19T23:59:59+02:00,20848,19147,225776,219270,341237,314856,363937,358484,431410,442770,489364,493867,340060,380199,240418,307416,70895,129562,2917,2751,117959,114552,222920,211459,255355,259014,342802,360482,421309,432462,317024,354816,228902,292012,67467,122775,3709426,2857547,501119,404332,805951,691379,174166,612,553
2021-07-18T23:59:59+02:00,20693,19014,224474,217992,339614,313417,362861,357553,430586,442044,488823,493323,339827,379913,240290,307239,70873,129500,2826,2658,116452,113158,220249,209267,252993,256905,340548,358625,419270,430767,316532,354326,228742,291793,67446,122707,3699933,2845206,500580,400048,805875,687670,172786,611,549
2021-07-17T23:59:59+02:00,20294,18591,223320,216932,339032,312876,362269,357039,430065,441594,488406,493035,339722,379796,240248,307183,70870,129489,2562,2401,114379,111053,217785,206958,250518,254702,338115,356480,417818,429502,316196,353934,228607,291625,67423,122667,3694352,2827648,500377,397319,805851,686881,171319,608,549
2021-07-16T23:59:59+02:00,19750,18077,220779,214787,337293,311571,360758,355745,428597,440387,487307,492175,339316,379427,240077,307024,70845,129453,2294,2160,111261,108244,213007,203021,245973,251058,333806,352773,414469,426776,315273,353003,228256,291207,67369,122586,3684141,2799900,499616,394953,805693,683062,165045,607,548
2021-07-15T23:59:59+02:00,19108,17449,217988,212360,335382,309858,359165,354308,427252,439197,486358,491320,338910,379000,239874,306768,70803,129348,2117,2019,107345,105009,204614,196758,238453,245439,327188,347521,407381,420313,313525,351184,227707,290535,67297,122387,3669051,2753175,499014,386489,805575,675623,161909,604,548
2021-07-14T23:59:59+02:00,18262,16723,215540,210033,333675,308322,357759,352960,426024,437997,485329,490359,338454,378538,239633,306456,70749,129261,1965,1874,103721,101658,198116,191568,232721,240755,322882,344033,403195,416679,312210,349869,227297,289974,67213,122233,3654098,2719432,498428,380934,805451,668804,159191,603,543
2021-07-13T23:59:59+02:00,17608,16065,213351,208007,332068,306940,356420,351726,424846,436903,484364,489497,338012,378064,239430,306209,70714,129168,1853,1766,99951,98109,191611,186142,225564,234679,316190,337957,394783,408801,310410,347940,226691,289180,67100,122032,3640220,2676503,497869,368232,805291,659310,157101,602,539
2021-07-12T23:59:59+02:00,16588,15130,210059,204818,329999,305203,354837,350252,423600,435694,483378,488592,337595,377591,239252,305980,70674,129090,1774,1695,96843,95382,186313,181826,218572,228988,309338,331909,389671,404517,308672,346067,226097,288447,67000,121861,3621693,2638096,497312,361076,805111,650878,155298,600,537
2021-07-11T23:59:59+02:00,16079,14653,208697,203539,329245,304481,354170,349621,423031,435186,482929,488245,337402,377386,239191,305874,70652,129050,1740,1669,95419,94090,183517,179510,215561,226685,306642,329748,386835,402124,306195,343436,225717,287976,66946,121763,3615407,2623046,496670,359079,804978,640361,153461,593,533
2021-07-10T23:59:59+02:00,15604,14193,206846,201747,327773,303210,353032,348643,422298,434587,482451,487847,337232,377221,239125,305788,70642,129030,1699,1622,94111,92813,180970,177387,212518,224198,304111,327581,385668,401087,305548,342766,225537,287787,66930,121736,3606796,2606204,496026,358847,804743,638604,150780,592,533
2021-07-09T23:59:59+02:00,15279,13912,204935,199902,326161,301751,351959,347677,421392,433868,481878,487369,337025,376997,239029,305667,70627,128996,1025,966,91316,90087,177430,174154,208166,220037,299082,322974,382218,398100,304452,341535,225231,287420,66892,121672,3597613,2577155,495156,356779,804548,630997,148177,590,533
2021-07-08T23:59:59+02:00,14810,13484,201439,196909,322840,299073,349575,345683,419678,432405,480443,486297,336584,376555,238850,305419,70582,128918,907,855,87009,86313,170174,168474,200018,213628,291696,316845,375256,391876,301721,338606,224450,286478,66775,121412,3582215,2530859,491103,348099,804028,620617,143243,589,532
2021-07-07T23:59:59+02:00,14309,13030,197690,193033,319659,296203,347256,343628,418118,430928,479236,485192,336106,375990,238658,305146,70543,128812,773,759,83320,82858,162856,162745,190953,206436,283694,310271,368204,385050,298404,334983,223538,285374,66633,121165,3560863,2482790,489732,334640,803641,610600,140298,586,529
2021-07-06T23:59:59+02:00,13849,12656,194253,189652,316394,293460,344777,341330,416399,429361,477965,484057,335604,375430,238461,304856,70490,128727,651,641,79747,79270,156164,157223,183530,200223,274740,302307,361703,378946,295201,331730,222652,284282,66525,120936,3540961,2430176,486655,327649,803224,601075,137867,583,529
2021-07-05T23:59:59+02:00,13451,12319,189850,185401,312329,290114,342260,338990,414719,427810,476819,482982,335131,374913,238281,304610,70457,128641,575,546,76675,76434,151034,153119,178758,196093,267822,296029,355586,373404,291920,328281,221763,283160,66415,120765,3518065,2391037,485489,323153,802728,590707,133767,580,526
2021-07-04T23:59:59+02:00,13272,12160,186004,181523,309686,288079,340943,337912,413834,427030,476235,482487,334907,374659,238194,304484,70431,128587,543,517,74487,74559,147923,150541,176418,194045,265367,293965,352467,371189,288608,324881,221182,282494,66359,120645,3505787,2377202,484192,320852,802163,579160,129252,580,525
2021-07-03T23:59:59+02:00,12076,11102,179570,175517,305409,284616,338604,335736,412015,425220,475018,481429,334505,374213,238021,304238,70407,128544,512,498,72704,72978,145489,148656,173974,191957,262296,291236,350183,369331,286852,322895,220914,282132,66327,120596,3479378,2361435,482781,320651,801980,574668,123049,580,525
2021-07-02T23:59:59+02:00,10976,10010,175853,172048,302982,282411,336852,334029,410763,424030,474242,480738,334246,373898,237907,304056,70379,128496,473,447,70005,70287,141556,145363,169528,187906,256235,285780,344951,364620,283594,319163,220273,281359,66278,120511,3461247,2328163,481299,317858,801798,562072,120514,578,511
2021-07-01T23:59:59+02:00,9878,9081,172171,168594,298936,279109,334352,331753,408965,422448,473146,479777,333826,373434,237706,303787,70333,128416,401,374,65106,65561,135220,140015,162234,181391,245965,276909,334142,354815,278806,313883,218418,279101,66099,120198,3438643,2271731,479201,305482,801452,544326,117351,578,506
2021-06-30T23:59:59+02:00,9388,8688,168894,165505,293309,274475,330672,328411,407192,420907,472124,478806,333404,372948,237514,303486,70299,128327,319,313,61969,62707,129572,135329,155580,175386,235899,267747,320725,341524,273587,308327,216524,276775,65931,119875,3413497,2216611,477027,292656,801160,525468,113588,576,504
2021-06-29T23:59:59+02:00,8850,8165,165083,161719,288761,270200,327102,325107,405079,418821,470574,477391,332815,372310,237260,303131,70244,128218,261,242,59172,59702,124616,130905,149548,169850,224033,257032,312158,333148,267120,301131,214549,274312,65728,119529,3385913,2157261,475026,287983,800834,508050,109963,574,501
2021-06-28T23:59:59+02:00,8445,7784,161749,158253,283716,265875,323792,322258,402934,416892,469086,476077,332296,371698,237027,302822,70200,128125,201,192,56892,57346,120703,127384,145191,165763,214802,248604,306358,327733,262171,295831,212784,272076,65580,119263,3361939,2121476,471055,279349,800175,491509,106750,574,499
2021-06-27T23:59:59+02:00,8297,7661,160236,156723,281607,264064,321988,320717,401232,415533,468191,475360,332006,371406,236924,302659,70181,128076,175,172,55688,56232,118573,125672,142620,163626,210685,245209,302985,324869,258358,291819,210324,269162,65469,119068,3351898,2105970,468980,275846,799130,475355,103741,573,497
2021-06-26T23:59:59+02:00,7143,6562,156965,153383,279502,262180,319572,318475,400041,414377,467493,474662,331737,371126,236817,302501,70157,128046,164,160,55140,55640,117226,124514,141192,162385,208440,243200,300451,322452,256818,290156,209990,268752,65442,118998,3332753,2089124,466154,275754,799124,472856,103606,552,478
2021-06-25T23:59:59+02:00,5921,5445,152655,149095,276101,259224,317518,316514,398729,413129,466490,473836,331448,370791,236690,302345,70130,127997,135,139,53849,54014,114738,121809,137100,157813,199668,234744,294754,316575,255092,288034,209397,267949,65371,118882,3307775,2046570,464723,274055,799073,466267,103379,552,477
2021-06-24T23:59:59+02:00,5056,4657,148200,144961,271262,255269,313239,312729,396529,411250,465113,472699,331021,370329,236522,302107,70096,127910,116,109,51194,51415,109597,117079,129746,151156,187604,224279,283332,306334,249705,282185,207559,265601,65168,118481,3276526,1984419,462712,262247,798906,452497,101683,551,474
2021-06-23T23:59:59+02:00,4834,4451,145031,141840,267555,252105,307994,307922,394035,408902,463708,471381,330493,369709,236291,301795,70048,127803,84,79,49249,49325,105795,113164,124068,145470,177697,215604,271347,294328,245088,277364,206224,263901,65007,118121,3248930,1928006,459185,252374,798745,441798,99908,549,472
2021-06-22T23:59:59+02:00,4583,4221,141951,138711,263836,248720,301861,302486,391400,406341,462163,469895,329943,369100,236071,301442,70001,127696,54,58,47557,47576,102179,109850,119258,140885,165089,204451,260426,284016,241016,272887,204302,261489,64755,117649,3216840,1869550,457249,244638,798553,430839,98632,548,463
2021-06-21T23:59:59+02:00,4324,3975,138685,135762,259120,244810,296612,297616,388350,403466,460690,468540,329425,368536,235850,301130,69961,127584,46,50,46322,46343,99789,107625,116516,138175,158863,198670,253536,277374,235660,267043,200360,256961,64570,117272,3185058,1838503,455201,239120,798346,411035,96670,545,462
2021-06-20T23:59:59+02:00,4180,3856,137175,134251,254860,241310,294027,295373,386958,402148,459899,467792,329199,368247,235738,300997,69941,127522,40,47,45188,45414,97523,105824,114233,136184,155827,196126,249218,273292,232653,263510,199371,255706,64489,117146,3167541,1818076,453435,235566,798186,403158,95141,543,455
2021-06-19T23:59:59+02:00,3764,3505,135022,132151,252108,238982,292242,293717,385112,400580,459059,467064,328977,367994,235635,300859,69921,127490,39,45,44641,44766,96248,104555,112755,134713,154316,194685,245991,270262,231927,262659,199200,255442,64467,117093,3151189,1802066,450607,233983,798177,402870,95029,543,454
2021-06-18T23:59:59+02:00,2812,2592,131735,129010,248583,235927,288228,290303,382710,398452,457720,465904,328601,367594,235480,300624,69894,127441,39,44,43855,43850,94670,102771,110453,132042,150765,190646,239124,262968,230197,260651,198712,254802,64392,116959,3125360,1772716,446169,233452,798151,396155,94746,543,453
2021-06-17T23:59:59+02:00,2577,2369,128023,125718,242549,231476,282996,285915,377913,394460,455394,464065,328004,366871,235235,300269,69829,127328,38,44,41612,42021,90615,99289,105539,127286,142893,182962,227716,251562,224986,254707,197060,252641,64133,116539,3090502,1716954,443176,229302,797888,385231,90278,491,445
2021-06-16T23:59:59+02:00,2306,2133,124783,122309,237646,227121,278293,281653,372741,389959,452795,461921,327263,366074,234945,299855,69763,127213,38,41,39775,40418,87073,96254,101178,123450,134646,175610,215602,239637,218744,247588,195133,250313,63881,116051,3056920,1657071,437627,223693,797396,377110,87670,488,443
2021-06-15T23:59:59+02:00,1917,1801,119865,117438,231660,221972,272937,276664,367669,385325,449946,459499,326393,365094,234594,299343,69681,127029,37,39,38157,38804,83741,93203,97203,119390,127583,169228,203237,227596,212704,240790,193169,247878,63571,115478,3012162,1599703,435696,217836,796833,369420,84957,487,440
2021-06-14T23:59:59+02:00,1654,1526,115810,113273,226426,217063,267573,271688,362378,380566,446825,456904,325604,364234,234285,298954,69619,126908,33,38,37179,37914,81463,91099,94489,116865,123464,165474,196630,221087,209588,237280,192034,246404,63352,115084,2969971,1570060,433340,215556,796573,361754,82211,486,434
2021-06-13T23:59:59+02:00,1581,1441,114316,111893,223974,214955,265029,269427,360123,378604,445653,455878,325328,363929,234149,298782,69587,126834,30,38,36309,37176,79600,89422,92473,115041,120637,162859,192748,217372,206493,233833,190999,245033,63120,114671,2954964,1556021,430899,208273,796271,353510,80147,486,433
2021-06-12T23:59:59+02:00,1432,1303,111662,109143,222077,213224,263643,268145,358683,377204,444759,455111,325040,363620,234057,298679,69569,126806,30,38,35939,36770,78610,88327,91216,113738,119055,161291,189179,214065,205459,232705,189602,243376,63110,114639,2938771,1542833,429919,208260,796249,346131,80012,485,432
2021-06-11T23:59:59+02:00,1285,1167,109109,106627,219179,210601,259974,264953,355546,374469,443044,453640,324603,363168,233920,298471,69542,126751,30,37,35263,35652,76600,84944,88980,110199,114941,156142,182464,206602,203361,230331,188997,242605,63047,114540,2914335,1515271,427118,207562,796066,332670,79313,484,431
2021-06-10T23:59:59+02:00,1123,1010,104356,102211,213101,205833,252913,259123,349448,369170,438550,449864,323742,362197,233600,298025,69458,126598,28,36,33681,34161,72590,80761,84053,104685,108261,147907,170090,192943,197270,223429,187267,240459,62793,114135,2870665,1468008,420007,205813,795232,305625,75174,479,426
2021-06-09T23:59:59+02:00,974,881,100432,98497,207124,201103,246096,253407,342780,363216,434864,446841,323060,361452,233327,297642,69394,126466,27,35,32142,32900,69347,78107,80352,101515,103529,143617,158927,182158,186628,211405,185400,238213,62521,113640,2831610,1413857,411471,201827,794719,294332,70509,461,422
2021-06-08T23:59:59+02:00,792,700,95894,93946,200480,195533,239135,247389,334514,355931,429755,442167,322223,360448,232952,297155,69315,126330,26,33,31067,32041,66753,75804,77065,98785,98937,139694,151300,174644,177898,201672,183590,235959,62290,113272,2779578,1374550,405694,196903,794132,283451,65984,461,413
2021-06-07T23:59:59+02:00,633,559,92669,90842,194404,190824,232573,242142,326682,349754,426706,439719,321676,359810,232735,296828,69261,126234,25,31,30194,31192,64280,73844,74107,96622,95166,136753,143202,166834,173839,197033,182157,234147,62066,112887,2740525,1347365,399518,193596,793564,272313,61153,461,413
2021-06-06T23:59:59+02:00,595,524,91088,89524,191107,188262,229213,239364,322397,346347,425269,438638,321402,359512,232627,296670,69238,126187,25,31,29591,30634,62501,72158,72021,94601,91966,133679,137496,161023,171300,194392,181045,232746,61838,112507,2725076,1335468,392117,183882,793076,261857,58393,460,406
2021-06-05T23:59:59+02:00,513,444,89140,87506,186226,184042,226744,237230,320580,344725,424273,437725,321117,359194,232478,296503,69224,126155,25,30,29131,29873,61296,70198,70618,92447,90281,131398,132723,155672,168287,190717,180559,232087,61804,112441,2701554,1311787,391985,183415,792971,256420,58000,458,404
2021-06-04T23:59:59+02:00,413,359,86783,84973,182553,180420,222728,233279,316984,341082,421911,435529,320660,358659,232283,296274,69185,126093,25,28,28661,29196,60171,68538,69325,90354,88487,128769,129341,152009,164044,185935,179566,230820,61756,112353,2672279,1292884,388158,182640,792852,246334,57553,457,402
2021-06-03T23:59:59+02:00,321,283,83493,81893,176809,175743,215447,227166,309258,334374,414149,428660,319624,357476,231912,295821,69129,125960,23,28,27770,28179,58267,66333,66923,87594,84833,124641,122558,145324,157689,178308,177990,228785,61642,112116,2623260,1263597,377904,177289,792431,233568,54576,455,393
2021-06-02T23:59:59+02:00,271,224,81406,79722,172703,172004,211791,223998,305663,331010,412097,426824,319213,357020,231758,295614,69101,125909,22,26,27298,27695,57131,65202,65312,86309,82758,122686,117569,140428,149793,169320,177267,227828,61557,111946,2594414,1231283,376515,175315,792406,229942,53636,452,383
2021-06-01T23:59:59+02:00,172,156,77136,75892,164415,165423,202415,216258,296550,323117,403883,418981,317702,355406,231217,294874,68989,125682,22,23,25745,26278,52809,62239,60461,83009,77318,118171,110128,133195,138668,155876,175153,225085,61349,111520,2535657,1180994,364854,171200,791647,218149,46729,446,371
2021-05-31T23:59:59+02:00,150,139,74391,73402,158754,161094,195097,210275,289160,316725,398139,414008,316705,354291,230830,294353,68899,125511,22,22,24833,25215,50181,60011,57282,80470,73698,114880,105618,128737,134498,150946,173778,223357,61180,111187,2495181,1158489,355451,168831,791009,207732,40878,445,367
2021-05-30T23:59:59+02:00,139,131,73337,72332,156268,159054,192466,207916,286369,314209,396253,412262,316341,353881,230669,294113,68861,125430,22,22,24227,24427,48585,58268,55538,78607,71455,112307,102960,125866,132341,148412,172985,222420,61086,110976,2479337,1148673,352925,167519,790378,196345,37981,444,359
2021-05-29T23:59:59+02:00,136,129,72728,71739,154753,157652,190165,205886,284530,312622,395416,411492,316118,353635,230588,294034,68850,125411,21,22,23902,23900,47663,56769,54192,76726,69528,109460,100635,123062,129526,144981,172330,221512,61059,110924,2465440,1135020,352764,167452,790315,185799,37955,442,357
2021-05-28T23:59:59+02:00,132,126,71641,70624,152350,155394,186496,202342,281253,309490,393553,409723,315708,353129,230441,293820,68831,125354,21,21,23367,22896,46052,54639,52357,74158,67477,105505,96299,117170,125132,139915,171351,220200,61012,110810,2441597,1112309,351711,167237,790106,171276,37574,440,350
2021-05-27T23:59:59+02:00,121,117,68320,67605,145854,150445,178303,196081,274847,304320,387240,404035,314439,351681,229980,293289,68759,125171,19,20,22040,21211,42795,51584,48476,70341,62910,99484,89934,109648,121193,135280,168538,216490,60838,110495,2396959,1083797,344078,164496,788292,151169,31842,438,343
2021-05-26T23:59:59+02:00,117,114,66164,65419,140901,146351,172196,191013,268090,298648,380498,397343,312915,350065,229485,292589,68655,124958,19,19,21294,20291,40964,49443,46119,67602,59867,95688,85342,104518,116202,129545,164724,211137,60628,110066,2359620,1051760,330862,162913,786467,139685,29117,436,338
2021-05-25T23:59:59+02:00,116,107,64133,63421,136694,142861,167145,186714,261019,292353,375068,391949,311626,348649,229071,291938,68572,124779,19,19,20716,19625,39563,47922,44283,65582,57390,92681,81254,100131,111242,123829,159157,203857,60458,109758,2321999,1020079,323348,159488,783921,130445,27483,433,332
2021-05-24T23:59:59+02:00,114,105,62889,62208,133931,140752,163864,184297,254069,286355,370120,387265,310796,347730,228785,291551,68501,124648,19,19,20371,19213,38542,46846,42938,64095,55704,90670,79016,97609,109809,122169,158547,203066,60345,109555,2298239,1010684,312222,158180,782113,123752,25932,432,325
2021-05-23T23:59:59+02:00,109,104,62392,61691,132830,139854,162666,183260,252826,285331,368530,385835,310174,347072,228612,291323,68481,124612,19,16,20137,19025,37989,46286,42181,63394,54535,89671,77518,96240,108627,120764,157566,201842,60274,109413,2286721,1002467,311634,155096,782069,122152,25801,431,320
2021-05-22T23:59:59+02:00,106,102,61696,61066,131330,138769,160290,181635,249854,283034,366049,383604,309644,346476,228434,291056,68455,124561,18,16,19818,18600,37373,45680,41543,62863,53882,88941,76746,95090,107076,118954,156792,200871,60247,109359,2268701,995750,311617,155091,782030,118714,24329,431,320
2021-05-21T23:59:59+02:00,102,99,60356,59623,128416,136169,156990,178308,244613,278264,359949,377917,308707,345381,228139,290658,68394,124453,18,15,19453,18232,36758,44908,40887,61808,52925,87543,75016,92791,103831,115001,155652,199419,60154,109183,2232575,982696,309971,154763,780452,112113,24041,427,315
2021-05-20T23:59:59+02:00,93,97,57303,56831,122675,131287,150050,171988,234293,269500,350912,369630,306164,342635,227370,289645,68262,124233,17,15,18156,17295,34581,42660,38427,58907,50095,83763,71086,88280,99697,110341,153178,196395,59972,108828,2174513,963316,303298,152805,774491,94437,21145,422,312
2021-05-19T23:59:59+02:00,91,95,55091,54638,117663,126605,142879,165366,223744,260138,340361,358717,303514,339770,226621,288593,68111,123956,17,15,17574,16507,33356,41074,37020,56845,48076,80980,67844,84699,95807,105864,149539,191648,59710,108336,2108532,939857,297041,150823,771512,84919,19325,418,297
2021-05-18T23:59:59+02:00,87,91,52990,52672,112872,122342,136490,159794,212169,249763,330473,348912,300842,336801,225741,287394,67961,123701,17,15,17054,15901,32138,39606,35660,55051,46257,78566,64956,81468,91790,101324,146337,187572,59499,107902,2048616,919560,287659,147957,767918,76257,17345,414,296
2021-05-17T23:59:59+02:00,84,87,51955,51675,110530,120279,133674,157139,205636,243743,322897,341813,299047,334830,225152,286571,67853,123488,17,15,16595,15451,31088,38562,34483,53752,44774,76764,62689,79066,86946,95451,144872,185685,59351,107588,2021772,907824,275341,140484,764489,69559,15285,410,290
2021-05-16T23:59:59+02:00,83,84,51166,51020,109081,118956,131927,155471,202662,241056,315463,334854,298025,333699,224842,286086,67800,123390,17,15,16311,15078,30336,37779,33609,52833,43713,75447,61354,77593,83530,91369,144081,184607,59264,107446,2006409,901715,264908,133717,761242,65419,13532,406,283
2021-05-15T23:59:59+02:00,82,84,50627,50386,108077,117964,130911,154354,200725,239118,311892,331635,297402,333014,224646,285815,67780,123326,17,15,16170,14914,30080,37469,33323,52401,43225,74797,60503,76605,82933,90552,143564,183939,59228,107398,1990181,896463,264887,133570,760372,64285,12821,403,278
2021-05-14T23:59:59+02:00,81,83,49365,48957,105821,115866,127315,150899,192508,232045,305578,325746,296420,331876,224360,285367,67732,123232,17,15,15670,14483,29290,36645,32548,51207,42148,73008,58931,74653,81019,88059,142952,182946,59187,107313,1952875,886776,263183,132692,755824,58852,11774,400,276
2021-05-13T23:59:59+02:00,78,81,47445,47002,101969,112630,122591,146784,182478,223453,294965,315921,293455,328455,223550,284229,67632,123024,15,14,14809,14036,28434,35944,31788,50306,41199,71912,57421,73083,77236,83703,140180,179336,59077,107096,1901242,874203,254540,125633,749593,55001,10758,394,270
2021-05-12T23:59:59+02:00,76,79,46531,46289,100050,111195,120520,145116,179920,221341,290232,310589,292292,327184,223310,283911,67594,122939,15,13,14643,13884,28112,35725,31381,50017,40751,71536,56879,72513,75884,82070,139400,178199,58991,106936,1878119,868432,252374,123836,749101,54729,9959,390,268
2021-05-11T23:59:59+02:00,72,73,44284,44811,96007,108109,114700,140383,166544,210066,278577,299822,288890,323268,222357,282512,67444,122640,15,12,14212,13317,27098,34295,30245,48209,39444,69261,55168,70245,72788,78482,138037,176363,58832,106577,1819221,856113,242643,121147,740585,46865,8476,386,267
2021-05-10T23:59:59+02:00,71,69,43029,43832,93404,106099,111438,137748,158156,203037,270697,292710,286714,320813,221786,281653,67320,122399,15,11,13867,12873,26336,33310,29451,46946,38447,67405,53939,68516,70699,75925,136891,174848,58713,106287,1783623,847225,236597,120092,733606,39665,7504,383,258
2021-05-09T23:59:59+02:00,70,69,41904,43059,90720,104339,108771,135976,153140,199614,265172,287762,285469,319421,221409,281124,67254,122253,15,11,13550,12653,25640,32640,28723,46142,37652,66442,53010,67571,69466,74520,136293,174009,58658,106156,1764261,842639,229496,119113,727602,34884,6519,377,255
2021-05-08T23:59:59+02:00,69,69,41612,42756,89873,103605,107669,135116,151687,198396,262608,285697,284967,318881,221290,280947,67238,122221,15,11,13449,12590,25508,32548,28577,46011,37462,66249,52669,67250,68500,73596,135222,172640,58611,106063,1752189,838009,228984,118364,727377,34105,6503,370,247
2021-05-07T23:59:59+02:00,67,68,40688,42038,87935,102263,104834,132894,147065,194588,256351,280183,283625,317281,220944,280494,67186,122099,15,11,12702,12109,24680,31811,27809,44950,36596,64985,51487,65736,66250,70907,132991,169813,58522,105886,1726368,828307,225774,116088,723254,27319,5554,365,244
2021-05-06T23:59:59+02:00,63,67,38045,40312,83182,98801,98833,128137,136873,186073,239908,265770,278508,311485,219655,278807,67012,121786,15,11,12015,11590,23742,30706,26808,43599,35237,62985,49748,63757,63759,67771,130879,167047,58408,105669,1660790,817184,215869,112977,712341,18948,4645,353,241
2021-05-05T23:59:59+02:00,61,64,36155,39112,79521,96213,94231,124488,129046,179536,225150,251724,272321,304349,218080,276815,66766,121264,15,10,11781,11313,23195,29980,26202,42677,34311,61584,48593,62340,61144,64653,127933,163342,58310,105418,1594557,804855,210786,109405,706297,14977,3576,352,236
2021-05-04T23:59:59+02:00,61,62,35048,38002,76792,93887,90720,121441,123470,174802,214515,241442,266834,297900,216637,274973,66557,120797,15,10,11618,11108,22785,29439,25739,41904,33587,60491,47481,61063,58418,61463,125566,160405,58161,105182,1545469,792934,205660,106765,700207,11829,2922,346,232
2021-05-03T23:59:59+02:00,60,61,34176,36950,74501,92062,87844,119086,119030,171156,207854,235438,263554,294036,215840,273884,66435,120502,15,10,11370,10835,22391,28859,25258,41203,32895,59526,46454,59919,55620,58116,121786,155510,57904,104743,1513696,777045,202547,105050,695267,9070,1271,342,223
2021-05-02T23:59:59+02:00,60,61,33821,36634,73322,91153,86369,117990,116602,169284,204754,232918,262591,292948,215555,273476,66368,120394,15,9,11298,10762,22200,28642,25025,40918,32550,59116,45998,59443,54430,56653,118713,151828,57820,104611,1503070,772004,199749,99483,691389,8168,404,335,214
2021-05-01T23:59:59+02:00,59,61,33502,36254,72559,90358,85295,116947,115128,167917,201666,229887,261899,292121,215345,273196,66357,120355,15,9,11284,10746,22147,28611,24960,40880,32488,59059,45916,59366,54188,56359,118555,151632,57811,104594,1487952,770690,199740,99443,691122,8120,397,334,212
2021-04-30T23:59:59+02:00,56,59,32959,35653,71351,89135,83829,115216,111342,164344,194264,222772,259909,289753,214896,272588,66297,120247,15,9,10961,10550,21784,28333,24682,40453,32160,58497,45452,58733,53291,55194,117603,150447,57756,104475,1455039,767004,199413,97450,690321,5780,195,331,208
2021-04-29T23:59:59+02:00,54,58,31458,34700,68420,87106,80193,112606,106228,160225,181441,211222,251972,280647,213699,270956,66163,119904,15,9,10652,10335,21306,27884,24252,39956,31570,57756,44648,57802,51456,52996,115753,148209,57655,104279,1400100,758157,192126,94778,684946,3459,172,321,205
2021-04-28T23:59:59+02:00,53,57,30223,34088,66549,85792,77711,110783,102802,157366,171747,202033,241116,268047,212420,269271,65967,119578,15,9,10465,10174,21002,27525,23884,39484,31143,57096,43921,56973,49319,50368,113169,144968,57530,104067,1347417,748558,188761,90217,679575,2238,140,315,193
2021-04-27T23:59:59+02:00,50,56,29464,33401,64966,84319,75695,108971,100036,154967,167012,197300,232605,258235,211274,267656,65847,119355,15,9,10340,10062,20721,27232,23647,39153,30781,56593,43230,56284,47308,47825,110527,141529,57411,103867,1313329,738729,186452,86203,671577,1517,138,308,180
2021-04-26T23:59:59+02:00,49,56,29033,33017,63866,83432,74191,107802,97742,153252,158397,189295,228412,253388,210568,266659,65754,119155,15,9,10245,9972,20503,27040,23408,38939,30482,56250,42611,55709,45500,45678,108630,139047,57315,103713,1284372,730756,185009,83099,664845,1136,132,297,175
2021-04-25T23:59:59+02:00,49,55,28781,32777,63087,82902,73124,107064,96010,152020,153006,184422,224078,248504,209978,265878,65688,119032,15,9,10189,9937,20424,26958,23320,38856,30373,56122,42449,55549,45089,45181,107949,138140,57287,103642,1271575,729081,178870,81332,656168,1004,129,294,175
2021-04-24T23:59:59+02:00,49,54,28437,32349,62145,81676,71938,105614,94456,150355,148096,179267,221291,245168,209508,265204,65654,118982,15,9,10175,9917,20383,26915,23266,38789,30292,56036,42298,55413,44845,44871,107698,137843,57266,103614,1246677,727982,178839,80632,654880,961,128,290,173
2021-04-23T23:59:59+02:00,47,54,27687,31725,60578,80159,70140,103594,91865,147709,143301,174869,216735,239613,208853,264216,65591,118867,15,9,10122,9854,20273,26828,23133,38638,30058,55826,41935,55082,44229,44111,106634,136555,57110,103339,1221753,724621,177653,78153,646342,909,127,287,170
2021-04-22T23:59:59+02:00,45,53,27069,31124,59041,78721,67673,101377,87735,144216,135254,167375,207707,228616,206814,261587,65392,118471,14,9,9997,9758,20021,26530,22778,38200,29544,55313,41183,54447,43071,42795,104639,134103,56881,102941,1180208,717125,170199,74248,638003,788,127,281,165
2021-04-21T23:59:59+02:00,45,49,26573,30603,57709,77615,65789,99742,84689,141575,128072,160556,194623,213279,204666,258702,65166,118045,14,9,9865,9671,19787,26279,22489,37874,29186,54859,40628,53910,42220,41777,102443,131308,56626,102525,1128696,710551,167310,70149,631627,713,127,277,158
2021-04-20T23:59:59+02:00,44,48,26147,30132,56539,76467,64111,98156,82135,139003,122982,155482,183150,199820,202238,255567,64929,117614,13,9,9760,9580,19567,26090,22194,37602,28774,54439,40087,53378,41400,40842,100218,128313,56287,101990,1086030,702966,163821,66897,624845,633,125,275,150
2021-04-19T23:59:59+02:00,44,47,25780,29773,55566,75649,62823,96979,80000,137079,119452,152091,177386,192980,200529,253336,64744,117284,13,9,9652,9486,19336,25868,21946,37327,28457,54045,39572,52846,40604,39935,97106,124319,55882,101275,1061456,692560,161987,64476,618236,595,124,267,150
2021-04-18T23:59:59+02:00,43,42,25471,29510,54796,75101,61698,96031,78140,135649,116085,149694,172271,187421,199514,252107,64632,117092,13,9,9578,9410,19145,25691,21768,37160,28242,53767,39313,52596,40275,39552,95893,122768,55699,100974,1047442,688683,160319,62545,607667,580,124,263,147
2021-04-17T23:59:59+02:00,42,41,25361,29416,54425,74901,61179,95677,77488,135048,115234,148953,168016,182539,198981,251381,64598,117029,13,9,9533,9351,19006,25502,21580,36931,28014,53491,39048,52328,39973,39227,95126,121841,55634,100890,1036552,684654,160290,62229,603598,569,124,262,147
2021-04-16T23:59:59+02:00,42,41,24986,29166,53432,74290,59890,94798,75858,133717,111081,144810,160372,173775,197323,249179,64490,116821,13,9,9328,9176,18613,25068,20992,36355,26902,52585,37019,50723,36645,36268,91928,118311,55232,100237,1010630,669521,159497,55300,594074,539,123,260,145
2021-04-15T23:59:59+02:00,39,37,24509,28717,52176,73120,57925,93072,72576,130874,105613,139531,152509,164798,192671,243309,64194,116205,13,9,9154,9012,18241,24643,20499,35691,26224,51786,35629,49491,34532,34216,88805,114568,54724,99380,978419,656380,157440,49708,576142,489,122,256,140
2021-04-14T23:59:59+02:00,37,34,24170,28391,51239,72184,56581,91683,70190,128711,101614,135761,143312,154413,184930,233430,63853,115539,13,9,8745,8738,17763,24135,19963,35043,25312,50909,34341,48370,32482,32058,85825,110910,54230,98518,940535,641442,154772,45485,560896,398,121,246,139
2021-04-13T23:59:59+02:00,37,34,23929,28172,50541,71649,55629,90850,68553,127296,97889,132319,131476,141285,178534,225104,63515,114950,13,9,8508,8563,17415,23722,19535,34501,24645,50115,33269,47349,31098,30691,83661,108506,53870,97973,907248,632036,150254,41093,544390,276,121,242,137
2021-04-12T23:59:59+02:00,37,33,23720,27982,49986,71135,54760,90113,67080,126004,95257,129997,124368,133255,175306,221156,63244,114459,13,9,8271,8373,17047,23423,19162,34063,24173,49580,32603,46721,29565,29148,81997,106568,53544,97452,890822,623573,148710,37838,528495,263,119,235,134
2021-04-11T23:59:59+02:00,36,33,23546,27818,49457,70714,54023,89658,65933,125196,93395,128516,118881,127232,171392,216553,63074,114162,13,9,8135,8239,16749,23144,18843,33747,23815,49198,32158,46336,28927,28480,80979,105320,53335,97133,883330,618272,144305,36009,512129,249,113,227,130
2021-04-10T23:59:59+02:00,36,33,23484,27761,49290,70576,53819,89497,65602,124924,92869,128078,116797,124700,169952,214702,63032,114063,13,9,7546,7633,15857,22356,17883,32906,22694,48164,31045,45339,28265,27769,78882,102711,53068,96697,876322,602930,143448,35630,509596,245,106,225,130
2021-04-09T23:59:59+02:00,35,33,23235,27511,48785,70084,53173,88804,64603,123797,91042,126171,107964,113752,166572,210294,62832,113705,12,9,6586,6731,14324,21032,16163,31348,20551,46194,28831,43329,26484,25942,75372,98524,52524,95857,856867,575438,136391,34113,499292,233,94,219,128
2021-04-08T23:59:59+02:00,35,33,22938,27264,48205,69592,52417,88106,63291,122711,88619,124003,97646,101745,161026,203447,62502,113136,12,9,5942,6143,13129,20011,14904,30010,18911,44479,26339,40996,23462,22972,70706,92724,51368,94090,838157,543801,127499,32177,481225,206,84,217,124
2021-04-07T23:59:59+02:00,33,32,22626,27035,47395,69129,51482,87487,61897,121723,85468,121555,88444,91447,154014,194657,62208,112579,12,9,5562,5819,12468,19333,14086,29181,17872,43430,24430,39102,20921,20447,66739,87942,50370,92471,817704,520299,121896,29698,459781,179,77,208,119
2021-04-06T23:59:59+02:00,32,32,22414,26876,46864,68745,50891,86963,60863,120946,83358,119811,80678,82636,147640,186694,61863,111953,12,9,5365,5660,12114,18972,13731,28749,17336,42865,23570,38289,19791,19417,63575,83834,49446,91080,798410,506898,118683,26739,442341,167,71,201,118
2021-04-05T23:59:59+02:00,32,31,22314,26751,46551,68396,50499,86562,60311,120252,82176,118659,76196,77540,142657,180608,61662,111638,12,9,5225,5521,11853,18719,13436,28434,17014,42489,23123,37828,19328,18947,60682,80271,48748,90013,788961,497539,116930,23944,427128,162,65,192,118
2021-04-04T23:59:59+02:00,32,31,22265,26690,46429,68122,50327,86247,60030,119750,81665,118027,74752,75828,141955,179636,61625,111556,12,9,5219,5513,11834,18705,13424,28417,16995,42472,23025,37756,18922,18626,59242,78420,48541,89701,786413,492737,116820,23941,421928,155,59,188,116
2021-04-03T23:59:59+02:00,32,31,22203,26609,46305,68013,50163,86071,59715,119438,81097,117449,73406,74192,140840,178099,61542,111408,12,9,5208,5504,11821,18686,13402,28397,16962,42425,22919,37681,18786,18475,58889,77854,48452,89554,780050,490943,116778,23941,419979,153,58,187,116
2021-04-02T23:59:59+02:00,32,31,22125,26524,46143,67845,49942,85821,59244,118984,80215,116636,71849,72309,138561,175116,61348,111048,12,9,5188,5467,11773,18642,13347,28315,16873,42276,22645,37205,18430,18112,56551,74969,47639,88453,770924,482460,114998,23299,418048,153,54,185,113
2021-04-01T23:59:59+02:00,29,30,21930,26320,45727,67325,49296,85078,58370,118045,78331,114967,68585,68880,134473,169939,61033,110476,12,9,5041,5323,11497,18377,13122,28077,16551,41968,22140,36763,17602,17360,51688,68919,45950,85980,759273,464327,108906,21925,410856,140,49,181,109
2021-03-31T23:59:59+02:00,29,30,21601,26101,45325,66797,48796,84428,57638,117105,77171,113727,66536,66559,129716,163820,60628,109752,11,9,4963,5270,11397,18254,12958,27924,16312,41699,21546,36246,16470,16457,46456,62486,44563,83986,749499,445907,101735,20986,404732,137,42,179,106
2021-03-30T23:59:59+02:00,29,29,21424,25878,44922,66177,48288,83627,56927,116053,76032,112349,64691,64539,125334,158068,60162,108854,11,9,4896,5185,11292,18127,12764,27734,15982,41376,20972,35700,15637,15655,43692,59070,43450,82187,739308,434038,97508,19619,396786,110,36,171,104
2021-03-29T23:59:59+02:00,28,29,21226,25640,44459,65625,47808,82936,56193,114971,74795,110914,62197,61790,118602,149450,59394,107463,11,9,4799,5113,11185,18010,12610,27569,15736,41052,20509,35231,14986,15113,41088,56075,42342,80357,718774,422797,94090,18936,390876,93,34,170,102
2021-03-28T23:59:59+02:00,28,29,21020,25348,43959,64931,47291,82191,55513,113964,73846,109804,60938,60354,113896,143485,58950,106706,11,9,4743,5053,11039,17859,12350,27269,15543,40806,20341,34997,14747,14867,40013,54664,41990,79816,712229,418473,86783,17610,383460,72,34,166,95
2021-03-27T23:59:59+01:00,28,29,20899,25189,43665,64567,46927,81662,55009,113276,73171,109067,59784,59270,112408,141775,58883,106624,11,9,4729,5041,11012,17839,12332,27239,15181,40375,19941,34559,14455,14657,39528,53977,41517,78999,706953,414417,86079,16957,379418,67,34,164,93
2021-03-26T23:59:59+01:00,28,28,20648,24677,42859,62863,45955,79637,53672,110254,71155,105450,57773,57381,109659,138544,58555,106106,9,9,4710,5008,10988,17787,12261,27146,15102,40265,19599,33965,13985,14004,36446,50126,39458,75740,695553,399859,82762,16738,367143,53,31,163,93
2021-03-25T23:59:59+01:00,28,25,20216,24004,41983,61096,44860,77085,52162,106723,68765,101687,55176,54744,106346,134578,57984,105113,9,9,4664,4952,10896,17684,12139,27001,14917,40047,19321,33658,13506,13510,32598,45071,36455,71188,684121,381477,78563,16144,350107,48,28,160,90
2021-03-24T23:59:59+01:00,28,25,19812,23554,41197,59821,43839,75543,50777,104797,66661,99355,52393,51828,102095,129484,57344,104036,9,9,4609,4885,10802,17542,11971,26798,14687,39759,18954,33238,13047,13062,30025,41857,33338,66350,671310,365905,73684,15046,337814,42,24,157,87
2021-03-23T23:59:59+01:00,28,25,19565,23252,40637,58899,43112,74447,49736,103284,64993,97493,50094,49486,99345,126272,56786,103198,9,9,4549,4813,10703,17416,11824,26613,14441,39445,18538,32849,12547,12555,27586,38744,29635,60418,663154,348248,70343,14457,327375,39,23,155,87
2021-03-22T23:59:59+01:00,28,25,19341,22834,39992,58014,42443,73406,48790,101898,63520,95860,48266,47597,96951,123535,56316,102432,6,8,4492,4767,10615,17299,11692,26435,14282,39205,18296,32547,12230,12181,25744,36379,25637,53943,656838,331873,67539,13901,317087,34,23,154,85
2021-03-21T23:59:59+01:00,28,25,19202,22575,39498,57257,41889,72558,48136,100741,62575,94625,47218,46571,95310,121682,55946,101854,6,8,4476,4758,10578,17251,11643,26348,14222,39118,18215,32446,12110,12045,25314,35931,25283,53383,654246,329670,65509,13488,308149,34,20,153,80
2021-03-20T23:59:59+01:00,27,25,19142,22431,39285,56763,41648,71998,47822,100105,62134,94024,46562,45806,92715,118453,55658,101369,6,8,4467,4749,10568,17238,11615,26330,14179,39083,18134,32371,11956,11885,24673,35158,24518,52300,647780,325961,65058,13300,303339,34,20,152,80
2021-03-19T23:59:59+01:00,26,24,18787,21865,38151,54638,40365,70002,46086,98018,59252,91268,42125,41936,87497,112696,54957,100293,6,8,4445,4734,10535,17188,11550,26218,14087,38909,17898,32071,11605,11604,22993,33093,22835,49733,630031,316604,57853,12936,290312,30,19,148,79
2021-03-18T23:59:59+01:00,26,23,18393,21215,36971,52483,38828,67213,43929,93545,55406,85474,38092,38132,82766,107220,53868,98638,6,8,4425,4705,10469,17085,11472,26062,13942,38722,17684,31869,11371,11421,21747,31573,21121,47134,613091,308521,52117,12324,267216,28,18,146,77
2021-03-17T23:59:59+01:00,26,22,17966,20862,36242,51563,38059,66255,42847,92187,53616,83652,35414,35341,78754,102398,52928,97167,5,8,4402,4677,10407,16990,11398,25928,13829,38534,17488,31676,11135,11195,20493,30155,19530,44726,596418,300995,47715,11613,261361,25,18,143,75
2021-03-16T23:59:59+01:00,25,22,17606,20442,35491,50491,37243,65057,41750,90513,51775,81667,33204,33322,74718,97433,52046,95855,5,6,4352,4625,10334,16860,11308,25775,13729,38296,17355,31433,10957,11012,19211,28630,18049,42399,583126,293194,43026,11178,252700,25,15,141,73
2021-03-15T23:59:59+01:00,25,22,17326,20078,34777,49508,36450,63865,40843,89033,50514,80064,31481,31488,71426,93340,51350,94723,5,6,4330,4590,10267,16737,11242,25575,13612,38008,17206,31161,10791,10853,18480,27664,16784,40536,571992,287366,39697,10529,244824,25,4,136,70
2021-03-14T23:59:59+01:00,25,21,17055,19651,33921,48299,35549,62548,39781,87206,49258,78335,30313,30247,69429,90779,50908,94046,5,6,4306,4571,10222,16659,11186,25433,13552,37786,17116,30999,10719,10767,18301,27384,16522,39974,564873,286170,37817,9398,234883,16,1,132,70
2021-03-13T23:59:59+01:00,25,21,16236,18588,32421,46256,33974,60410,37741,84126,47121,75776,28962,28890,67409,88154,50640,93657,5,6,4306,4570,10220,16653,11182,25424,13543,37778,17108,30990,10685,10736,17552,26497,15475,38520,548520,281913,37533,9397,224535,15,1,132,69
2021-03-12T23:59:59+01:00,24,20,15136,17211,29976,43603,31307,57267,34875,79273,43906,71309,26121,25700,63104,82856,49657,92256,5,5,4293,4537,10201,16591,11164,25371,13499,37659,17018,30860,10408,10508,16660,25248,14404,36992,520469,276099,36222,9385,207081,12,1,129,68
2021-03-11T23:59:59+01:00,23,20,14094,15748,27716,40907,28984,54084,32281,74882,40147,66417,22714,22225,57088,75543,47730,89429,5,5,4251,4496,10121,16472,11051,25144,13381,37349,16853,30554,10104,10295,16027,24403,13735,35714,488397,272088,34633,7942,187155,9,1,122,62
2021-03-10T23:59:59+01:00,23,20,13500,15047,26304,39291,27329,52261,30717,72560,37626,63292,19961,19669,51175,68411,46178,87098,5,5,4214,4452,10022,16305,10930,24893,13233,36929,16654,30181,9862,10109,15285,23630,13076,34688,461969,267347,32588,7198,176056,6,1,120,60
2021-03-09T23:59:59+01:00,22,19,13216,14581,25178,38249,25912,51076,29651,70906,36245,61459,18779,18546,47666,63964,45056,85309,5,5,4189,4426,9937,16138,10826,24633,13079,36612,16476,29944,9736,10005,14620,22791,12577,33913,448364,263628,30048,6360,167560,6,1,120,55
2021-03-08T23:59:59+01:00,21,19,12885,13970,24097,37136,24642,49939,28715,69424,35005,59838,17707,17663,43548,58984,43828,83323,5,5,4174,4390,9875,15940,10723,24369,12945,36254,16346,29679,9652,9921,14124,22185,12262,33470,432910,260431,28039,5967,159931,2,1,117,54
2021-03-07T23:59:59+01:00,21,19,12652,13675,23502,36283,23943,49063,28114,68554,34394,59077,17442,17410,42481,57532,43463,82763,5,5,4162,4377,9852,15898,10696,24295,12914,36084,16289,29565,9630,9892,13925,21930,12127,33266,428140,259368,26225,5624,156159,0,1,112,54
2021-03-06T23:59:59+01:00,20,19,12538,13383,23098,35547,23407,48271,27064,67021,33292,57311,17054,17080,41835,56641,43163,82295,5,5,4159,4363,9840,15871,10678,24261,12904,36043,16271,29534,9612,9852,13879,21892,12024,33055,424064,258990,26161,5340,148949,0,1,110,52
2021-03-05T23:59:59+01:00,20,19,12124,12780,22413,34343,22721,47041,26308,65388,32058,54893,16405,16244,38376,52342,41014,78856,5,5,4132,4316,9770,15771,10628,24113,12836,35848,16184,29329,9517,9782,13694,21681,11652,32442,408883,257296,24708,4492,139882,0,1,110,50
2021-03-04T23:59:59+01:00,18,19,11364,11767,21224,32616,21507,44991,24952,62734,30363,52539,15675,15525,34372,47179,37936,74173,5,5,4082,4225,9656,15478,10525,23755,12703,35313,16039,28927,9338,9627,13536,21471,11567,32296,390441,254233,22630,4398,126009,0,1,109,47
2021-03-03T23:59:59+01:00,16,19,11053,11270,20536,31398,20732,43627,24041,60983,29318,50899,15195,15020,31756,43857,34848,69403,5,5,4040,4161,9576,15307,10445,23502,12597,34891,15858,28579,9153,9500,13410,21251,11422,32025,374983,251581,21834,4231,117278,0,1,105,42
2021-03-02T23:59:59+01:00,16,19,10792,10842,19890,30425,20019,42609,23254,59593,28345,49622,14567,14369,29085,40494,30953,63186,5,5,3992,4089,9513,15140,10375,23237,12492,34459,15756,28270,9026,9397,13270,21061,11345,31880,356785,249169,20325,4227,111090,0,0,103,42
2021-03-01T23:59:59+01:00,14,18,10620,10582,19377,29620,19456,41726,22663,58522,27629,48498,14144,13914,27013,37910,26685,56289,5,5,3976,4039,9458,14985,10311,22938,12410,34084,15647,27947,8942,9335,13088,20792,11229,31697,339535,246743,19209,4227,106053,0,0,101,42
2021-02-28T23:59:59+01:00,13,18,10449,10380,18907,28970,18919,40986,22181,57666,27137,47702,13935,13671,26408,37253,26280,55686,5,5,3960,4025,9432,14952,10292,22886,12393,34014,15620,27900,8915,9311,12957,20613,11165,31548,337069,245887,18349,4190,101257,0,0,101,40
2021-02-27T23:59:59+01:00,13,17,10270,9865,18579,28106,18661,40197,21898,56683,26811,46915,13663,13370,25739,36452,25358,54269,5,5,3947,4013,9410,14931,10260,22839,12354,33932,15573,27826,8894,9295,12937,20590,11143,31528,333166,245525,17627,4041,96183,0,0,101,40
2021-02-26T23:59:59+01:00,12,16,9474,9082,17681,26668,17879,37993,20966,53835,25349,44096,13196,12970,24147,34462,23829,51963,5,5,3866,3944,9332,14771,10186,22583,12274,33566,15456,27532,8815,9215,12871,20523,11103,31458,324033,243623,17372,3967,82317,0,0,100,38
2021-02-25T23:59:59+01:00,12,16,8317,8230,16361,25061,16615,35743,19730,50952,23640,41315,12718,12569,22869,32872,22332,49680,5,5,3742,3798,9166,14454,9965,21978,12017,32709,15130,26877,8619,9064,12609,20198,10963,31189,316411,239467,16599,3106,66120,0,0,95,37
2021-02-24T23:59:59+01:00,11,15,7952,7706,15708,24029,15990,34509,19016,49441,22850,40116,12325,12233,21561,31377,20657,47052,4,5,3669,3730,9023,14163,9787,21522,11813,32080,14867,26343,8477,8926,12466,20025,10898,30977,308182,236687,15632,2172,58829,0,0,95,36
2021-02-23T23:59:59+01:00,11,15,7468,7227,14894,22853,15304,33293,18293,48032,22133,39045,12012,11908,20221,29805,19047,44500,4,5,3628,3655,8903,13959,9646,21124,11625,31500,14566,25840,8307,8782,12338,19814,10826,30740,300067,233840,14832,1506,51252,0,0,94,35
2021-02-22T23:59:59+01:00,10,13,7361,7022,14512,22237,14952,32568,17826,47023,21638,38312,11810,11658,19472,28794,17729,42545,4,5,3598,3553,8765,13668,9484,20622,11370,30755,14197,25241,8059,8587,12138,19559,10720,30430,294188,230519,14225,318,47155,0,0,91,35
2021-02-21T23:59:59+01:00,10,13,7271,6896,14187,21791,14533,31985,17410,46373,21200,37817,11704,11556,19310,28580,17481,42211,4,5,3558,3513,8681,13544,9404,20405,11298,30463,14074,24969,7999,8526,12080,19448,10649,30266,293039,228665,13855,301,43518,0,0,89,35
2021-02-20T23:59:59+01:00,10,13,7154,6846,14060,21711,14415,31849,17291,46221,21040,37633,11604,11472,18527,27662,16422,40741,4,5,3556,3506,8671,13536,9394,20384,11284,30438,14059,24958,7994,8517,12016,19384,10595,30198,288773,228280,13658,300,42322,0,0,88,34
2021-02-19T23:59:59+01:00,8,12,6852,6594,13707,21273,14043,31180,16817,45425,20334,36761,10999,11070,17480,26335,15266,39133,4,5,3476,3481,8596,13508,9351,20325,11246,30345,14000,24864,7952,8457,11796,19111,10403,29868,282391,226572,13281,298,37696,0,0,86,33
2021-02-18T23:59:59+01:00,8,12,6455,6121,13080,20129,13402,29808,16001,43556,19459,35181,10768,10853,16888,25582,14689,38249,4,5,3289,3344,8262,12969,9055,19573,10895,29301,13629,24035,7747,8148,11209,18159,9906,28714,278807,218028,12703,298,28809,0,0,83,32
2021-02-17T23:59:59+01:00,8,11,6289,5778,12635,19251,12910,28620,15301,41836,18812,33857,10537,10600,16132,24768,13913,37065,3,5,3039,3183,7921,12452,8755,18783,10528,28254,13243,23185,7513,7910,10654,17306,9469,27898,274146,209885,11971,294,22282,0,0,79,32
2021-02-16T23:59:59+01:00,8,11,5963,5476,12098,18418,12409,27551,14756,40461,18218,32825,10381,10497,15465,23939,13405,36282,3,5,2857,3063,7617,11997,8449,18059,10131,27162,12782,22285,7241,7614,9940,16132,8739,26346,270624,200364,11474,138,16144,0,0,74,29
2021-02-15T23:59:59+01:00,7,11,5856,5293,11801,17773,12142,26768,14407,39467,17870,32055,10252,10385,14907,23286,13046,35745,3,5,2768,2983,7424,11675,8232,17552,9829,26315,12430,21603,6971,7328,9243,15074,8227,25065,267523,192715,10871,92,12762,0,0,68,28
2021-02-14T23:59:59+01:00,7,11,5587,5178,11553,17502,11919,26335,14175,39019,17679,31777,10206,10333,14672,22946,12882,35352,3,5,2717,2945,7310,11508,8104,17344,9652,25982,12251,21300,6874,7203,9019,14691,8040,24529,266520,189468,9935,90,10764,0,0,66,26
2021-02-13T23:59:59+01:00,7,11,5527,5140,11502,17465,11888,26303,14146,38987,17659,31758,10192,10305,14645,22913,12868,35334,3,5,2713,2942,7305,11500,8092,17322,9635,25947,12223,21256,6842,7168,8863,14479,7687,23897,266273,187955,9931,8,10533,0,0,65,22
2021-02-12T23:59:59+01:00,7,10,5010,4823,10933,17102,11571,25753,13827,38347,17328,31119,10081,10198,14463,22700,12787,35226,3,5,2662,2909,7209,11342,7991,17090,9487,25555,12009,20809,6659,6933,8499,13918,7094,22553,264586,182806,9919,6,6866,0,0,64,21
2021-02-11T23:59:59+01:00,7,10,4549,4523,10347,16420,11158,24944,13349,37085,16840,30262,9766,9935,14183,22253,12506,34539,3,5,2493,2634,6611,10147,7301,15353,8625,22937,10952,18724,6005,6219,7449,12302,6276,20235,261354,164350,8275,3,3132,0,0,62,14
2021-02-10T23:59:59+01:00,7,10,4300,4356,10013,15972,10849,24406,13036,36202,16425,29512,9547,9797,14001,22047,12414,34332,3,5,2130,2341,5674,8680,6491,13306,7640,20027,9823,16681,5462,5631,6459,10639,5502,18182,258699,144756,7773,2,839,0,0,57,2
2021-02-09T23:59:59+01:00,7,9,4237,4258,9888,15704,10740,24003,12862,35583,16211,29040,9368,9656,13805,21834,12271,34109,3,5,1734,1988,4892,7411,5716,11506,6723,17509,8739,14683,4886,5002,5409,9076,4767,16062,256246,126181,6991,1,434,0,0,55,2
2021-02-08T23:59:59+01:00,7,9,4202,4204,9794,15494,10631,23642,12742,35125,16066,28681,9273,9589,13602,21549,12164,33912,3,5,1569,1791,4331,6416,5051,9928,5907,14980,7723,12824,4332,4471,4435,7482,4004,13974,253868,109290,6476,1,428,0,0,51,2
2021-02-07T23:59:59+01:00,7,9,4037,4137,9637,15359,10529,23477,12661,34863,15953,28488,9232,9543,13458,21368,12089,33768,3,5,1356,1545,3912,5742,4633,9048,5478,13817,7235,11861,4078,4211,4203,7086,3843,13374,252773,101492,5931,1,0,0,0,46,1
2021-02-06T23:59:59+01:00,7,9,4028,4128,9626,15343,10516,23442,12639,34813,15934,28431,9213,9530,13440,21333,11983,33572,3,5,1203,1350,3679,5438,4448,8623,5259,13233,6955,11304,3943,4076,4076,6937,3565,12918,252429,97074,5647,1,0,0,0,46,0
2021-02-05T23:59:59+01:00,7,8,3955,4059,9554,15200,10450,23192,12554,34446,15820,28148,9129,9457,13368,21261,11634,32977,3,4,1062,1119,3397,4992,4189,8039,4944,12454,6572,10576,3688,3830,3916,6705,3055,12027,250551,90628,4755,0,0,0,0,46,0
2021-02-04T23:59:59+01:00,7,8,3897,3934,9433,14884,10272,22644,12366,33650,15606,27584,9007,9346,13143,20966,11520,32770,3,2,799,786,2571,3739,3254,6293,3991,9908,5249,8358,3012,3116,3299,5720,2666,10533,246594,73341,4530,0,0,0,0,45,0
2021-02-03T23:59:59+01:00,7,8,3828,3861,9330,14663,10169,22307,12233,33140,15458,27168,8896,9231,13003,20790,11444,32603,3,2,663,617,1939,2821,2516,4858,3015,7609,4018,6301,2197,2242,2405,4231,1932,7885,243870,55285,4357,0,0,0,0,44,0
2021-02-02T23:59:59+01:00,7,8,3761,3765,9231,14467,10069,21928,12092,32576,15255,26718,8768,9115,12880,20582,11362,32338,2,2,527,487,1471,2087,1924,3654,2269,5787,3000,4714,1558,1543,1644,2788,1346,5243,240657,40067,4354,0,0,0,0,41,0
2021-02-01T23:59:59+01:00,6,8,3721,3674,9152,14236,9962,21543,11956,31941,15070,26215,8648,8968,12771,20437,11313,32160,1,0,393,353,1026,1438,1269,2438,1479,3790,1867,2988,990,983,974,1702,772,3031,237516,25506,4354,0,0,0,0,39,0
2021-01-31T23:59:59+01:00,6,8,3701,3638,9098,14127,9891,21337,11888,31644,14967,26019,8592,8909,12719,20324,11268,32031,1,0,362,332,902,1248,1079,2063,1277,3236,1633,2618,892,892,872,1518,701,2724,236018,22360,4237,0,0,0,0,38,0
2021-01-30T23:59:59+01:00,6,8,3700,3635,9088,14114,9877,21314,11875,31624,14955,26005,8588,8904,12650,20255,11202,31953,1,0,346,308,841,1164,1022,1939,1213,3046,1558,2482,864,866,853,1478,686,2671,235697,21347,4144,0,0,0,0,38,0
2021-01-29T23:59:59+01:00,6,8,3639,3618,9028,14085,9848,21262,11843,31548,14906,25938,8564,8881,12464,20032,11021,31709,1,0,279,225,720,990,877,1577,1058,2657,1346,2157,774,775,805,1424,668,2618,234473,18958,4015,0,0,0,0,37,0
2021-01-28T23:59:59+01:00,6,7,3521,3531,8825,13698,9628,20749,11611,30966,14579,25442,8427,8778,12031,19418,10666,31131,1,0,132,58,302,366,383,618,466,1156,613,969,407,428,472,822,383,1587,229693,9166,3411,0,0,0,0,35,0
2021-01-27T23:59:59+01:00,6,7,3288,3394,8532,13280,9328,20126,11228,30132,14193,24707,8210,8564,11481,18611,10243,30367,1,0,81,34,209,227,249,421,309,806,436,668,310,312,350,613,288,1165,222981,6481,2800,0,0,0,0,35,0
2021-01-26T23:59:59+01:00,5,7,3124,3296,8249,12939,9065,19557,10924,29378,13797,24073,7970,8340,10904,17696,9596,29217,1,0,75,30,194,217,233,387,293,753,405,608,295,286,322,549,261,1035,216268,5946,1956,0,0,0,0,31,0
2021-01-25T23:59:59+01:00,5,7,3036,3202,7966,12456,8775,18853,10538,28376,13317,23309,7688,8139,10288,16878,9140,28316,1,0,67,22,171,195,199,328,254,632,354,503,257,241,268,471,212,848,209962,5025,414,0,0,0,0,29,0
2021-01-24T23:59:59+01:00,5,7,2992,3181,7881,12376,8701,18726,10429,28216,13187,23126,7645,8102,10221,16765,9092,28221,1,0,66,21,167,191,196,314,251,610,345,489,248,237,266,464,208,833,208650,4909,310,0,0,0,0,28,0
2021-01-23T23:59:59+01:00,5,7,2991,3180,7879,12372,8696,18715,10427,28202,13181,23121,7637,8099,10096,16599,8763,27634,1,0,65,21,167,190,196,312,249,609,343,489,248,237,266,464,208,831,207388,4898,306,0,0,0,0,25,0
2021-01-22T23:59:59+01:00,5,7,2928,3134,7755,12258,8612,18572,10317,28029,13099,23006,7606,8063,9897,16296,8245,26610,1,0,65,20,166,190,196,312,249,609,342,489,248,237,266,464,208,831,204229,4895,304,0,0,0,0,21,0
2021-01-21T23:59:59+01:00,5,7,2843,2964,7257,11344,8129,17425,9780,26403,12493,21796,7322,7738,9264,15362,7731,25567,1,0,59,18,149,176,178,280,223,534,305,447,223,210,233,380,175,693,193218,4286,304,0,0,0,0,16,0
2021-01-20T23:59:59+01:00,5,7,2483,2620,6375,9933,7381,15467,8831,23576,11384,19723,6720,7088,8165,13594,6919,23346,1,0,57,18,147,171,175,278,214,520,292,425,211,203,227,355,161,655,173398,4112,300,0,0,0,0,15,0
2021-01-19T23:59:59+01:00,5,7,2044,2265,5473,8544,6517,13574,7810,20791,10115,17489,5970,6209,6791,11418,5899,20318,0,0,41,12,98,126,119,171,150,357,192,296,134,115,141,238,113,489,151091,2793,218,0,0,0,0,14,0
2021-01-18T23:59:59+01:00,4,7,1772,1976,4717,7161,5565,11340,6611,17198,8690,14775,5084,5331,5409,9167,4830,16845,0,0,22,7,39,47,54,79,66,163,76,147,60,54,66,131,61,221,126452,1294,94,0,0,0,0,14,0
2021-01-17T23:59:59+01:00,3,7,1497,1689,4204,6368,5057,10209,6075,15632,8049,13514,4747,4985,5034,8492,4503,15844,0,0,8,2,9,15,16,29,20,50,29,57,24,23,20,31,13,47,115877,393,89,0,0,0,0,13,0
2021-01-16T23:59:59+01:00,3,6,1331,1486,3987,6046,4877,9770,5815,14969,7719,12820,4555,4756,4819,8216,4150,15241,0,0,0,0,0,1,1,2,1,1,1,2,0,1,1,0,0,1,110610,12,9,0,0,0,0,13,0
2021-01-15T23:59:59+01:00,3,6,1181,1260,3731,5624,4622,9202,5525,14130,7314,12020,4264,4459,4629,7907,3613,14196,0,0,0,0,0,0,0,0,0,0,0,0,0,0,0,0,0,0,103731,0,4,0,0,0,0,13,0
2021-01-14T23:59:59+01:00,3,4,908,947,2984,4436,3755,7386,4581,11385,5919,9673,3463,3587,3887,6676,3130,12392,0,0,0,0,0,0,0,0,0,0,0,0,0,0,0,0,0,0,85152,0,0,0,0,0,0,13,0
2021-01-13T23:59:59+01:00,3,3,773,792,2511,3700,3170,6160,3809,9438,4826,7790,2593,2672,2929,5088,2396,9474,0,0,0,0,0,0,0,0,0,0,0,0,0,0,0,0,0,0,68156,0,0,0,0,0,0,12,0
2021-01-12T23:59:59+01:00,2,3,640,660,2102,3034,2612,5008,3049,7594,3805,6118,1862,1851,2003,3449,1697,6472,0,0,0,0,0,0,0,0,0,0,0,0,0,0,0,0,0,0,51996,0,0,0,0,0,0,0,0
2021-01-11T23:59:59+01:00,1,1,496,524,1751,2457,2093,4004,2362,5772,2829,4441,1200,1144,1202,2036,938,3690,0,0,0,0,0,0,0,0,0,0,0,0,0,0,0,0,0,0,36966,0,0,0,0,0,0,0,0
2021-01-10T23:59:59+01:00,1,1,438,455,1489,2030,1750,3277,1952,4787,2350,3722,1059,1018,1058,1788,837,3237,0,0,0,0,0,0,0,0,0,0,0,0,0,0,0,0,0,0,31265,0,0,0,0,0,0,0,0
2021-01-09T23:59:59+01:00,1,1,407,410,1364,1853,1604,2986,1799,4339,2165,3392,987,949,1003,1735,819,3194,0,0,0,0,0,0,0,0,0,0,0,0,0,0,0,0,0,0,29022,0,0,0,0,0,0,0,0
2021-01-08T23:59:59+01:00,1,1,311,281,1114,1508,1324,2315,1478,3560,1794,2775,852,841,915,1611,771,3037,0,0,0,0,0,0,0,0,0,0,0,0,0,0,0,0,0,0,24500,0,0,0,0,0,0,0,0
2021-01-07T23:59:59+01:00,1,0,146,76,405,511,487,798,597,1375,783,1210,466,486,564,972,468,1917,0,0,0,0,0,0,0,0,0,0,0,0,0,0,0,0,0,0,11265,0,0,0,0,0,0,0,0
2021-01-06T23:59:59+01:00,1,0,112,44,276,290,314,522,402,933,535,832,360,364,427,754,361,1450,0,0,0,0,0,0,0,0,0,0,0,0,0,0,0,0,0,0,7980,0,0,0,0,0,0,0,0
2021-01-05T23:59:59+01:00,1,0,87,32,196,235,247,434,324,823,451,710,344,348,410,722,354,1396,0,0,0,0,0,0,0,0,0,0,0,0,0,0,0,0,0,0,7117,0,0,0,0,0,0,0,0
2021-01-04T23:59:59+01:00,1,0,69,26,177,197,205,340,260,639,357,520,269,255,291,525,237,940,0,0,0,0,0,0,0,0,0,0,0,0,0,0,0,0,0,0,5310,0,0,0,0,0,0,0,0
2021-01-03T23:59:59+01:00,1,0,67,22,170,192,200,324,258,622,348,503,261,253,287,512,235,923,0,0,0,0,0,0,0,0,0,0,0,0,0,0,0,0,0,0,5180,0,0,0,0,0,0,0,0
2021-01-02T23:59:59+01:00,1,0,67,22,170,192,200,323,254,622,345,503,261,253,287,512,235,922,0,0,0,0,0,0,0,0,0,0,0,0,0,0,0,0,0,0,5171,0,0,0,0,0,0,0,0
2021-01-01T23:59:59+01:00,1,0,66,21,169,192,200,321,253,622,342,501,261,253,287,510,235,922,0,0,0,0,0,0,0,0,0,0,0,0,0,0,0,0,0,0,5158,0,0,0,0,0,0,0,0
2020-12-31T23:59:59+01:00,1,0,66,21,168,190,200,320,251,621,341,500,261,253,287,510,235,922,0,0,0,0,0,0,0,0,0,0,0,0,0,0,0,0,0,0,5149,0,0,0,0,0,0,0,0
2020-12-30T23:59:59+01:00,1,0,65,21,167,189,198,317,250,619,340,498,261,253,287,510,234,922,0,0,0,0,0,0,0,0,0,0,0,0,0,0,0,0,0,0,5134,0,0,0,0,0,0,0,0
2020-12-29T23:59:59+01:00,1,0,46,13,119,142,148,213,182,445,239,383,179,165,199,381,173,720,0,0,0,0,0,0,0,0,0,0,0,0,0,0,0,0,0,0,3749,0,0,0,0,0,0,0,0
2020-12-28T23:59:59+01:00,1,0,25,9,66,79,82,123,101,253,118,234,98,93,104,200,102,388,0,0,0,0,0,0,0,0,0,0,0,0,0,0,0,0,0,0,2077,0,0,0,0,0,0,0,0
2020-12-27T23:59:59+01:00,0,0,12,3,18,27,37,47,36,89,37,96,33,29,41,73,31,145,0,0,0,0,0,0,0,0,0,0,0,0,0,0,0,0,0,0,754,0,0,0,0,0,0,0,0
