Datum,<24_1_m,<24_1_w,25-34_1_m,25-34_1_w,35-44_1_m,35-44_1_w,45-54_1_m,45-54_1_w,55-64_1_m,55-64_1_w,65-74_1_m,65-74_1_w,75-84_1_m,75-84_1_w,>84_1_m,>84_1_w,<24_2_m,<24_2_w,25-34_2_m,25-34_2_w,35-44_2_m,35-44_2_w,45-54_2_m,45-54_2_w,55-64_2_m,55-64_2_w,65-74_2_m,65-74_2_w,75-84_2_m,75-84_2_w,>84_2_m,>84_2_w,bp_1,bp_2,mo_1,mo_2,az_1,az_2,ja
2021-07-01T23:59:59+02:00,179050,174787,293925,274898,329838,328043,404782,419032,469403,476625,331704,371257,236769,302880,70147,128184,63743,64221,132006,136897,158586,177918,241152,272255,328001,348652,274837,309466,215936,276244,65536,119101,3406474,2233987,474906,300546,796283,536086,114137
2021-06-30T23:59:59+02:00,175483,171476,288631,270518,326320,324840,403092,417578,468436,475705,331307,370804,236590,302613,70117,128116,60882,61564,126878,132587,152454,172388,232067,263951,316161,337005,270015,304344,214150,274063,65377,118814,3382681,2185310,472839,288809,796010,518214,110572
2021-06-29T23:59:59+02:00,171393,167444,284238,266365,322861,321599,401038,415543,466933,474326,330728,370179,236343,302263,70063,128010,58098,58579,122102,128338,146662,167010,220419,253415,307774,328827,263705,297292,212223,271643,65185,118487,3356125,2127327,470888,284302,795693,501239,107096
2021-06-28T23:59:59+02:00,167743,163680,279369,262149,319624,318794,398962,413651,465479,473045,330218,369586,236114,301958,70020,127916,55829,56248,118331,124942,142442,163035,211347,245126,302091,323510,258805,292049,210474,269434,65040,118230,3332764,2092404,466955,275857,795060,484872,104005
2021-06-27T23:59:59+02:00,166140,162070,277320,260382,317846,317283,397302,412305,464617,472357,329934,369300,236014,301804,70002,127868,54660,55151,116274,123283,139942,160953,207328,241820,298806,320689,255035,288094,208030,266544,64930,118044,3322985,2077317,464929,272455,794034,468943,101072
2021-06-26T23:59:59+02:00,161796,157697,275258,258529,315474,315083,396132,411170,463930,471673,329675,369019,235910,301647,69978,127838,54120,54570,114988,122176,138558,159751,205135,239871,296349,318351,253521,286458,207701,266139,64904,117975,3304174,2060982,462141,272383,794029,466465,100940
2021-06-25T23:59:59+02:00,156338,152354,271913,255622,313444,313139,394846,409939,462940,470856,329390,368689,235789,301498,69951,127790,52830,52947,112546,119516,134535,155252,196472,231502,290720,312551,251847,284405,207144,265379,64835,117863,3279521,2018975,460743,270727,793987,460121,100722
2021-06-24T23:59:59+02:00,151181,147523,267201,251775,309246,309423,392729,408119,461599,469758,328980,368235,235625,301270,69918,127706,50225,50386,107527,114888,127364,148734,184630,221184,279411,302437,246546,278642,205333,263060,64635,117467,3248989,1957852,458783,259119,793828,446535,99163
2021-06-23T23:59:59+02:00,147868,144300,263602,248721,304187,304795,390284,405834,460225,468476,328462,367627,235401,300962,69872,127603,48326,48325,103796,111061,121773,143156,174896,212641,267705,290766,242043,273959,204017,261383,64476,117108,3222315,1902930,455310,249355,793672,435947,97397
2021-06-22T23:59:59+02:00,144608,141003,259961,245399,298215,299515,387695,403323,458710,467024,327926,367037,235186,300617,69825,127498,46638,46582,100264,107802,117051,138636,162410,201597,256916,280569,238040,269546,202125,259006,64227,116644,3190917,1845150,453429,241703,793491,425218,96179
2021-06-21T23:59:59+02:00,141110,137855,255382,241591,293053,294721,384705,400496,457258,465683,327413,366487,234962,300313,69784,127389,45426,45377,97908,105613,114340,135967,156266,195890,250103,273987,232780,263790,198249,254530,64043,116278,3159736,1814543,451418,236225,793272,405726,94249
2021-06-20T23:59:59+02:00,139500,136284,251506,238421,290604,292598,383345,399213,456494,464963,327202,366225,234855,300183,69765,127330,44363,44507,95782,103909,112192,134082,153363,193458,245896,270008,229928,260443,197315,253332,63963,116159,3143437,1795110,449681,232757,793098,398285,92744
2021-06-19T23:59:59+02:00,136964,133873,248797,236145,288857,290989,381529,397668,455659,464234,326983,365978,234752,300048,69746,127298,43838,43877,94543,102685,110754,132659,151899,192048,242714,267030,229229,259609,197148,253074,63941,116106,3127343,1779473,446894,231195,793092,398020,92661
2021-06-18T23:59:59+02:00,132780,129851,245349,233152,284944,287669,379179,395582,454332,463079,326611,365586,234599,299815,69720,127249,43072,42989,93001,100936,108499,130029,148417,188077,235988,259919,227533,257631,196668,252444,63866,115973,3101912,1750767,442595,230690,793065,391386,92394
2021-06-17T23:59:59+02:00,128900,126403,239533,228819,279900,283355,374494,391644,452082,461275,326030,364882,234364,299461,69655,127137,40883,41196,89071,97538,103755,125359,140692,180503,224747,248664,222392,251774,195037,250310,63608,115556,3067673,1695775,439647,226617,792814,380617,88269
2021-06-16T23:59:59+02:00,125483,122853,234706,224540,275260,279132,369398,387211,449527,459167,325314,364096,234079,299053,69590,127024,39088,39635,85578,94562,99467,121594,132536,173254,212757,236871,216232,244750,193138,248008,63356,115067,3034732,1636635,434170,221069,792301,372684,85697
2021-06-15T23:59:59+02:00,120249,117733,228807,219479,269983,274214,364389,382629,446720,456781,324466,363138,233737,298543,69510,126842,37483,38051,82299,91572,95550,117609,125572,166949,200514,224966,210264,238019,191203,245606,63046,114506,2990633,1579921,432267,215322,791751,365122,83034
2021-06-14T23:59:59+02:00,115983,113352,223632,214618,264672,269290,359155,377914,443619,454215,323685,362291,233426,298156,69448,126723,36543,37173,80075,89524,92889,115143,121524,163268,193996,218532,207191,234550,190085,244154,62833,114121,2948877,1550686,429942,213122,791491,357649,80332
2021-06-13T23:59:59+02:00,114438,111907,221216,212541,262171,267059,356921,375978,442451,453187,323410,361988,233292,297990,69417,126650,35697,36455,78251,87882,90918,113359,118730,160692,190211,214875,204145,231154,189059,242796,62603,113712,2934057,1536914,427522,205943,791176,349546,78323
2021-06-12T23:59:59+02:00,111664,109049,219344,210828,260805,265794,355504,374586,441564,452421,323126,361685,233200,297888,69399,126623,35332,36058,77273,86805,89689,112093,117189,159158,186705,211609,203129,230049,187676,241157,62593,113683,2918037,1523959,426550,205937,791148,342281,78206
2021-06-11T23:59:59+02:00,109006,106436,216477,208234,257178,262641,352392,371871,439855,450951,322691,361236,233068,297683,69371,126568,34669,34955,75303,83480,87490,108595,113136,154066,180087,204236,201054,227695,187077,240397,62532,113584,2893841,1496786,423781,205268,790961,328951,77534
2021-06-10T23:59:59+02:00,104146,101930,210488,203542,250202,256885,346383,366629,435421,447222,321838,360274,232751,297237,69289,126419,33102,33485,71358,79366,82627,103162,106541,145959,167888,190725,195041,220861,185365,238279,62281,113184,2850714,1450197,416794,203558,790116,302165,73487
2021-06-09T23:59:59+02:00,100184,98183,204721,198874,243516,251256,339802,360734,431786,444232,321178,359537,232487,296863,69225,126289,31586,32253,68167,76743,78975,100037,101885,141745,156882,180095,184512,208981,183516,236044,62010,112694,2812258,1396739,408569,199659,789605,291024,68886
2021-06-08T23:59:59+02:00,95524,93529,198178,193379,236602,245297,331627,353525,426736,439605,320351,358545,232119,296382,69145,126153,30523,31412,65601,74477,75737,97340,97350,137881,149370,172684,175886,199353,181721,233821,61778,112330,2760825,1357911,402848,194776,789038,280327,64431
2021-06-07T23:59:59+02:00,92187,90318,192186,188714,230094,240105,323852,347406,423720,437183,319817,357919,231906,296056,69091,126058,29669,30578,63165,72554,72806,95203,93623,134976,141372,164960,171899,194788,180322,232034,61562,111953,2722167,1331078,396764,191527,788468,269385,59653
2021-06-06T23:59:59+02:00,90597,88981,188932,186205,226780,237373,319620,344029,422308,436113,319549,357632,231795,295896,69067,126012,29078,30032,61419,70896,70756,93231,90488,131953,135750,159237,169394,192188,179224,230645,61334,111576,2706945,1319366,389440,181961,787966,259073,56976
2021-06-05T23:59:59+02:00,88586,86873,184094,181994,224317,235226,317808,342384,421304,435178,319259,357307,231647,295729,69053,125980,28634,29310,60255,69003,69384,91136,88834,129753,131053,153973,166418,188557,178746,229996,61300,111511,2683648,1295956,389324,181495,787583,253963,56622
2021-06-04T23:59:59+02:00,86173,84304,180477,178429,220357,231313,314255,338793,418952,433004,318804,356778,231456,295500,69015,125917,28178,28648,59165,67381,68133,89092,87094,127178,127741,150359,162203,183822,177765,228737,61252,111425,2654683,1277401,385548,180732,787460,243939,56273
2021-06-03T23:59:59+02:00,82839,81192,174793,173833,213170,225289,306641,332156,411260,426183,317787,355619,231088,295058,68960,125787,27297,27649,57299,65239,65796,86402,83513,123133,121066,143741,155913,176287,176209,226729,61139,111188,2606247,1248523,375366,175501,787033,231300,53442
2021-06-02T23:59:59+02:00,80757,79001,170804,170203,209599,222221,303121,328872,409245,424369,317382,355174,230936,294854,68932,125738,26851,27182,56198,64161,64266,85171,81502,121237,116150,138901,148077,167374,175495,225779,61054,111018,2577965,1216636,373992,173545,786999,227717,52682
2021-06-01T23:59:59+02:00,76456,75158,162633,163720,200354,214581,294103,321074,401104,416598,315886,353580,230400,294129,68821,125514,25317,25781,51938,61253,59498,81939,76175,116814,108819,131771,137049,154076,173408,223066,60848,110596,2519872,1167059,362455,169480,786253,216012,45955
2021-05-31T23:59:59+02:00,73717,72679,157025,159446,193103,208671,286766,314757,395389,411650,314901,352482,230019,293619,68731,125343,24417,24746,49373,59087,56397,79469,72638,113600,104395,127394,132948,149230,172057,221367,60679,110269,2479671,1144900,353123,167249,785631,205778,40296
2021-05-30T23:59:59+02:00,72669,71623,154591,157451,190533,206350,284040,312277,393521,409926,314546,352078,229860,293384,68694,125263,23831,23988,47821,57407,54708,77663,70479,111106,101780,124572,130813,146736,171274,220445,60587,110061,2463979,1135282,350633,165948,785023,194603,37593
2021-05-29T23:59:59+02:00,72069,71038,153094,156059,188255,204335,282210,310699,392681,409149,314325,351834,229781,293306,68683,125245,23510,23470,46916,55922,53379,75797,68573,108282,99488,121799,128031,143338,170625,219542,60560,110009,2450171,1121813,350495,165887,784944,184122,37573
2021-05-28T23:59:59+02:00,70989,69927,150736,153820,184647,200839,278973,307579,390841,407390,313915,351335,229635,293094,68664,125188,22990,22477,45324,53822,51571,73269,66558,104383,95207,115954,123700,138332,169656,218238,60514,109896,2426612,1099438,349459,165675,784716,169725,37204
2021-05-27T23:59:59+02:00,67689,66926,144298,148919,176523,194627,272632,302460,384569,401750,312663,349909,229177,292564,68596,125006,21683,20806,42107,50796,47729,69504,62053,98435,88907,108504,119823,133764,166878,214561,60343,109584,2382389,1071271,341903,162961,782931,149893,31499
2021-05-26T23:59:59+02:00,65560,64770,139382,144870,170470,189604,265921,296820,377861,395091,311155,348314,228692,291876,68496,124797,20954,19905,40305,48677,45395,66788,59051,94667,84364,103443,114895,128089,163111,209252,60136,109160,2345381,1039628,328777,161405,781140,138514,28790
2021-05-25T23:59:59+02:00,63540,62800,135219,141415,165453,185339,258896,290574,372469,389739,309890,346926,228292,291233,68415,124621,20391,19251,38921,47180,43590,64785,56607,91707,80339,99115,110023,122450,157624,202074,59971,108860,2308113,1008472,321314,158012,778626,129375,27174
2021-05-24T23:59:59+02:00,62319,61610,132494,139347,162203,182952,252001,284631,367569,385083,309079,346013,228006,290854,68345,124494,20053,18856,37913,46125,42268,63320,54964,89722,78129,96637,108629,120815,157027,201300,59863,108664,2284576,999295,310325,156732,776859,122760,25643
2021-05-23T23:59:59+02:00,61820,61097,131404,138472,161017,181927,250768,283617,365990,383660,308471,345356,227835,290632,68325,124458,19828,18678,37376,45583,41531,62641,53824,88744,76667,95296,107472,119436,156054,200090,59797,108527,2273164,991289,309759,153691,776809,121189,25520
2021-05-22T23:59:59+02:00,61128,60478,129938,137417,158669,180323,247827,281347,363529,381460,307949,344764,227659,290366,68300,124408,19513,18260,36773,44991,40896,62122,53181,88027,75911,94166,105932,117649,155290,199123,59770,108474,2255389,984669,309741,153690,776766,117797,24066
2021-05-21T23:59:59+02:00,59826,59052,127092,134866,155465,177053,242692,276641,357501,375815,307019,343681,227363,289969,68240,124301,19155,17899,36168,44234,40256,61084,52241,86648,74218,91904,102727,113734,154161,197686,59679,108300,2219868,971823,308115,153369,775204,111261,23785
2021-05-20T23:59:59+02:00,56786,56279,121405,130050,148583,170784,232447,267938,348535,367580,304496,340958,226603,288967,68108,124085,17868,16970,34016,41999,37830,58211,49441,82908,70318,87442,98652,109160,151730,194702,59503,107946,2162292,952749,301521,151445,769273,93736,20907
2021-05-19T23:59:59+02:00,54592,54100,116427,125404,141462,164219,221962,258624,338058,356751,301872,338105,225861,287934,67960,123809,17294,16193,32803,40428,36437,56167,47447,80153,67107,83888,94802,104728,148122,190006,59244,107454,2096797,929544,295302,149492,766340,84292,19082
2021-05-18T23:59:59+02:00,52522,52148,111671,121172,135147,158683,210443,248294,328240,347017,299212,335148,224990,286743,67809,123554,16781,15598,31612,38987,35100,54394,45658,77774,64237,80680,90825,100227,144952,185969,59034,107019,2037230,909475,286039,146655,762787,75742,17111
2021-05-17T23:59:59+02:00,51495,51164,109361,119143,132379,156055,203969,242333,320724,339979,297438,333190,224407,285927,67702,123346,16351,15163,30589,37956,33955,53124,44195,76000,62014,78309,86026,94411,143500,184095,58884,106704,2010633,897961,273878,139232,759413,69156,15061
2021-05-16T23:59:59+02:00,50720,50510,107938,117832,130646,154402,201028,239668,313314,333056,296422,332064,224100,285445,67650,123249,16072,14795,29853,37186,33090,52212,43148,74701,60703,76854,82630,90373,142718,183025,58799,106567,1995392,891968,263496,132511,756203,65055,13324
2021-05-15T23:59:59+02:00,50196,49908,106948,116863,129643,153301,199112,237757,309779,329873,295808,331377,223906,285175,67630,123185,15935,14640,29601,36886,32807,51787,42672,74062,59873,75887,82041,89566,142206,182365,58764,106521,1979381,886806,263480,132366,755341,63946,12627
2021-05-14T23:59:59+02:00,48957,48499,104720,114789,126078,149876,190966,230740,303512,324031,294838,330245,223619,284729,67582,123091,15440,14219,28825,36078,32049,50607,41606,72299,58328,73957,80157,87096,141601,181383,58724,106434,1942406,877280,261814,131513,750823,58546,11594
2021-05-13T23:59:59+02:00,47053,46563,100921,111590,121402,145788,181001,222206,292948,314272,291876,326832,222808,283592,67482,122885,14584,13778,27979,35386,31291,49719,40676,71229,56844,72413,76412,82789,138865,177801,58614,106220,1891071,864880,253274,124532,744645,54728,10588
2021-05-12T23:59:59+02:00,46149,45863,99025,110181,119363,144145,178471,220109,288223,308965,290712,325562,222566,283271,67444,122800,14422,13630,27667,35172,30896,49436,40239,70858,56321,71854,75101,81200,138098,176687,58528,106060,1868129,859278,251123,122768,744163,54459,9791
2021-05-11T23:59:59+02:00,43925,44397,95041,107129,113595,139436,165174,208889,276635,298263,287330,321671,221613,281874,67295,122503,14000,13069,26669,33761,29783,47662,38958,68603,54632,69608,72049,77644,136758,174873,58371,105704,1809576,847159,241478,120108,735731,46666,8338
2021-05-10T23:59:59+02:00,42685,43435,92470,105146,110368,136822,156821,201903,268806,291185,285163,319233,221039,281015,67170,122264,13664,12629,25918,32780,29001,46416,37978,66761,53425,67883,69983,75114,135620,173372,58252,105418,1774183,838372,235464,119072,728843,39514,7383
2021-05-09T23:59:59+02:00,41575,42668,89820,103420,107727,135067,151837,198508,263331,286291,283932,317853,220663,280487,67105,122119,13356,12416,25235,32122,28280,45619,37197,65812,52495,66942,68762,73721,135031,172547,58198,105288,1755023,833852,228411,118110,722915,34784,6400
2021-05-08T23:59:59+02:00,41285,42373,88983,102695,106662,134237,150422,197310,260811,284259,283434,317311,220543,280308,67089,122087,13255,12355,25107,32033,28135,45492,37010,65622,52163,66631,67816,72810,133975,171193,58151,105195,1743161,829297,227906,117371,722696,34009,6391
2021-05-07T23:59:59+02:00,40364,41665,87075,101376,103869,132049,145850,193550,254658,278830,282110,315727,220197,279850,67037,121964,12512,11872,24290,31312,27382,44442,36150,64369,50991,65130,65584,70141,131774,168400,58062,105017,1717751,819736,224719,115138,718601,27237,5442
2021-05-06T23:59:59+02:00,37733,39952,82369,97937,97931,127330,135742,185083,238305,264495,277016,309964,218911,278173,66863,121648,11829,11357,23361,30212,26395,43101,34800,62373,49265,63172,63108,67045,129691,165669,57949,104798,1652490,808755,214867,112061,707893,18900,4533
2021-05-05T23:59:59+02:00,35857,38764,78746,95365,93365,123701,127954,178581,223616,250512,270849,302841,217342,276189,66617,121125,11601,11084,22834,29491,25802,42182,33882,60983,48126,61770,60532,63962,126787,162007,57851,104550,1586511,796641,209825,108523,701952,14941,3463
2021-05-04T23:59:59+02:00,34767,37665,76037,93070,89883,120673,122414,173866,213041,240277,265378,296407,215906,274349,66409,120656,11442,10884,22436,28955,25350,41426,33182,59914,47040,60512,57836,60813,124439,159092,57701,104317,1537634,784921,204733,105910,695941,11817,2814
2021-05-03T23:59:59+02:00,33904,36617,73769,91269,87023,118337,117993,170241,206424,234293,262116,292559,215108,273270,66288,120362,11202,10617,22050,28386,24879,40732,32507,58953,46023,59379,55077,57488,120693,154223,57445,103882,1506025,769198,201631,104215,691064,9071,1173
2021-05-02T23:59:59+02:00,33561,36302,72607,90377,85573,117250,115585,168388,203347,231797,261160,291473,214820,272861,66223,120254,11136,10549,21866,28179,24657,40449,32172,58551,45572,58910,53894,56044,117655,150569,57362,103752,1495486,764247,198849,98703,687248,8177,311
2021-05-01T23:59:59+02:00,33248,35932,71850,89592,84507,116214,114128,167033,200280,228771,260473,290655,214612,272580,66212,120216,11123,10534,21813,28150,24599,40413,32113,58494,45489,58835,53654,55753,117497,150374,57353,103735,1480478,762947,198848,98664,686985,8132,307
2021-04-30T23:59:59+02:00,32704,35331,70651,88387,83054,114500,110376,163492,192929,221684,258486,288294,214163,271974,66152,120110,10805,10341,21454,27879,24327,39993,31791,57934,45031,58209,52763,54593,116550,149192,57299,103618,1447763,759296,198524,96688,686200,5804,112
2021-04-29T23:59:59+02:00,31216,34394,67769,86389,79452,111919,105296,159414,180186,210189,250589,279214,212970,270350,66018,119764,10503,10133,20983,27434,23905,39497,31219,57196,44239,57285,50945,52415,114714,146974,57199,103425,1393191,750554,191251,94029,680904,3512,92
2021-04-28T23:59:59+02:00,29986,33788,65915,85090,76979,110112,101891,156581,170545,201046,239766,266652,211694,268668,65821,119438,10323,9979,20688,27087,23549,39032,30806,56549,43515,56469,48841,49818,112153,143762,57077,103214,1340713,741113,187919,89515,675581,2288,66
2021-04-27T23:59:59+02:00,29236,33111,64357,83636,75012,108322,99168,154209,165862,196352,231301,256881,210555,267061,65702,119216,10202,9871,20409,26799,23316,38710,30455,56057,42839,55787,46847,47288,109521,140351,56960,103015,1306897,731377,185632,85530,667691,1575,65
2021-04-26T23:59:59+02:00,28810,32735,63273,82766,73535,107175,96913,152518,157292,188377,227122,252056,209850,266074,65612,119019,10111,9784,20201,26619,23082,38495,30164,55725,42236,55217,45059,45161,107642,137885,56865,102862,1278131,723510,184199,82459,661035,1196,62
2021-04-25T23:59:59+02:00,28563,32498,62502,82252,72482,106450,95204,151306,152004,183550,222831,247223,209266,265301,65547,118898,10056,9751,20124,26547,22998,38416,30056,55601,42077,55058,44647,44666,106967,136980,56837,102792,1265506,721864,178071,80700,652536,1067,61
2021-04-24T23:59:59+02:00,28221,32072,61572,81041,71304,105014,93669,149660,147130,178428,220057,243907,208797,264632,65513,118848,10042,9734,20083,26508,22950,38352,29977,55517,41928,54923,44410,44359,106719,136687,56816,102764,1240774,720794,178048,80008,651278,1025,60
2021-04-23T23:59:59+02:00,27478,31457,60021,79545,69529,103004,91101,147044,142393,174067,215523,238387,208145,263642,65451,118733,9992,9675,19974,26423,22819,38205,29746,55313,41567,54597,43795,43605,105665,135413,56660,102490,1216061,717478,176875,77547,642815,973,59
2021-04-22T23:59:59+02:00,26867,30858,58504,78118,67076,100809,87004,143573,134390,166618,206523,227433,206108,261015,65254,118338,9866,9579,19729,26133,22471,37775,29235,54802,40813,53962,42635,42285,103683,132980,56432,102093,1174726,710076,169458,73609,634531,847,59
2021-04-21T23:59:59+02:00,26385,30342,57190,77023,65210,99198,83990,140946,127242,159839,193496,212149,203963,258131,65029,117915,9744,9494,19501,25890,22189,37460,28888,54359,40269,53435,41797,41274,101512,130218,56183,101685,1123462,703612,166590,69560,628220,785,59
2021-04-20T23:59:59+02:00,25962,29877,56042,75887,63558,97629,81464,138386,122188,154805,182063,198749,201544,255009,64797,117494,9647,9405,19287,25706,21898,37195,28487,53956,39736,52906,40991,40351,99311,127253,55849,101150,1081055,696163,163116,66318,621506,707,58
2021-04-19T23:59:59+02:00,25603,29525,55088,75074,62287,96464,79357,136474,118689,151448,176355,191938,199841,252792,64617,117167,9541,9315,19061,25492,21659,36929,28180,53572,39239,52386,40201,39448,96232,123300,55445,100443,1056655,685898,161297,63934,614990,672,57
2021-04-18T23:59:59+02:00,25299,29266,54322,74532,61167,95527,77518,135063,115348,149069,171280,186422,198832,251568,64509,116977,9469,9241,18876,25322,21484,36765,27968,53300,38982,52139,39877,39066,95021,121763,55264,100148,1042772,682074,159633,62012,604513,660,57
2021-04-17T23:59:59+02:00,25190,29174,53952,74338,60654,95177,76869,134467,114505,148334,167050,181557,198298,250844,64474,116912,9424,9183,18738,25137,21298,36535,27745,53027,38719,51874,39583,38747,94266,120840,55200,100066,1031928,678100,159606,61699,600479,644,57
2021-04-16T23:59:59+02:00,24821,28928,52971,73739,59386,94301,75261,133146,110391,144222,159463,172834,196654,248641,64365,116704,9219,9011,18357,24720,20726,35970,26667,52142,36734,50300,36336,35887,91123,117369,54798,99412,1006169,663323,158827,54900,591048,608,57
2021-04-15T23:59:59+02:00,24346,28475,51734,72578,57444,92584,72022,130319,104947,138970,151649,163913,192016,242789,64071,116088,9046,8852,17993,24301,20236,35316,25994,51355,35357,49078,34250,33890,88046,113665,54294,98557,974080,650383,156775,49352,573303,555,57
2021-04-14T23:59:59+02:00,24002,28149,50803,71646,56107,91200,69650,128170,100979,135219,142487,153570,184290,232921,63733,115424,8643,8587,17520,23800,19707,34679,25089,50483,34082,47964,32225,31757,85087,110044,53805,97702,936308,635633,154112,45145,558142,457,56
2021-04-13T23:59:59+02:00,23770,27934,50115,71110,55176,90385,68024,126773,97265,131804,130706,140487,177923,224608,63393,114837,8410,8418,17181,23399,19290,34154,24434,49692,33024,46961,30850,30406,82986,107699,53450,97163,903207,626476,149610,40767,541705,335,56
2021-04-12T23:59:59+02:00,23563,27750,49571,70606,54321,89659,66581,125495,94655,129488,123631,132494,174704,220666,63124,114347,8175,8234,16828,23106,18927,33722,23969,49162,32359,46343,29336,28877,81333,105770,53125,96643,886875,618120,148085,37527,525904,321,56
2021-04-11T23:59:59+02:00,23393,27592,49053,70186,53597,89209,65458,124696,92814,128019,118168,126509,170792,216077,62956,114053,8045,8100,16532,22829,18613,33418,23613,48783,31916,45962,28703,28216,80318,104530,52917,96326,879462,612864,143690,35706,509629,309,55
2021-04-10T23:59:59+02:00,23333,27539,48888,70056,53401,89054,65140,124431,92295,127586,116094,123990,169360,214231,62915,113952,7462,7498,15645,22051,17659,32580,22494,47754,30807,44971,28045,27504,78232,101930,52650,95891,872506,597598,142842,35328,507127,305,53
2021-04-09T23:59:59+02:00,23088,27293,48394,69573,52769,88377,64155,123310,90478,125687,107311,113092,165994,209839,62715,113596,6504,6602,14125,20733,15944,31030,20365,45796,28615,42975,26278,25692,74745,97768,52110,95053,853181,570279,135821,33823,496881,292,48
2021-04-08T23:59:59+02:00,22797,27051,47818,69088,52029,87681,62862,122236,88074,123527,97049,101151,160483,203014,62390,113032,5865,6019,12943,19724,14689,29700,18733,44098,26128,40646,23276,22741,70125,92038,50978,93309,834623,538935,126965,31884,478911,253,43
2021-04-07T23:59:59+02:00,22486,26826,47019,68638,51112,87084,61485,121262,84961,121099,87910,90926,153504,194253,62098,112471,5486,5700,12290,19053,13879,28878,17695,43057,24229,38756,20748,20230,66193,87296,49990,91701,814342,515602,121392,29419,457617,219,39
2021-04-06T23:59:59+02:00,22278,26668,46497,68261,50529,86568,60459,120486,82864,119360,80168,82155,147169,186311,61756,111844,5297,5545,11945,18705,13533,28453,17162,42502,23374,37953,19629,19205,63057,83226,49073,90329,795141,502342,118191,26500,440257,207,37
2021-04-05T23:59:59+02:00,22182,26544,46189,67922,50151,86170,59917,119798,81690,118208,75711,77084,142186,180228,61554,111528,5158,5406,11684,18455,13241,28141,16845,42134,22931,37493,19167,18737,60203,79688,48378,89266,785757,493076,116449,23711,425070,202,35
2021-04-04T23:59:59+02:00,22135,26487,46071,67658,49983,85858,59642,119298,81186,117581,74278,75383,141487,179254,61517,111446,5156,5400,11669,18443,13230,28125,16828,42118,22837,37421,18761,18414,58770,77846,48174,88955,783240,488308,116350,23710,419891,194,32
2021-04-03T23:59:59+02:00,22073,26407,45949,67552,49822,85683,59326,118988,80619,117008,72938,73754,140375,177719,61434,111298,5148,5393,11656,18425,13207,28105,16794,42072,22732,37350,18626,18265,58420,77289,48085,88811,776903,486540,116309,23710,417950,194,31
2021-04-02T23:59:59+02:00,21998,26325,45791,67389,49606,85437,58861,118539,79745,116200,71387,71877,138104,174745,61237,110940,5131,5357,11611,18386,13154,28024,16708,41926,22462,36877,18271,17906,56089,74417,47276,87719,767832,478114,114540,23072,416026,194,30
2021-04-01T23:59:59+02:00,21798,26119,45377,66872,48973,84702,57991,117604,77867,114539,68137,68462,134038,169589,60919,110375,4988,5218,11346,18126,12932,27791,16388,41619,21965,36439,17466,17170,51293,68418,45609,85268,756231,460219,108476,21707,408873,179,26
2021-03-31T23:59:59+02:00,21472,25900,44977,66355,48489,84057,57270,116670,76720,113303,66104,66156,129301,163486,60516,109653,4910,5168,11251,18009,12777,27643,16156,41353,21378,35932,16344,16274,46110,62033,44240,83299,746519,442012,101348,20766,402782,170,24
2021-03-30T23:59:59+02:00,21301,25680,44582,65740,47990,83263,56572,115621,75588,111938,64274,64142,124932,157751,60050,108754,4843,5085,11149,17885,12587,27455,15834,41031,20810,35386,15518,15474,43367,58640,43131,81515,736387,430235,97140,19412,394873,136,20
2021-03-29T23:59:59+02:00,21105,25441,44128,65192,47517,82574,55839,114552,74380,110512,61803,61410,118220,149135,59280,107361,4748,5017,11045,17778,12436,27291,15588,40714,20355,34921,14870,14938,40788,55664,42029,79703,715946,419096,93730,18739,388994,122,20
2021-03-28T23:59:59+02:00,20904,25154,43633,64510,47004,81838,55164,113553,73444,109417,60550,59982,113531,143177,58836,106605,4694,4959,10900,17636,12187,26994,15397,40468,20189,34692,14635,14697,39715,54259,41681,79169,709446,414830,86444,17417,381633,97,20
2021-03-27T23:59:59+01:00,20788,25000,43341,64148,46646,81312,54668,112864,72783,108685,59410,58911,112058,141480,58770,106530,4681,4947,10873,17617,12169,26965,15038,40045,19793,34256,14343,14485,39231,53576,41208,78354,704225,410798,85748,16765,377641,90,20
2021-03-26T23:59:59+01:00,20537,24491,42545,62457,45687,79302,53340,109854,70783,105097,57406,57039,109315,138257,58444,106017,4661,4914,10850,17566,12100,26875,14960,39936,19459,33673,13878,13839,36179,49751,39155,75120,692906,396364,82451,16548,365431,76,20
2021-03-25T23:59:59+01:00,20105,23820,41675,60702,44602,76756,51833,106347,68400,101346,54823,54410,106014,134300,57873,105029,4615,4862,10760,17464,11982,26735,14779,39720,19188,33370,13404,13354,32350,44733,36170,70611,681520,378140,78263,15956,348468,72,19
2021-03-24T23:59:59+01:00,19709,23384,40912,59446,43599,75241,50471,104439,66327,99032,52055,51507,101780,129218,57236,103953,4561,4796,10668,17328,11819,26536,14551,39438,18823,32952,12952,12904,29795,41529,33063,65789,668777,362653,73404,14858,336346,68,15
2021-03-23T23:59:59+01:00,19464,23088,40357,58543,42884,74159,49445,102933,64687,97183,49774,49174,99032,126016,56678,103121,4503,4728,10570,17205,11673,26357,14312,39131,18414,32568,12452,12399,27373,38442,29410,59906,660717,345184,70067,14270,325971,63,14
2021-03-22T23:59:59+01:00,19248,22681,39726,57670,42225,73126,48511,101554,63220,95563,47961,47310,96643,123278,56205,102346,4443,4681,10485,17091,11544,26182,14156,38892,18178,32268,12145,12030,25549,36101,25482,53560,654465,329080,67264,13719,315754,62,14
2021-03-21T23:59:59+01:00,19113,22424,39241,56919,41683,72285,47868,100405,62284,94340,46919,46291,95004,121435,55836,101768,4430,4674,10450,17045,11500,26097,14096,38802,18098,32169,12026,11899,25122,35652,25129,53003,651903,326902,65241,13307,306884,57,13
2021-03-20T23:59:59+01:00,19053,22279,39031,56429,41447,71727,47560,99776,61847,93739,46270,45526,92412,118211,55551,101283,4421,4668,10441,17033,11473,26081,14054,38766,18016,32095,11868,11739,24485,34878,24368,51920,645466,323205,64796,13118,302090,57,13
2021-03-19T23:59:59+01:00,18701,21716,37900,54316,40174,69743,45840,97699,58977,90984,41847,41671,87212,112463,54853,100203,4402,4655,10409,16987,11410,25971,13968,38598,17783,31801,11518,11463,22821,32827,22692,49364,627767,313937,57611,12756,289128,49,13
2021-03-18T23:59:59+01:00,18310,21071,36730,52169,38640,66960,43697,93248,55142,85201,37837,37896,82492,106994,53768,98545,4382,4628,10341,16886,11332,25818,13820,38403,17563,31598,11285,11282,21578,31319,20985,46771,610901,305876,51880,12146,266120,41,13
2021-03-17T23:59:59+01:00,17893,20722,36008,51256,37882,66012,42621,91899,53362,83378,35179,35122,78476,102176,52824,97073,4359,4604,10279,16794,11261,25685,13707,38217,17366,31408,11050,11061,20344,29914,19397,44373,594300,298410,47491,11441,260289,38,13
2021-03-16T23:59:59+01:00,17537,20305,35266,50192,37070,64823,41527,90238,51530,81394,32983,33112,74488,97265,51945,95763,4309,4556,10207,16668,11171,25536,13610,37982,17231,31167,10880,10886,19070,28404,17921,42059,581136,290685,42810,11007,251687,36,11
2021-03-15T23:59:59+01:00,17260,19944,34563,49217,36285,63637,40629,88761,50277,79796,31268,31279,71212,93183,51249,94630,4288,4524,10142,16546,11105,25336,13496,37695,17082,30896,10714,10727,18349,27446,16669,40203,570051,284909,39495,10359,243846,32,0
2021-03-14T23:59:59+01:00,16992,19517,33713,48015,35386,62323,39582,86936,49034,78077,30106,30051,69223,90627,50806,93955,4263,4506,10097,16469,11048,25195,13436,37473,16993,30734,10646,10645,18168,27165,16407,39644,562963,283724,37624,9225,233954,22,0
2021-03-13T23:59:59+01:00,16187,18484,32244,46027,33826,60229,37560,83920,46924,75572,28766,28708,67213,88014,50536,93564,4263,4506,10095,16464,11045,25188,13428,37466,16988,30726,10609,10612,17428,26280,15364,38195,546641,279491,37339,9224,223981,22,0
2021-03-12T23:59:59+01:00,15084,17110,29808,43384,31165,57095,34703,79070,43723,71123,25935,25526,62916,82719,49558,92164,4252,4472,10078,16402,11027,25137,13382,37351,16899,30597,10337,10386,16549,25040,14297,36678,518674,273729,36030,9213,206561,19,0
2021-03-11T23:59:59+01:00,14048,15652,27575,40698,28849,53915,32119,74693,39981,66244,22542,22062,56932,75419,47631,89326,4211,4438,9999,16285,10917,24913,13265,37042,16735,30295,10037,10175,15921,24206,13630,35406,486729,269756,34443,7780,186683,16,0
2021-03-10T23:59:59+01:00,13454,14956,26174,39089,27206,52100,30567,72386,37472,63128,19804,19517,51027,68290,46083,86988,4178,4394,9901,16119,10799,24663,13119,36623,16536,29926,9806,9993,15180,23432,12972,34383,460378,265045,32406,7042,175623,13,0
2021-03-09T23:59:59+01:00,13171,14490,25061,38052,25798,50922,29516,70735,36095,61298,18634,18400,47526,63865,44960,85204,4154,4369,9817,15953,10697,24404,12967,36308,16363,29691,9683,9891,14520,22597,12479,33611,446837,261356,29886,6210,167158,13,0
2021-03-08T23:59:59+01:00,12843,13890,23981,36951,24532,49783,28582,69255,34866,59686,17559,17523,43417,58881,43732,83222,4139,4334,9756,15755,10595,24155,12835,35953,16237,29425,9604,9814,14026,21993,12165,33171,431406,258209,27881,5819,159567,4,0
2021-03-07T23:59:59+01:00,12610,13598,23389,36102,23837,48910,27985,68385,34264,58937,17299,17275,42352,57439,43367,82659,4127,4321,9736,15714,10568,24082,12804,35785,16180,29312,9583,9786,13830,21740,12029,32969,426672,257159,26071,5481,155813,0,0
2021-03-06T23:59:59+01:00,12498,13308,22989,35369,23310,48123,26944,66864,33169,57177,16914,16947,41708,56552,43066,82192,4124,4307,9725,15689,10550,24049,12794,35743,16162,29281,9566,9745,13784,21702,11927,32761,422623,256783,26007,5200,148646,0,0
2021-03-05T23:59:59+01:00,12088,12709,22312,34173,22630,46897,26191,65242,31940,54763,16272,16117,38252,52251,40910,78752,4096,4261,9655,15590,10501,23902,12726,35549,16078,29076,9471,9676,13600,21494,11565,32159,407455,255108,24559,4365,139624,0,0
2021-03-04T23:59:59+01:00,11328,11705,21128,32454,21416,44858,24838,62593,30252,52410,15544,15403,34254,47093,37838,74072,4051,4175,9548,15307,10400,23548,12594,35027,15935,28683,9305,9532,13444,21284,11481,32014,389056,252127,22490,4273,125777,0,0
2021-03-03T23:59:59+01:00,11023,11219,20442,31245,20648,43516,23939,60855,29214,50778,15071,14903,31650,43774,34755,69308,4011,4113,9469,15140,10321,23301,12490,34609,15759,28337,9125,9406,13320,21070,11335,31745,373651,249512,21699,4111,117123,0,0
2021-03-02T23:59:59+01:00,10761,10797,19799,30280,19935,42503,23162,59475,28248,49507,14445,14259,28978,40404,30873,63095,3964,4042,9408,14977,10254,23042,12390,34184,15659,28031,9001,9304,13183,20882,11259,31600,355500,247140,20195,4110,110952,0,0
2021-03-01T23:59:59+01:00,10589,10538,19289,29480,19375,41626,22574,58406,27537,48387,14031,13805,26911,37819,26628,56220,3949,3994,9354,14823,10192,22747,12312,33807,15554,27708,8919,9244,13004,20618,11149,31423,338325,244756,19086,4110,105928,0,0
2021-02-28T23:59:59+01:00,10422,10339,18823,28839,18846,40892,22097,57557,27052,47598,13824,13566,26306,37160,26224,55618,3935,3981,9329,14792,10174,22699,12295,33740,15528,27666,8893,9220,12874,20443,11087,31274,335894,243923,18229,4076,101162,0,0
2021-02-27T23:59:59+01:00,10242,9824,18494,27972,18588,40108,21812,56577,26724,46806,13548,13264,25640,36357,25303,54200,3924,3971,9308,14772,10143,22651,12256,33659,15487,27593,8872,9204,12865,20427,11083,31269,331990,243578,17508,3975,96081,0,0
2021-02-26T23:59:59+01:00,9448,9038,17594,26535,17808,37903,20886,53733,25268,43987,13083,12865,24054,34372,23782,51896,3843,3904,9230,14612,10070,22397,12175,33295,15371,27302,8792,9122,12799,20359,11042,31199,322897,241679,17255,3901,82215,0,0
2021-02-25T23:59:59+01:00,8291,8187,16275,24936,16543,35643,19651,50855,23564,41210,12610,12470,22776,32783,22288,49614,3721,3761,9069,14301,9853,21796,11924,32448,15050,26654,8598,8970,12541,20037,10901,30931,315288,237566,16487,3057,66034,0,0
2021-02-24T23:59:59+01:00,7926,7665,15621,23901,15916,34404,18936,49345,22774,40012,12216,12135,21475,31287,20609,46991,3648,3695,8930,14013,9681,21346,11728,31826,14789,26120,8459,8833,12399,19865,10836,30720,307059,234810,15524,2144,58741,0,0
2021-02-23T23:59:59+01:00,7442,7190,14811,22733,15232,33188,18217,47939,22055,38946,11912,11813,20139,29718,18998,44439,3608,3622,8810,13811,9546,20951,11542,31250,14491,25623,8290,8691,12274,19655,10766,30489,298971,231999,14724,1485,51186,0,0
2021-02-22T23:59:59+01:00,7335,6984,14428,22116,14883,32463,17756,46933,21560,38214,11717,11565,19395,28714,17687,42489,3578,3522,8674,13519,9382,20451,11288,30515,14119,25029,8044,8501,12076,19404,10662,30185,293132,228710,14113,303,47102,0,0
2021-02-21T23:59:59+01:00,7245,6859,14108,21677,14464,31881,17342,46279,21126,37722,11613,11465,19233,28501,17440,42156,3540,3483,8592,13396,9307,20234,11216,30225,13998,24762,7982,8439,12020,19297,10591,30024,291998,226880,13742,289,43476,0,0
2021-02-20T23:59:59+01:00,7128,6810,13983,21598,14348,31747,17223,46129,20969,37541,11514,11383,18456,27585,16386,40687,3538,3477,8582,13388,9297,20213,11202,30200,13985,24752,7977,8431,11957,19235,10538,29957,287756,226504,13546,288,42287,0,0
2021-02-19T23:59:59+01:00,6827,6558,13630,21160,13978,31078,16750,45335,20265,36674,10914,10984,17413,26255,15229,39079,3458,3454,8507,13361,9256,20158,11164,30109,13926,24658,7934,8372,11735,18962,10345,29626,281387,224801,13171,287,37669,0,0
2021-02-18T23:59:59+01:00,6432,6086,13003,20021,13339,29704,15935,43463,19395,35097,10687,10766,16823,25504,14653,38196,3273,3318,8174,12825,8964,19414,10815,29073,13562,23837,7728,8064,11150,18011,9848,28476,277824,216307,12589,287,28787,0,0
2021-02-17T23:59:59+01:00,6269,5742,12558,19141,12851,28512,15237,41741,18748,33774,10465,10515,16068,24690,13876,37006,3023,3158,7835,12313,8662,18628,10446,28032,13171,22988,7497,7828,10594,17164,9410,27660,273157,208184,11858,285,22271,0,0
2021-02-16T23:59:59+01:00,5945,5442,12021,18306,12351,27430,14692,40360,18157,32740,10313,10411,15400,23861,13369,36219,2841,3039,7534,11865,8357,17905,10052,26949,12707,22094,7227,7536,9877,15994,8684,26112,269618,198702,11362,131,16127,0,0
2021-02-15T23:59:59+01:00,5840,5266,11730,17667,12085,26649,14344,39368,17810,31970,10188,10302,14842,23208,13008,35680,2752,2959,7345,11545,8140,17404,9754,26110,12358,21414,6946,7254,9177,14939,8170,24834,266526,191075,10759,86,12762,0,0
2021-02-14T23:59:59+01:00,5573,5152,11482,17395,11864,26213,14111,38924,17619,31693,10143,10251,14608,22869,12843,35286,2702,2922,7231,11382,8013,17202,9579,25779,12181,21114,6851,7131,8957,14555,7985,24300,265526,187857,9824,86,10765,0,0
2021-02-13T23:59:59+01:00,5513,5114,11432,17359,11834,26182,14084,38892,17600,31674,10130,10224,14581,22841,12833,35270,2698,2919,7226,11375,8001,17183,9564,25746,12154,21070,6822,7098,8803,14344,7634,23674,265291,186362,9823,8,10538,0,0
2021-02-12T23:59:59+01:00,4997,4795,10861,16997,11516,25633,13765,38248,17273,31033,10020,10118,14399,22627,12753,35161,2648,2886,7134,11220,7900,16953,9416,25357,11939,20627,6642,6868,8442,13784,7042,22335,263602,181245,9812,7,6870,0,0
2021-02-11T23:59:59+01:00,4536,4495,10277,16318,11104,24834,13286,36989,16783,30174,9709,9862,14118,22180,12473,34478,2481,2614,6536,10035,7214,15226,8563,22754,10893,18556,5999,6156,7400,12170,6228,20017,260397,162893,8173,4,3132,0,0
2021-02-10T23:59:59+01:00,4289,4329,9941,15867,10796,24295,12975,36107,16367,29423,9497,9724,13938,21974,12381,34271,2122,2327,5606,8592,6426,13193,7579,19871,9784,16539,5456,5574,6421,10518,5456,17974,257750,143483,7677,2,833,0,0
2021-02-09T23:59:59+01:00,4226,4231,9818,15599,10687,23895,12805,35486,16154,28951,9319,9590,13745,21765,12240,34049,1727,1977,4833,7336,5659,11407,6664,17375,8702,14552,4879,4947,5380,8972,4728,15884,255316,125064,6900,1,429,0,0
2021-02-08T23:59:59+01:00,4194,4178,9726,15390,10578,23537,12686,35023,16014,28592,9225,9524,13544,21485,12135,33861,1563,1785,4278,6355,5003,9844,5856,14866,7691,12714,4329,4425,4405,7400,3969,13824,252965,108346,6385,1,424,0,0
2021-02-07T23:59:59+01:00,4027,4113,9571,15256,10477,23370,12607,34760,15902,28400,9185,9479,13401,21304,12063,33718,1350,1539,3861,5684,4593,8967,5432,13712,7209,11770,4073,4168,4177,7009,3811,13230,251872,100621,5841,1,0,0,0
2021-02-06T23:59:59+01:00,4018,4104,9561,15241,10464,23334,12585,34711,15885,28343,9165,9465,13383,21269,11958,33522,1198,1343,3630,5378,4407,8542,5212,13125,6929,11213,3936,4031,4053,6860,3533,12773,251530,96196,5558,1,0,0,0
2021-02-05T23:59:59+01:00,3945,4037,9489,15100,10397,23084,12500,34340,15770,28061,9082,9390,13310,21194,11609,32925,1056,1114,3350,4936,4149,7964,4895,12350,6544,10486,3675,3787,3893,6634,3031,11890,249645,89785,4666,0,0,0,0
2021-02-04T23:59:59+01:00,3888,3914,9369,14783,10222,22539,12310,33547,15553,27499,8959,9280,13086,20902,11496,32724,793,781,2529,3693,3215,6229,3946,9813,5224,8277,2997,3081,3273,5656,2638,10400,245707,72567,4442,0,0,0,0
2021-02-03T23:59:59+01:00,3821,3843,9264,14561,10117,22202,12178,33037,15403,27074,8850,9165,12944,20724,11420,32558,658,613,1909,2786,2482,4814,2982,7541,3995,6243,2191,2221,2393,4195,1911,7797,242965,54748,4274,0,0,0,0
2021-02-02T23:59:59+01:00,3755,3751,9163,14369,10021,21820,12034,32471,15203,26619,8727,9051,12822,20514,11336,32290,522,486,1443,2057,1899,3621,2242,5740,2976,4670,1552,1524,1630,2761,1330,5186,239750,39651,4272,0,0,0,0
2021-02-01T23:59:59+01:00,3715,3661,9082,14136,9915,21435,11897,31835,15022,26117,8609,8904,12714,20371,11285,32115,389,352,1003,1419,1251,2408,1458,3763,1848,2959,981,970,967,1684,762,3008,236617,25230,4272,0,0,0,0
2021-01-31T23:59:59+01:00,3697,3626,9029,14027,9846,21235,11833,31541,14922,25921,8554,8846,12663,20259,11241,31986,359,331,883,1231,1062,2039,1258,3211,1615,2593,883,879,863,1503,691,2703,235140,22110,4161,0,0,0,0
2021-01-30T23:59:59+01:00,3697,3623,9019,14015,9832,21213,11820,31521,14910,25907,8550,8841,12605,20197,11192,31924,342,307,824,1148,1005,1916,1194,3023,1540,2456,855,853,845,1463,676,2651,234826,21103,4115,0,0,0,0
2021-01-29T23:59:59+01:00,3637,3609,8959,13986,9803,21164,11788,31446,14866,25840,8526,8818,12419,19973,11012,31681,275,224,705,977,861,1556,1041,2634,1330,2132,767,763,796,1408,658,2598,233612,18728,3990,0,0,0,0
2021-01-28T23:59:59+01:00,3518,3523,8756,13598,9583,20653,11558,30868,14541,25344,8390,8718,11985,19353,10656,31100,129,57,287,358,375,602,455,1137,604,955,407,421,466,809,376,1570,228829,9009,3389,0,0,0,0
2021-01-27T23:59:59+01:00,3287,3388,8463,13183,9282,20033,11176,30036,14155,24607,8175,8506,11437,18552,10231,30339,77,33,199,220,240,407,302,790,425,657,309,307,346,603,283,1149,222136,6347,2784,0,0,0,0
2021-01-26T23:59:59+01:00,3119,3291,8182,12847,9019,19463,10872,29278,13758,23980,7939,8285,10859,17638,9584,29187,73,29,184,210,224,373,286,739,394,596,294,282,319,541,257,1019,215428,5820,1943,0,0,0,0
2021-01-25T23:59:59+01:00,3032,3198,7901,12367,8729,18760,10486,28278,13278,23218,7656,8087,10240,16822,9129,28287,65,21,164,189,192,317,247,620,342,493,257,238,265,465,209,831,209138,4915,398,0,0,0,0
2021-01-24T23:59:59+01:00,2988,3178,7816,12289,8657,18636,10377,28118,13150,23036,7615,8052,10175,16711,9081,28191,64,20,160,185,190,304,244,600,334,479,248,234,263,458,205,816,207839,4804,298,0,0,0,0
2021-01-23T23:59:59+01:00,2987,3177,7815,12287,8653,18627,10376,28106,13144,23031,7609,8050,10050,16547,8754,27604,63,20,160,185,189,303,242,600,332,479,248,234,263,458,205,815,206587,4796,297,0,0,0,0
2021-01-22T23:59:59+01:00,2925,3131,7692,12175,8570,18488,10267,27936,13064,22917,7579,8017,9852,16245,8236,26580,63,20,159,185,189,303,242,600,331,479,248,234,263,458,205,815,203444,4794,297,0,0,0,0
2021-01-21T23:59:59+01:00,2843,2963,7193,11263,8085,17347,9732,26316,12460,21700,7295,7688,9212,15284,7712,25509,57,18,144,171,173,273,217,525,294,440,222,207,232,378,175,684,192369,4210,297,0,0,0,0
2021-01-20T23:59:59+01:00,2484,2618,6315,9863,7342,15393,8780,23491,11352,19632,6695,7037,8122,13524,6900,23300,56,18,143,166,170,271,210,512,283,418,210,200,226,353,162,646,172611,4044,294,0,0,0,0
2021-01-19T23:59:59+01:00,2042,2261,5418,8484,6480,13505,7761,20704,10084,17394,5940,6155,6736,11334,5880,20246,39,11,94,123,114,168,147,348,184,291,133,115,137,235,113,479,150261,2731,213,0,0,0,0
2021-01-18T23:59:59+01:00,1768,1975,4664,7106,5527,11272,6574,17116,8660,14690,5066,5283,5354,9089,4809,16770,21,6,36,45,52,78,64,156,72,146,59,54,64,131,62,220,125681,1266,90,0,0,0,0
2021-01-17T23:59:59+01:00,1491,1687,4153,6313,5021,10141,6039,15541,8021,13428,4725,4933,4982,8415,4481,15765,8,2,8,14,15,27,18,47,26,56,23,23,18,31,13,47,115089,376,88,0,0,0,0
2021-01-16T23:59:59+01:00,1324,1482,3937,5993,4841,9701,5780,14875,7691,12735,4536,4705,4771,8140,4126,15161,0,0,0,0,1,2,1,1,1,2,0,1,0,0,0,1,109832,10,5,0,0,0,0
2021-01-15T23:59:59+01:00,1174,1256,3683,5574,4588,9136,5488,14036,7283,11936,4244,4412,4585,7833,3591,14115,0,0,0,0,0,0,0,0,0,0,0,0,0,0,0,0,102967,0,3,0,0,0,0
2021-01-14T23:59:59+01:00,899,940,2939,4390,3722,7321,4546,11296,5889,9592,3447,3550,3855,6620,3108,12312,0,0,0,0,0,0,0,0,0,0,0,0,0,0,0,0,84454,0,0,0,0,0,0
2021-01-13T23:59:59+01:00,763,786,2468,3662,3137,6103,3777,9365,4799,7722,2575,2638,2909,5040,2376,9411,0,0,0,0,0,0,0,0,0,0,0,0,0,0,0,0,67555,0,0,0,0,0,0
2021-01-12T23:59:59+01:00,632,657,2068,3007,2582,4963,3027,7549,3783,6070,1847,1819,1987,3408,1680,6419,0,0,0,0,0,0,0,0,0,0,0,0,0,0,0,0,51519,0,0,0,0,0,0
2021-01-11T23:59:59+01:00,491,524,1726,2435,2074,3964,2344,5739,2811,4406,1188,1124,1192,1999,920,3643,0,0,0,0,0,0,0,0,0,0,0,0,0,0,0,0,36597,0,0,0,0,0,0
2021-01-10T23:59:59+01:00,435,454,1468,2011,1733,3245,1935,4753,2335,3688,1047,1000,1048,1755,819,3192,0,0,0,0,0,0,0,0,0,0,0,0,0,0,0,0,30930,0,0,0,0,0,0
2021-01-09T23:59:59+01:00,403,410,1345,1835,1588,2955,1782,4308,2150,3357,972,930,989,1701,801,3150,0,0,0,0,0,0,0,0,0,0,0,0,0,0,0,0,28686,0,0,0,0,0,0
2021-01-08T23:59:59+01:00,306,282,1100,1495,1310,2290,1465,3534,1780,2744,840,825,901,1579,756,2999,0,0,0,0,0,0,0,0,0,0,0,0,0,0,0,0,24214,0,0,0,0,0,0
2021-01-07T23:59:59+01:00,143,76,393,505,475,782,588,1356,776,1198,466,478,559,961,463,1906,0,0,0,0,0,0,0,0,0,0,0,0,0,0,0,0,11126,0,0,0,0,0,0
2021-01-06T23:59:59+01:00,108,44,264,283,304,506,394,918,526,821,358,359,423,747,357,1440,0,0,0,0,0,0,0,0,0,0,0,0,0,0,0,0,7853,0,0,0,0,0,0
2021-01-05T23:59:59+01:00,84,31,186,229,237,420,316,809,443,702,342,343,406,714,350,1385,0,0,0,0,0,0,0,0,0,0,0,0,0,0,0,0,6998,0,0,0,0,0,0
2021-01-04T23:59:59+01:00,67,25,169,192,196,327,252,626,349,510,267,251,285,516,233,927,0,0,0,0,0,0,0,0,0,0,0,0,0,0,0,0,5192,0,0,0,0,0,0
2021-01-03T23:59:59+01:00,65,21,163,187,192,313,250,611,341,493,260,249,281,503,231,910,0,0,0,0,0,0,0,0,0,0,0,0,0,0,0,0,5070,0,0,0,0,0,0
2021-01-02T23:59:59+01:00,65,21,163,187,192,313,248,611,338,493,260,249,281,503,231,909,0,0,0,0,0,0,0,0,0,0,0,0,0,0,0,0,5064,0,0,0,0,0,0
2021-01-01T23:59:59+01:00,64,21,162,187,192,312,248,611,336,491,260,249,281,502,231,909,0,0,0,0,0,0,0,0,0,0,0,0,0,0,0,0,5056,0,0,0,0,0,0
2020-12-31T23:59:59+01:00,64,21,162,185,192,311,247,610,335,490,260,249,281,502,231,909,0,0,0,0,0,0,0,0,0,0,0,0,0,0,0,0,5049,0,0,0,0,0,0
2020-12-30T23:59:59+01:00,63,21,162,184,190,308,247,609,335,488,260,249,281,502,231,909,0,0,0,0,0,0,0,0,0,0,0,0,0,0,0,0,5039,0,0,0,0,0,0
2020-12-29T23:59:59+01:00,46,12,114,140,141,210,180,436,236,374,179,164,193,373,170,709,0,0,0,0,0,0,0,0,0,0,0,0,0,0,0,0,3677,0,0,0,0,0,0
2020-12-28T23:59:59+01:00,25,8,62,77,80,121,99,247,117,232,98,93,102,200,103,388,0,0,0,0,0,0,0,0,0,0,0,0,0,0,0,0,2052,0,0,0,0,0,0
2020-12-27T23:59:59+01:00,11,3,17,26,36,46,35,85,36,94,32,29,39,73,32,145,0,0,0,0,0,0,0,0,0,0,0,0,0,0,0,0,739,0,0,0,0,0,0
