Datum,<24_1_m,<24_1_w,25-34_1_m,25-34_1_w,35-44_1_m,35-44_1_w,45-54_1_m,45-54_1_w,55-64_1_m,55-64_1_w,65-74_1_m,65-74_1_w,75-84_1_m,75-84_1_w,>84_1_m,>84_1_w,<24_2_m,<24_2_w,25-34_2_m,25-34_2_w,35-44_2_m,35-44_2_w,45-54_2_m,45-54_2_w,55-64_2_m,55-64_2_w,65-74_2_m,65-74_2_w,75-84_2_m,75-84_2_w,>84_2_m,>84_2_w,bp_1,bp_2,mo_1,mo_2,az_1,az_2,ja
2021-06-01T23:59:59+02:00,88644,88847,165448,165015,201769,219100,306280,333449,397269,413585,302547,341746,216322,280849,56673,107529,29255,31048,52334,61257,58823,83604,78704,120171,109703,128831,138208,157096,168373,219712,50008,94557,2502889,1156787,357783,167814,779824,212336,44850
2021-05-31T23:59:59+02:00,85596,86196,160075,160987,195206,213730,299529,327642,392571,409411,301738,340847,216005,280451,56607,107422,28282,30001,49871,59348,56005,81359,75334,117131,105534,124606,134506,152752,167360,218377,49877,94336,2464647,1136300,350724,165801,779233,202998,39683
2021-05-30T23:59:59+02:00,84384,85018,157664,158999,192689,211443,296857,325242,391028,407947,301416,340490,215871,280247,56574,107354,27603,29101,48327,57737,54374,79552,73144,114615,103065,121904,132545,150429,166689,217571,49804,94159,2449503,1126846,348313,164724,778654,192125,37026
2021-05-29T23:59:59+02:00,83700,84355,156057,157489,190407,209465,295156,323748,390235,407203,301239,340284,215796,280185,56568,107337,27223,28442,47347,56251,53046,77636,71156,111683,100733,119138,129971,147251,166112,216789,49782,94112,2435741,1113426,348178,164666,778567,181671,37011
2021-05-28T23:59:59+02:00,82440,83058,153586,155182,186773,205892,292048,320798,388533,405544,300913,339861,215663,279989,56550,107293,26601,27242,45667,54180,51323,75014,69048,107675,96452,113479,125811,142399,165299,215716,49746,94014,2412271,1091272,347142,164458,778334,167388,36649
2021-05-27T23:59:59+02:00,78553,79616,147099,150241,178861,199830,285742,315710,382615,400115,299896,338692,215268,279503,56495,107142,25056,25308,42392,51158,47577,71257,64399,101450,90302,106313,122319,138210,162770,212400,49601,93740,2368421,1063544,339634,161854,776575,147935,31019
2021-05-26T23:59:59+02:00,76019,77177,142125,146103,172818,194751,279188,310149,376212,393671,298739,337413,214844,278884,56413,106971,24189,24255,40554,49019,45289,68509,61288,97590,85751,101319,117601,132639,159287,207526,49432,93393,2331678,1032223,326816,160340,774837,136762,28416
2021-05-25T23:59:59+02:00,73655,74919,137981,142622,167696,190449,271973,303698,371302,388720,297702,336240,214494,278294,56345,106833,23520,23483,39148,47480,43495,66473,58753,94517,81512,96780,113012,127266,154194,200829,49294,93154,2294554,1001521,319403,156961,772393,127685,26843
2021-05-24T23:59:59+02:00,72209,73578,135288,140542,164086,187770,265097,297600,367071,384662,297017,335452,214242,277940,56287,106729,23123,22999,38117,46414,42182,65034,57074,92507,79321,94375,111782,125777,153677,200152,49207,92988,2271140,992444,308731,155710,770639,121346,25329
2021-05-23T23:59:59+02:00,71655,73014,134169,139677,162964,186796,263831,296532,365555,383289,296496,334867,214104,277762,56268,106697,22857,22780,37574,45859,41412,64333,55874,91499,77957,93062,110547,124332,152914,199175,49151,92863,2259964,984479,308176,152822,770599,119782,25206
2021-05-22T23:59:59+02:00,70869,72319,132660,138624,160520,185095,260884,294245,363348,381280,296020,334309,213958,277533,56244,106655,22481,22288,36977,45299,40777,63818,55240,90720,77253,91985,108643,122118,152554,198696,49132,92817,2242325,977896,308159,152822,770560,116392,23787
2021-05-21T23:59:59+02:00,69364,70663,129759,136045,157223,181785,255478,289340,357826,376000,295270,333415,213691,277171,56195,106564,22071,21849,36381,44548,40138,62760,54217,89250,75500,89689,105400,118083,151715,197621,49055,92675,2206998,965143,306536,152507,769007,109888,23513
2021-05-20T23:59:59+02:00,65910,67529,124031,131170,149997,175373,245210,280472,349599,368343,293128,331091,213036,276293,56090,106377,20600,20702,34228,42382,37793,59852,51264,85381,71617,85355,101617,113766,149498,194892,48910,92382,2150084,946380,300045,150615,763092,92651,20691
2021-05-19T23:59:59+02:00,63343,65012,118950,126374,142238,168425,235390,271519,339135,357491,291173,328914,212392,275385,55964,106139,19949,19769,33049,40848,36405,57782,49184,82536,68336,81784,97925,109512,146121,190451,48695,91969,2085152,923393,293916,148685,760165,83461,18873
2021-05-18T23:59:59+02:00,60931,62762,114128,122076,135570,162587,223959,261208,329872,348201,288922,326361,211627,274332,55836,105937,19347,19031,31860,39410,35081,55986,47307,80087,65267,78431,94230,105257,143183,186720,48521,91591,2026195,903595,284755,145861,756695,75025,16925
2021-05-17T23:59:59+02:00,59692,61608,111779,120021,132734,159834,217300,255051,322723,341527,287379,324636,211120,273594,55754,105772,18828,18478,30843,38410,33940,54716,45799,78291,63009,76003,89433,99455,142031,185180,48393,91329,1999822,892310,272710,138460,753363,68575,14890
2021-05-16T23:59:59+02:00,58801,60839,110349,118711,130987,158154,214200,252292,315491,334711,286557,323675,210845,273163,55708,105692,18483,18055,30114,37641,33093,53809,44695,76959,61717,74554,86010,95387,141433,184342,48325,91212,1984731,886408,262371,131761,750169,64591,13164
2021-05-15T23:59:59+02:00,58199,60147,109357,117746,129968,156995,212066,250208,312190,331743,286014,323065,210674,272915,55694,105637,18324,17871,29858,37335,32819,53372,44196,76289,60904,73625,85366,94536,141018,183776,48296,91176,1968740,881279,262359,131621,749312,63489,12467
2021-05-14T23:59:59+02:00,56750,58530,107038,115627,126303,153426,203528,242892,306620,326486,285218,322098,210424,272530,55653,105562,17758,17393,29087,36507,32073,52158,43082,74443,59318,71724,83598,92125,140502,182975,48267,91106,1931995,871862,260708,130771,744803,58140,11438
2021-05-13T23:59:59+02:00,54520,56281,103245,112456,121541,149279,193056,233897,296628,317091,282743,319216,209737,271544,55574,105389,16784,16892,28296,35826,31318,51253,42149,73377,57747,70039,79426,87298,138407,180199,48176,90918,1881118,859568,252248,123828,738644,54358,10445
2021-05-12T23:59:59+02:00,53452,55434,101327,111064,119494,147635,190529,231786,291695,311454,282038,318467,209525,271264,55543,105315,16584,16727,27988,35610,30939,50968,41713,73004,57178,69433,78120,85670,137753,179264,48101,90783,1858358,854084,250106,122104,738168,54093,9648
2021-05-11T23:59:59+02:00,50926,53749,97192,107893,113709,142837,176562,220073,280872,301194,279204,315136,208720,270045,55424,105064,16075,16028,26987,34187,29840,49187,40403,70680,55397,67209,75130,82140,136593,177680,47980,90471,1800354,842052,240514,119458,729780,46363,8208
2021-05-10T23:59:59+02:00,49475,52626,94574,105864,110503,140232,167710,212675,273634,294499,277338,313014,208214,269265,55321,104863,15678,15485,26239,33222,29072,47924,39385,68742,54129,65525,73114,79625,135599,176349,47878,90230,1765351,833339,234526,118442,722918,39243,7266
2021-05-09T23:59:59+02:00,48150,51702,91929,104160,107851,138484,162536,209097,268361,289683,276396,311933,207879,268795,55268,104733,15303,15212,25564,32566,28361,47111,38616,67780,53138,64585,71962,78241,135092,175634,47833,90124,1746411,828898,227489,117485,717024,34547,6286
2021-05-08T23:59:59+02:00,47800,51349,91062,103444,106811,137627,161013,207832,265990,287737,275963,311473,207773,268634,55256,104706,15187,15143,25444,32476,28214,46989,38421,67571,52729,64230,70954,77211,134192,174467,47794,90045,1734650,824359,226988,116749,716807,33775,6278
2021-05-07T23:59:59+02:00,46749,50518,89095,102114,103936,135331,155984,203731,260384,282615,274837,310114,207487,268224,55210,104608,14358,14574,24649,31758,27482,45912,37522,66282,51481,62661,68568,74382,132355,172097,47721,89910,1709314,814907,223834,114527,712696,27028,5344
2021-05-06T23:59:59+02:00,43875,48542,84277,98594,97929,130550,144519,194174,245376,268990,270540,305242,206415,266775,55065,104354,13580,13964,23738,30673,26497,44510,36124,64275,49706,60647,66020,71140,130592,169794,47628,89714,1644740,804068,214095,111463,702197,18730,4435
2021-05-05T23:59:59+02:00,41786,47159,80561,95988,93307,126801,135734,186787,231356,255316,265269,299004,205073,265077,54872,103913,13306,13620,23218,29965,25892,43562,35181,62840,48531,59196,63221,67809,128093,166607,47547,89511,1579485,792084,209074,107938,696308,14788,3383
2021-05-04T23:59:59+02:00,40507,45860,77814,93686,89781,123716,129712,181546,220680,244773,260738,293583,203847,263504,54701,103517,13117,13378,22831,29422,25433,42798,34444,61710,47356,57845,60393,64496,126063,164082,47431,89318,1531132,780438,204003,105342,690324,11682,2748
2021-05-03T23:59:59+02:00,39489,44652,75452,91832,86914,121361,124915,177602,214238,238779,257939,290245,203172,262558,54603,103262,12841,13062,22437,28855,24955,42075,33759,60727,46259,56647,57217,60545,122871,159986,47224,88952,1499767,764798,200914,103650,685457,8940,1115
2021-05-02T23:59:59+02:00,39075,44251,74237,90953,85446,120259,122290,175580,211371,236397,257154,289308,202928,262190,54543,103166,12760,12986,22249,28640,24727,41774,33421,60328,45772,56111,55448,58507,120508,157031,47150,88844,1489315,759881,198162,98148,681652,8061,257
2021-05-01T23:59:59+02:00,38700,43831,73450,90131,84360,119218,120797,174167,208344,233398,256572,288599,202752,261938,54534,103137,12742,12970,22201,28612,24671,41735,33354,60272,45690,56027,55195,58193,120374,156872,47141,88829,1474370,758587,198160,98111,681381,8017,254
2021-04-30T23:59:59+02:00,38060,43120,72236,88898,82882,117507,116346,170095,201544,226593,254926,286629,202361,261418,54485,103046,12379,12756,21878,28336,24403,41304,33042,59693,45210,55418,54226,56928,119568,155865,47099,88732,1441861,754995,197838,96138,680591,5703,92
2021-04-29T23:59:59+02:00,36348,42026,69278,86888,79315,114888,110812,165641,188255,214192,248320,279020,201406,260045,54378,102748,12043,12505,21406,27898,23993,40792,32444,58949,44384,54460,52267,54571,117995,153954,47015,88564,1387746,746348,190655,93492,675320,3418,73
2021-04-28T23:59:59+02:00,34956,41327,67401,85551,76810,113045,107257,162647,177982,204182,238481,267532,200312,258609,54219,102481,11843,12318,21106,27551,23645,40321,32015,58278,43607,53591,49961,51716,115759,151147,46915,88380,1335616,736996,187332,88994,670027,2203,50
2021-04-27T23:59:59+02:00,34073,40520,65821,84085,74853,111278,104413,160191,173200,199197,230362,258174,199408,257283,54119,102299,11708,12188,20823,27267,23425,39993,31634,57768,42885,52832,47729,48920,113454,148122,46821,88221,1302211,727313,185057,85022,662191,1496,49
2021-04-26T23:59:59+02:00,33559,40068,64719,83214,73363,110112,101930,158349,164196,190578,226912,254149,198847,256460,54046,102124,11603,12091,20625,27093,23194,39781,31331,57429,42217,52184,45774,46556,111850,146005,46744,88098,1273634,719507,183628,81993,655548,1118,47
2021-04-25T23:59:59+02:00,33255,39790,63926,82701,72287,109374,100133,157099,157619,184202,224089,250903,198326,255789,53992,102018,11541,12052,20553,27026,23108,39694,31225,57310,42051,52013,45303,45985,111260,145200,46721,88037,1261107,717883,177518,80250,647060,990,46
2021-04-24T23:59:59+02:00,32836,39268,62977,81482,71110,107919,98524,155416,152337,178616,221865,248180,197944,255229,53962,101977,11527,12034,20508,26983,23058,39632,31137,57223,41896,51857,45051,45673,111043,144944,46704,88011,1236531,716821,177496,79558,645797,947,45
2021-04-23T23:59:59+02:00,31960,38531,61398,79956,69345,105864,95778,152713,147388,173887,217866,243256,197362,254387,53915,101877,11474,11971,20390,26900,22922,39478,30901,57012,41532,51511,44376,44852,110061,143736,46580,87799,1211976,713516,176332,77129,637354,896,44
2021-04-22T23:59:59+02:00,31230,37815,59826,78486,66841,103585,91122,148846,139371,166057,209486,233008,195679,252194,53745,101544,11326,11838,20144,26613,22566,39047,30371,56496,40751,50859,43133,43430,108211,141412,46409,87488,1170961,706163,168966,73205,629084,772,44
2021-04-21T23:59:59+02:00,30657,37227,58448,77335,64937,101967,87943,146041,131637,158462,197192,218515,193922,249806,53552,101177,11188,11737,19912,26373,22285,38722,30009,56051,40203,50333,42196,42308,106148,138744,46215,87152,1120098,699743,166099,69168,622796,711,44
2021-04-20T23:59:59+02:00,30151,36676,57264,76189,63254,100338,85253,143358,126124,152802,186243,205587,191922,247234,53360,100816,11078,11644,19690,26177,22001,38449,29589,55623,39679,49830,41316,41228,104006,135906,45957,86713,1078008,692356,162641,65941,616096,636,43
2021-04-19T23:59:59+02:00,29744,36261,56282,75365,61950,99138,83010,141312,122403,149157,180780,198986,190480,245354,53207,100536,10944,11538,19478,25960,21755,38176,29265,55221,39180,49308,40433,40208,101025,132045,45644,86131,1053700,682193,160826,63566,609613,600,42
2021-04-18T23:59:59+02:00,29386,35958,55491,74806,60797,98165,81003,139820,118910,146534,175993,193737,189632,244285,53120,100374,10860,11450,19286,25789,21585,38011,29052,54943,38934,49069,40053,39760,99845,130537,45502,85899,1039856,678384,159168,61650,599159,589,42
2021-04-17T23:59:59+02:00,29258,35862,55083,74595,60298,97809,80321,139189,117833,145489,171993,189117,189180,243697,53094,100319,10804,11374,19152,25603,21389,37787,28817,54652,38678,48823,39742,39405,99121,129658,45454,85833,1029035,674432,159145,61337,595129,571,42
2021-04-16T23:59:59+02:00,28819,35558,54071,73971,59022,96913,78603,137780,113406,140987,164674,180601,187798,241853,53007,100155,10571,11169,18754,25195,20824,37214,27646,53704,36612,47197,36495,36494,96226,126396,45133,85296,1003323,659854,158378,54573,585689,546,42
2021-04-15T23:59:59+02:00,28264,35029,52772,72766,57006,95130,75167,134765,107566,135233,157027,171779,183820,236767,52766,99633,10379,10973,18379,24755,20332,36579,26924,52873,35197,45941,34341,34400,93305,122805,44734,84606,971305,647036,156334,49040,568022,494,42
2021-04-14T23:59:59+02:00,27858,34634,51848,71827,55627,93718,72710,132522,103178,131023,147878,161316,176859,227800,52491,99081,9920,10661,17925,24251,19799,35943,25948,51951,33934,44824,32151,32078,90564,119370,44345,83908,933730,632382,153670,44840,553140,398,41
2021-04-13T23:59:59+02:00,27579,34374,51136,71265,54701,92890,70953,131018,98754,126836,136346,148312,171255,220409,52214,98591,9655,10458,17581,23833,19379,35412,25257,51147,32872,43812,30749,30676,88579,117165,44074,83464,900741,623416,149174,40468,536888,277,41
2021-04-12T23:59:59+02:00,27335,34141,50568,70743,53842,92150,69406,129644,95814,124112,129070,140053,168809,217343,51988,98169,9393,10240,17226,23540,19016,34960,24772,50619,32164,43172,29183,29085,87021,115298,43816,83037,884455,615092,147653,37230,521247,266,41
2021-04-11T23:59:59+02:00,27117,33959,50051,70328,53117,91682,68206,128794,93719,122356,122767,133152,166159,214097,51856,97922,9242,10090,16921,23259,18716,34657,24397,50235,31745,42808,28506,28379,86054,114102,43647,82773,877098,609866,143267,35456,505085,254,41
2021-04-10T23:59:59+02:00,27038,33890,49897,70204,52909,91527,67871,128512,93138,121825,120263,130114,165265,212892,51819,97832,8570,9409,16024,22500,17776,33798,23236,49180,30702,41866,27825,27648,84028,111542,43422,82391,870151,594634,142422,35078,502591,250,40
2021-04-09T23:59:59+02:00,26745,33601,49422,69721,52255,90834,66807,127318,91074,119568,111192,118801,162600,209397,51657,97547,7482,8404,14492,21140,16030,32234,21006,47168,28658,39948,25981,25785,80660,107445,42991,81710,850900,567367,135409,33577,492400,237,37
2021-04-08T23:59:59+02:00,26419,33328,48824,69216,51512,90121,65421,126189,88424,117025,100650,106498,157811,203444,51394,97065,6732,7739,13305,20099,14758,30877,19300,45412,26142,37588,22996,22755,76094,101798,42098,80276,832396,536158,126563,31647,474556,212,33
2021-04-07T23:59:59+02:00,26047,33064,48018,68771,50601,89505,63907,125114,84862,114104,91395,95958,151688,195686,51149,96582,6310,7367,12625,19407,13930,30052,18235,44305,24138,35592,20453,20224,72256,97078,41303,78956,812185,512914,121001,29186,453438,180,31
2021-04-06T23:59:59+02:00,25792,32875,47513,68392,50030,88971,62780,124290,82494,112016,83138,86499,146303,188868,50879,96048,6094,7188,12268,19057,13592,29607,17671,43724,23254,34807,19325,19135,69064,92918,40580,77845,793029,499734,117809,26276,436221,168,31
2021-04-05T23:59:59+02:00,25673,32732,47206,68040,49645,88565,62197,123573,81136,110691,78157,80791,142141,183671,50710,95792,5941,7028,11991,18805,13307,29295,17344,43348,22818,34361,18843,18628,66093,89227,40079,77039,783668,490535,116064,23498,421158,164,29
2021-04-04T23:59:59+02:00,25624,32664,47077,67762,49467,88246,61924,123057,80569,110033,76715,79032,141538,182833,50682,95725,5938,7019,11978,18797,13296,29279,17329,43327,22679,34272,18456,18278,64615,87332,39946,76836,781153,485778,115967,23496,416001,156,26
2021-04-03T23:59:59+02:00,25552,32577,46955,67649,49308,88071,61571,122712,80015,109430,75245,77269,140589,181496,50614,95603,5930,7010,11962,18781,13273,29256,17291,43282,22575,34189,18312,18131,64258,86758,39884,76725,774825,484019,115929,23496,414076,156,25
2021-04-02T23:59:59+02:00,25467,32485,46793,67486,49074,87809,61062,122237,79119,108564,73507,75112,138571,178851,50460,95317,5908,6971,11918,18740,13219,29175,17195,43101,22299,33726,17934,17775,61807,83731,39252,75831,765766,475619,114159,22862,412163,156,24
2021-04-01T23:59:59+02:00,25232,32223,46369,66980,48426,87048,60172,121280,77196,106875,69531,70758,135333,174698,50214,94864,5732,6786,11663,18502,12995,28951,16872,42782,21788,33269,17081,16983,56818,77402,37912,73822,754178,457779,108126,21496,405069,141,21
2021-03-31T23:59:59+02:00,24876,31962,45956,66463,47947,86405,59428,120280,76020,105642,67204,68053,130968,169056,49882,94266,5648,6729,11559,18378,12847,28804,16612,42482,21165,32744,15903,16063,51519,70746,36821,72246,744515,439631,101046,20556,399022,138,20
2021-03-30T23:59:59+02:00,24684,31695,45547,65835,47451,85599,58690,119189,74875,104277,65086,65723,126922,163644,49510,93511,5578,6635,11454,18257,12648,28622,16272,42148,20586,32180,15044,15244,48688,67189,35935,70732,734398,427938,96849,19225,391168,111,16
2021-03-29T23:59:59+02:00,24455,31408,45087,65288,46980,84896,57938,118068,73605,102842,62069,62183,120819,155811,48891,92356,5481,6562,11359,18151,12487,28455,16027,41811,20119,31712,14390,14693,45949,63952,35079,69254,714024,416847,93452,18602,385397,94,16
2021-03-28T23:59:59+02:00,24208,31061,44592,64602,46475,84160,57246,117059,72672,101732,60139,59979,116826,150628,48531,91731,5422,6492,11214,18006,12234,28149,15858,41590,19952,31484,14148,14458,44821,62449,34825,68850,707541,412605,86174,17333,378103,76,16
2021-03-27T23:59:59+01:00,24071,30869,44306,64238,46095,83620,56737,116370,71943,100985,59037,58892,115444,149031,48482,91670,5409,6480,11184,17985,12215,28119,15451,41099,19584,31093,13867,14261,44229,61574,34478,68242,702333,408586,85478,16681,374155,65,16
2021-03-26T23:59:59+01:00,23777,30201,43465,62567,45145,81547,55346,113189,69932,97654,56893,56904,112961,146010,48227,91252,5389,6442,11160,17935,12144,28025,15368,40987,19218,30458,13388,13646,40713,57119,32960,65694,691047,394189,82185,16466,362011,53,16
2021-03-25T23:59:59+01:00,23322,29382,42566,60777,44071,78958,53774,109578,67581,94122,54202,54200,109902,142252,47778,90445,5338,6381,11067,17827,12023,27887,15186,40755,18927,30146,12886,13125,36298,51241,30720,62236,679701,376181,78004,15874,345378,50,15
2021-03-24T23:59:59+01:00,22850,28839,41808,59510,43074,77427,52311,107619,65516,91859,51301,51170,105938,137390,47262,89547,5276,6308,10970,17684,11854,27684,14944,40446,18562,29747,12429,12660,33196,47232,28236,58309,666995,360780,73150,14776,333451,47,11
2021-03-23T23:59:59+01:00,22571,28457,41219,58609,42377,76323,51234,106068,63854,90026,48980,48717,103303,134399,46831,88840,5210,6233,10871,17550,11705,27503,14687,40127,18147,29344,11915,12180,30255,43351,25212,53347,659016,343469,69818,14188,323148,46,10
2021-03-22T23:59:59+01:00,22287,27976,40601,57732,41727,75284,50271,104637,62387,88418,47112,46813,101056,131770,46465,88197,5137,6179,10796,17423,11571,27337,14522,39891,17904,29026,11612,11814,27884,40243,21883,47840,652798,327443,67022,13640,313086,45,10
2021-03-21T23:59:59+01:00,22122,27646,40100,56978,41196,74426,49608,103476,61441,87236,46033,45749,99497,129982,46166,87707,5122,6170,10761,17373,11523,27249,14464,39800,17820,28924,11489,11690,27427,39742,21583,47356,650244,325284,65002,13229,304286,45,10
2021-03-20T23:59:59+01:00,22051,27464,39889,56460,40956,73897,49289,102810,60989,86659,45319,44931,96995,126824,45922,87278,5113,6163,10750,17363,11496,27232,14419,39760,17726,28840,11329,11528,26705,38876,20930,46384,643817,321594,64559,13040,299525,45,10
2021-03-19T23:59:59+01:00,21627,26736,38728,54389,39684,71910,47452,100667,58018,83877,40834,41023,92107,121290,45367,86391,5092,6150,10719,17303,11432,27127,14331,39585,17476,28539,10989,11261,24746,36447,19582,44244,626158,312366,57375,12678,286731,43,10
2021-03-18T23:59:59+01:00,21166,25910,37480,52237,38149,69001,45179,96011,54160,78410,36814,37191,87579,115990,44500,85015,5066,6112,10653,17201,11352,26973,14180,39391,17258,28351,10749,11076,23238,34519,18181,42102,609352,304358,51649,12069,263950,38,10
2021-03-17T23:59:59+01:00,20691,25494,36760,51307,37375,68046,44052,94565,52343,76616,33994,34217,83782,111316,43714,83789,5036,6082,10593,17105,11283,26835,14061,39203,17042,28161,10528,10855,21764,32789,16857,40060,592792,296915,47266,11365,258161,35,10
2021-03-16T23:59:59+01:00,20282,24998,35994,50237,36578,66829,42869,92877,50495,74668,31775,32128,79943,106523,42997,82698,4980,6024,10521,16976,11192,26678,13964,38963,16898,27934,10361,10674,20265,30984,15631,38069,579787,289209,42589,10932,249670,34,9
2021-03-15T23:59:59+01:00,19957,24554,35270,49262,35796,65591,41935,91390,49220,73112,30030,30234,76709,102470,42459,81752,4956,5980,10458,16851,11121,26475,13844,38669,16750,27669,10193,10516,19350,29785,14596,36476,568737,283443,39276,10286,241889,30,0
2021-03-14T23:59:59+01:00,19645,24026,34371,48055,34931,64278,40837,89502,48026,71496,28836,28988,74753,99944,42112,81198,4931,5957,10407,16769,11063,26325,13788,38442,16659,27527,10118,10431,19166,29482,14350,35949,561661,282260,37414,9153,232081,21,0
2021-03-13T23:59:59+01:00,18731,22901,32911,46204,33440,62292,38774,86526,46045,69266,27573,27682,72772,97358,41934,80924,4931,5957,10405,16764,11059,26318,13783,38436,16654,27519,10071,10390,18297,28406,13449,34702,545359,278037,37129,9152,222996,21,0
2021-03-12T23:59:59+01:00,17446,21289,30395,43548,30834,59062,35791,81466,42933,65105,24773,24548,68505,92051,41200,79828,4919,5921,10386,16704,11040,26263,13739,38320,16556,27365,9802,10190,17254,26948,12564,33420,517452,272296,35820,9142,205650,19,0
2021-03-11T23:59:59+01:00,16231,19548,28138,40922,28561,55803,33091,76959,39209,60394,21391,21055,62502,84643,39674,77530,4872,5877,10309,16587,10929,26022,13616,38003,16382,27088,9508,9972,16580,26045,11968,32242,485560,268342,34234,7709,185997,15,0
2021-03-10T23:59:59+01:00,15550,18696,26657,39309,26965,53968,31488,74528,36592,57319,18699,18537,56539,77320,38472,75675,4829,5819,10213,16418,10818,25763,13466,37583,16181,26757,9280,9789,15755,25160,11416,31347,459274,263640,32198,7007,174980,13,0
2021-03-09T23:59:59+01:00,15218,18131,25451,38279,25626,52756,30405,72824,35216,55569,17535,17452,52970,72735,37571,74168,4798,5781,10131,16242,10708,25505,13303,37263,16025,26543,9153,9684,15030,24242,11002,30678,445784,259967,29680,6174,166571,13,0
2021-03-08T23:59:59+01:00,14829,17433,24288,37201,24427,51591,29455,71295,33993,54019,16458,16603,48724,67477,36602,72559,4782,5727,10065,16041,10603,25248,13164,36903,15907,26310,9082,9595,14478,23585,10752,30307,430379,256827,27680,5784,159022,4,0
2021-03-07T23:59:59+01:00,14565,17072,23674,36358,23716,50698,28877,70419,33430,53347,16202,16362,47585,65934,36338,72127,4768,5712,10045,16000,10575,25160,13131,36731,15851,26218,9062,9561,14263,23303,10640,30141,425656,255780,25873,5446,155300,0,0
2021-03-06T23:59:59+01:00,14429,16706,23243,35645,23193,49873,27768,68793,32366,51698,15896,16125,46870,64915,36130,71804,4764,5692,10033,15979,10560,25126,13121,36689,15833,26187,9042,9524,14216,23262,10542,29937,421612,255407,25810,5165,148155,0,0
2021-03-05T23:59:59+01:00,13957,15987,22551,34484,22530,48598,26982,67119,31140,49357,15274,15372,42955,59975,34520,69066,4734,5631,9963,15881,10505,24978,13054,36493,15750,25986,8949,9468,14025,23042,10197,29352,406464,253741,24364,4332,139157,0,0
2021-03-04T23:59:59+01:00,13101,14803,21344,32783,21344,46524,25572,64348,29507,47264,14561,14657,38327,53874,32210,65473,4683,5527,9854,15585,10410,24614,12922,35973,15611,25637,8797,9334,13870,22831,10130,29222,388153,250823,22294,4241,125361,0,0
2021-03-03T23:59:59+01:00,12744,14219,20648,31585,20578,45150,24641,62595,28530,45764,14096,14184,35188,49749,29737,61591,4639,5452,9771,15406,10330,24361,12815,35539,15419,25328,8645,9215,13736,22603,9999,28972,372793,248214,21525,4080,116793,0,0
2021-03-02T23:59:59+01:00,12448,13711,20002,30630,19868,44120,23841,61191,27603,44563,13472,13577,31976,45555,26507,56329,4585,5369,9709,15241,10262,24083,12716,35110,15317,25047,8527,9120,13593,22409,9935,28845,354769,245851,20075,4079,110658,0,0
2021-03-01T23:59:59+01:00,12237,13371,19489,29811,19320,43272,23250,60102,26923,43490,13068,13141,29325,42162,22902,50350,4562,5308,9658,15079,10194,23784,12636,34698,15218,24776,8450,9065,13396,22112,9844,28699,337653,243462,19016,4079,105652,0,0
2021-02-28T23:59:59+01:00,12038,13129,19004,29162,18818,42502,22758,59258,26454,42744,12869,12933,28696,41448,22558,49833,4543,5293,9638,15047,10173,23732,12619,34631,15191,24741,8426,9040,13255,21908,9795,28581,335246,242630,18159,4045,100905,0,0
2021-02-27T23:59:59+01:00,11815,12482,18688,28359,18564,41726,22470,58235,26127,42019,12604,12651,27913,40501,21779,48584,4532,5280,9614,15028,10141,23671,12580,34557,15152,24675,8408,9024,13243,21893,9794,28577,331349,242286,17438,3945,95834,0,0
2021-02-26T23:59:59+01:00,10906,11550,17822,26901,17788,39441,21524,55310,24658,39434,12239,12363,26054,38168,20562,46659,4441,5194,9539,14874,10071,23401,12495,34183,15035,24421,8333,8953,13177,21813,9759,28521,322269,240399,17185,3872,82026,0,0
2021-02-25T23:59:59+01:00,9625,10540,16505,25286,16540,37127,20234,52295,23013,36903,11846,12076,24552,36227,19336,44768,4313,5029,9378,14560,9870,22765,12238,33326,14728,23855,8153,8810,12913,21466,9642,28297,314670,236371,16417,3033,65885,0,0
2021-02-24T23:59:59+01:00,9185,9916,15870,24245,15923,35853,19487,50739,22242,35854,11488,11760,23019,34384,17921,42533,4229,4931,9240,14282,9693,22299,12047,32699,14473,23368,8023,8681,12776,21292,9585,28105,306458,233656,15456,2126,58602,0,0
2021-02-23T23:59:59+01:00,8623,9323,15065,23088,15265,34599,18734,49325,21555,34905,11223,11461,21427,32482,16592,40343,4186,4845,9111,14056,9555,21879,11854,32124,14165,22922,7877,8540,12658,21081,9524,27889,298383,230854,14658,1470,51064,0,0
2021-02-22T23:59:59+01:00,8484,9063,14679,22468,14910,33872,18259,48282,21085,34247,11044,11221,20482,31221,15504,38677,4152,4720,8964,13752,9384,21351,11587,31379,13788,22380,7666,8361,12461,20830,9436,27604,292553,227575,14048,297,46991,0,0
2021-02-21T23:59:59+01:00,8377,8888,14342,22028,14498,33291,17835,47596,20674,33824,10944,11131,20314,30995,15277,38365,4104,4666,8885,13620,9307,21132,11515,31085,13674,22132,7605,8310,12398,20718,9375,27453,291422,225751,13680,284,43369,0,0
2021-02-20T23:59:59+01:00,8243,8831,14226,21943,14383,33166,17711,47425,20519,33661,10838,11043,19418,29897,14360,37095,4101,4660,8877,13611,9296,21111,11500,31059,13661,22126,7602,8302,12326,20642,9332,27404,287185,225383,13484,283,42181,0,0
2021-02-19T23:59:59+01:00,7905,8542,13880,21494,14006,32470,17229,46619,19773,32792,10306,10710,18206,28351,13400,35732,4009,4635,8811,13583,9253,21048,11468,30965,13596,22041,7560,8246,12081,20329,9168,27117,280824,223683,13109,283,37569,0,0
2021-02-18T23:59:59+01:00,7451,7939,13256,20379,13369,31064,16391,44670,18926,31387,10132,10529,17550,27516,12905,34953,3801,4446,8472,13037,8961,20280,11118,29911,13244,21312,7355,7931,11451,19298,8744,26097,277273,215230,12529,283,28700,0,0
2021-02-17T23:59:59+01:00,7252,7500,12805,19501,12861,29822,15685,42865,18315,30250,9928,10307,16685,26560,12257,33921,3521,4230,8128,12532,8673,19444,10734,28836,12875,20581,7130,7698,10843,18366,8375,25391,272584,207129,11798,281,22215,0,0
2021-02-16T23:59:59+01:00,6856,7121,12288,18649,12365,28695,15137,41492,17749,29337,9787,10204,15956,25642,11829,33237,3312,4077,7824,12064,8363,18694,10324,27724,12437,19782,6871,7393,10063,17099,7733,23989,269024,197674,11302,128,16099,0,0
2021-02-15T23:59:59+01:00,6732,6879,11995,18016,12093,27891,14775,40488,17423,28644,9669,10103,15335,24920,11546,32779,3212,3970,7626,11729,8145,18178,10016,26872,12092,19139,6595,7117,9326,15941,7284,22858,265935,190069,10699,84,12735,0,0
2021-02-14T23:59:59+01:00,6440,6738,11755,17738,11873,27446,14544,40042,17237,28404,9627,10054,15082,24549,11405,32424,3157,3923,7510,11564,8012,17973,9844,26523,11921,18866,6488,6985,9105,15537,7122,22364,264935,186862,9764,84,10738,0,0
2021-02-13T23:59:59+01:00,6368,6692,11714,17707,11842,27414,14520,40013,17219,28382,9614,10029,15053,24522,11398,32409,3152,3918,7503,11559,8002,17953,9826,26488,11891,18825,6465,6953,8939,15304,6784,21763,264701,185370,9763,7,10511,0,0
2021-02-12T23:59:59+01:00,5772,6329,11193,17336,11537,26866,14199,39347,16903,27786,9514,9955,14860,24297,11336,32317,3096,3871,7410,11406,7896,17703,9669,26099,11681,18384,6284,6731,8555,14698,6234,20498,263012,180261,9753,6,6860,0,0
2021-02-11T23:59:59+01:00,5241,5961,10639,16666,11123,26013,13710,38099,16436,27009,9222,9708,14575,23842,11082,31669,2898,3499,6775,10182,7223,15898,8789,23428,10645,16522,5669,6051,7468,12916,5524,18415,259832,161947,8116,3,3124,0,0
2021-02-10T23:59:59+01:00,4969,5751,10292,16212,10831,25470,13375,37179,16048,26350,9034,9580,14402,23630,10995,31476,2476,3101,5842,8706,6423,13774,7783,20488,9589,14762,5156,5479,6424,11160,4867,16550,257191,142620,7654,1,826,0,0
2021-02-09T23:59:59+01:00,4893,5627,10170,15939,10724,25059,13197,36537,15837,25924,8859,9451,14201,23417,10877,31273,2037,2639,5044,7439,5642,11923,6872,17925,8535,13016,4602,4836,5342,9483,4240,14685,254760,124296,6877,1,424,0,0
2021-02-08T23:59:59+01:00,4851,5557,10082,15715,10612,24693,13077,36044,15704,25626,8771,9389,13982,23100,10792,31121,1834,2363,4479,6439,4988,10274,6033,15356,7541,11393,4088,4309,4315,7796,3586,12809,252407,107635,6363,1,420,0,0
2021-02-07T23:59:59+01:00,4663,5477,9942,15581,10512,24515,12991,35776,15602,25458,8736,9345,13828,22891,10733,31010,1587,2048,4058,5780,4588,9363,5596,14191,7074,10532,3846,4062,4089,7391,3448,12259,251313,99941,5819,1,0,0,0
2021-02-06T23:59:59+01:00,4654,5464,9930,15566,10498,24475,12971,35726,15584,25407,8718,9328,13806,22858,10633,30816,1405,1800,3831,5503,4408,8907,5371,13588,6793,10011,3727,3957,3967,7234,3177,11816,250970,95523,5536,1,0,0,0
2021-02-05T23:59:59+01:00,4572,5379,9861,15427,10433,24205,12879,35352,15471,25154,8640,9260,13734,22778,10289,30230,1240,1514,3546,5075,4146,8313,5062,12793,6397,9332,3487,3735,3809,6994,2694,10966,249089,89129,4645,0,0,0,0
2021-02-04T23:59:59+01:00,4505,5228,9732,15101,10268,23623,12679,34547,15261,24670,8525,9152,13500,22466,10195,30058,917,1068,2691,3805,3236,6521,4068,10173,5098,7360,2860,3062,3213,5970,2347,9585,245158,71993,4422,0,0,0,0
2021-02-03T23:59:59+01:00,4427,5132,9617,14879,10163,23250,12542,34012,15108,24287,8419,9030,13341,22257,10126,29846,754,834,2029,2875,2502,5039,3113,7797,3881,5572,2070,2217,2361,4473,1718,7219,242251,54468,4255,0,0,0,0
2021-02-02T23:59:59+01:00,4355,5025,9515,14669,10060,22847,12389,33430,14906,23882,8312,8909,13218,22041,10048,29594,599,654,1532,2124,1917,3795,2345,5931,2879,4173,1457,1486,1608,2976,1195,4805,239015,39487,4253,0,0,0,0
2021-02-01T23:59:59+01:00,4310,4913,9424,14431,9953,22423,12249,32780,14726,23430,8198,8774,13120,21904,10004,29427,455,469,1050,1465,1265,2525,1506,3844,1784,2658,912,946,965,1823,683,2773,235881,25131,4253,0,0,0,0
2021-01-31T23:59:59+01:00,4288,4865,9370,14317,9881,22220,12181,32474,14634,23254,8144,8722,13067,21788,9965,29308,415,432,920,1271,1081,2137,1299,3265,1556,2354,825,857,860,1629,620,2489,234403,22015,4142,0,0,0,0
2021-01-30T23:59:59+01:00,4288,4862,9360,14304,9865,22195,12169,32454,14621,23244,8142,8717,13001,21712,9924,29260,397,400,855,1185,1027,2011,1230,3075,1485,2230,803,833,841,1589,607,2440,234088,21012,4097,0,0,0,0
2021-01-29T23:59:59+01:00,4218,4848,9310,14271,9833,22143,12139,32380,14574,23182,8120,8690,12790,21452,9771,29058,320,299,732,1008,882,1636,1077,2687,1279,1938,724,747,792,1533,592,2394,232874,18642,3972,0,0,0,0
2021-01-28T23:59:59+01:00,4082,4726,9105,13875,9616,21620,11895,31795,14266,22738,7990,8595,12315,20757,9472,28563,152,81,291,375,374,633,469,1169,589,861,390,418,468,890,338,1448,228102,8946,3374,0,0,0,0
2021-01-27T23:59:59+01:00,3823,4544,8801,13465,9317,20961,11517,30952,13892,22080,7783,8385,11718,19869,9114,27912,93,51,199,229,245,432,308,815,422,592,293,304,346,659,255,1060,221421,6303,2774,0,0,0,0
2021-01-26T23:59:59+01:00,3636,4418,8516,13105,9055,20378,11201,30169,13499,21525,7562,8162,11085,18876,8539,26864,88,47,185,219,227,392,294,758,389,542,281,278,316,586,233,945,214719,5780,1933,0,0,0,0
2021-01-25T23:59:59+01:00,3537,4284,8217,12610,8760,19648,10801,29157,13020,20837,7316,7970,10418,17963,8148,26090,79,37,164,195,197,333,251,632,340,450,242,238,264,503,188,767,208443,4880,394,0,0,0,0
2021-01-24T23:59:59+01:00,3488,4256,8132,12528,8688,19524,10690,28981,12895,20681,7282,7931,10349,17854,8106,25998,78,35,160,191,195,320,249,611,331,437,234,235,262,495,184,753,207147,4770,296,0,0,0,0
2021-01-23T23:59:59+01:00,3486,4254,8132,12527,8684,19515,10689,28969,12887,20676,7278,7930,10212,17671,7791,25431,78,35,160,191,194,319,247,611,330,437,234,235,262,495,184,753,205897,4765,295,0,0,0,0
2021-01-22T23:59:59+01:00,3415,4202,8009,12414,8603,19364,10581,28809,12815,20569,7248,7900,9984,17326,7305,24452,78,35,159,191,194,319,247,611,330,437,234,235,262,495,184,753,202761,4764,295,0,0,0,0
2021-01-21T23:59:59+01:00,3303,3957,7493,11487,8133,18193,10024,27150,12229,19477,6982,7597,9284,16242,6862,23523,71,32,143,175,178,286,222,536,293,400,211,208,229,408,157,633,191698,4182,295,0,0,0,0
2021-01-20T23:59:59+01:00,2881,3505,6604,10040,7382,16147,9040,24271,11157,17646,6419,6936,8126,14378,6169,21511,70,32,142,169,175,285,214,519,282,382,200,200,220,382,147,598,171971,4017,292,0,0,0,0
2021-01-19T23:59:59+01:00,2380,3031,5686,8655,6502,14162,8015,21414,9916,15629,5684,6046,6691,12006,5281,18758,46,22,95,123,118,176,151,352,181,270,122,112,141,262,99,441,149688,2711,212,0,0,0,0
2021-01-18T23:59:59+01:00,2062,2626,4895,7240,5541,11813,6789,17709,8526,13231,4841,5174,5260,9586,4340,15572,25,11,36,46,54,84,66,154,68,133,59,53,61,140,56,208,125157,1254,90,0,0,0,0
2021-01-17T23:59:59+01:00,1745,2249,4374,6464,5041,10625,6245,16101,7894,12082,4514,4832,4892,8893,4044,14630,11,3,6,14,15,32,19,44,25,49,25,23,15,36,12,42,114573,371,88,0,0,0,0
2021-01-16T23:59:59+01:00,1549,1991,4161,6171,4860,10150,5979,15414,7565,11430,4345,4639,4681,8601,3702,14052,0,0,0,0,2,3,0,0,1,2,0,1,0,0,0,2,109320,11,5,0,0,0,0
2021-01-15T23:59:59+01:00,1377,1708,3904,5768,4604,9566,5688,14548,7148,10666,4066,4373,4497,8279,3191,13048,0,0,0,0,0,0,0,0,0,0,0,0,0,0,0,1,102460,1,3,0,0,0,0
2021-01-14T23:59:59+01:00,1043,1280,3131,4557,3749,7663,4703,11731,5766,8554,3316,3539,3799,7017,2766,11384,0,0,0,0,0,0,0,0,0,0,0,0,0,0,0,0,84023,0,0,0,0,0,0
2021-01-13T23:59:59+01:00,883,1079,2633,3793,3153,6381,3925,9668,4652,6882,2441,2637,2882,5354,2120,8660,0,0,0,0,0,0,0,0,0,0,0,0,0,0,0,0,67164,0,0,0,0,0,0
2021-01-12T23:59:59+01:00,739,909,2203,3103,2588,5184,3155,7804,3645,5385,1733,1794,1977,3677,1504,5941,0,0,0,0,0,0,0,0,0,0,0,0,0,0,0,0,51358,0,0,0,0,0,0
2021-01-11T23:59:59+01:00,590,731,1831,2502,2076,4152,2422,5867,2685,3891,1093,1096,1179,2172,827,3357,0,0,0,0,0,0,0,0,0,0,0,0,0,0,0,0,36484,0,0,0,0,0,0
2021-01-10T23:59:59+01:00,517,627,1558,2058,1729,3398,1995,4849,2231,3274,976,978,1035,1907,737,2940,0,0,0,0,0,0,0,0,0,0,0,0,0,0,0,0,30819,0,0,0,0,0,0
2021-01-09T23:59:59+01:00,482,566,1429,1882,1583,3089,1832,4386,2056,2989,908,913,979,1854,722,2902,0,0,0,0,0,0,0,0,0,0,0,0,0,0,0,0,28580,0,0,0,0,0,0
2021-01-08T23:59:59+01:00,365,414,1173,1513,1311,2416,1505,3598,1705,2458,789,808,894,1726,684,2771,0,0,0,0,0,0,0,0,0,0,0,0,0,0,0,0,24137,0,0,0,0,0,0
2021-01-07T23:59:59+01:00,172,112,405,524,474,820,611,1408,754,1071,448,475,562,1061,415,1763,0,0,0,0,0,0,0,0,0,0,0,0,0,0,0,0,11075,0,0,0,0,0,0
2021-01-06T23:59:59+01:00,130,67,266,292,309,530,410,959,518,737,338,357,422,822,324,1331,0,0,0,0,0,0,0,0,0,0,0,0,0,0,0,0,7812,0,0,0,0,0,0
2021-01-05T23:59:59+01:00,100,51,190,238,242,444,326,843,442,635,326,341,406,787,318,1278,0,0,0,0,0,0,0,0,0,0,0,0,0,0,0,0,6967,0,0,0,0,0,0
2021-01-04T23:59:59+01:00,83,41,169,198,200,350,257,636,352,467,247,252,285,559,210,857,0,0,0,0,0,0,0,0,0,0,0,0,0,0,0,0,5163,0,0,0,0,0,0
2021-01-03T23:59:59+01:00,81,37,163,193,196,334,256,622,342,451,242,249,281,547,208,840,0,0,0,0,0,0,0,0,0,0,0,0,0,0,0,0,5042,0,0,0,0,0,0
2021-01-02T23:59:59+01:00,81,37,163,193,196,334,254,622,341,451,242,249,281,547,208,840,0,0,0,0,0,0,0,0,0,0,0,0,0,0,0,0,5039,0,0,0,0,0,0
2021-01-01T23:59:59+01:00,81,37,162,193,196,333,254,622,340,449,242,249,281,546,208,840,0,0,0,0,0,0,0,0,0,0,0,0,0,0,0,0,5033,0,0,0,0,0,0
2020-12-31T23:59:59+01:00,81,37,162,191,196,332,253,621,340,448,242,249,281,546,208,840,0,0,0,0,0,0,0,0,0,0,0,0,0,0,0,0,5027,0,0,0,0,0,0
2020-12-30T23:59:59+01:00,80,37,162,189,194,330,253,620,340,447,242,249,281,546,208,840,0,0,0,0,0,0,0,0,0,0,0,0,0,0,0,0,5018,0,0,0,0,0,0
2020-12-29T23:59:59+01:00,56,24,115,143,147,224,184,446,239,345,159,159,199,413,152,654,0,0,0,0,0,0,0,0,0,0,0,0,0,0,0,0,3659,0,0,0,0,0,0
2020-12-28T23:59:59+01:00,29,17,65,77,83,127,103,254,112,208,92,92,102,218,93,364,0,0,0,0,0,0,0,0,0,0,0,0,0,0,0,0,2036,0,0,0,0,0,0
2020-12-27T23:59:59+01:00,14,8,17,24,37,53,35,84,35,82,32,28,36,80,30,137,0,0,0,0,0,0,0,0,0,0,0,0,0,0,0,0,732,0,0,0,0,0,0
