Datum,<15_m,<15_w,15-24_1_m,15-24_1_w,25-34_1_m,25-34_1_w,35-44_1_m,35-44_1_w,45-54_1_m,45-54_1_w,55-64_1_m,55-64_1_w,65-74_1_m,65-74_1_w,75-84_1_m,75-84_1_w,>84_1_m,>84_1_w,<24_2_m,<24_2_w,25-34_2_m,25-34_2_w,35-44_2_m,35-44_2_w,45-54_2_m,45-54_2_w,55-64_2_m,55-64_2_w,65-74_2_m,65-74_2_w,75-84_2_m,75-84_2_w,>84_2_m,>84_2_w,bp_1,bp_2,mo_1,mo_2,az_1,az_2,ja,unb_1,unb_2
2021-09-12T23:59:59+02:00,36524,34128,275280,264554,381553,351821,397584,390626,461647,470877,514283,515439,351261,391912,246096,315185,72461,132660,247989,238298,357630,325554,376396,365672,440142,445948,493945,494633,340263,379248,238505,304655,69536,126534,3994021,3758701,521468,498816,809780,762460,279319,533,439
2021-09-11T23:59:59+02:00,36445,34081,275093,264350,381329,351635,397427,390471,461515,470756,514214,515381,351231,391881,246087,315169,72459,132657,247718,238117,357407,325399,376247,365532,439994,445832,493880,494579,340240,379220,238497,304642,69536,126530,3992997,3757623,521378,498689,809778,762440,278724,533,439
2021-09-10T23:59:59+02:00,36134,33765,274050,263390,380413,350778,396581,389687,460747,470114,513677,514949,351033,391689,246003,315060,72441,132626,246835,237435,356607,324687,375482,364916,439325,445329,493405,494211,340086,379072,238416,304540,69514,126499,3987957,3754310,521236,498478,809772,762418,274864,533,439
2021-09-09T23:59:59+02:00,35732,33354,272827,262317,379428,349693,395725,388719,460003,469302,513123,514463,350807,391422,245880,314911,72406,132569,245821,236514,355734,323851,374727,364146,438671,444741,492840,493785,339869,378854,238294,304401,69478,126440,3980395,3748481,520936,498084,809739,762276,272308,526,437
2021-09-08T23:59:59+02:00,35337,32962,271879,261345,378657,348858,395043,387943,459392,468708,512689,514008,350603,391182,245776,314740,72377,132520,244909,235672,354945,323128,374058,363441,438083,444194,492396,493335,339673,378610,238173,304235,69443,126346,3974060,3742888,520715,497771,809688,762145,270250,526,437
2021-09-07T23:59:59+02:00,34971,32637,270881,260432,377854,348095,394408,387282,458868,468196,512252,513623,350414,390968,245679,314575,72344,132452,244049,234902,354159,322458,373430,362899,437590,443698,491957,492951,339471,378396,238081,304095,69414,126291,3968085,3737976,520477,497436,809675,761975,268387,526,437
2021-09-06T23:59:59+02:00,34581,32235,269793,259359,376943,347173,393741,386520,458296,467580,511823,513202,350198,390726,245592,314452,72317,132384,243305,234163,353439,321817,372829,362312,437142,443205,491551,492580,339260,378191,237993,303962,69385,126234,3961022,3733202,520340,497187,809631,761855,266614,526,437
2021-09-05T23:59:59+02:00,34430,32090,269399,258955,376649,346837,393461,386214,458063,467347,511648,513023,350126,390632,245548,314391,72301,132359,242879,233771,353053,321439,372490,362007,436884,442962,491351,492375,339156,378070,237947,303899,69367,126199,3958487,3730586,520247,496920,809604,761724,265827,526,437
2021-09-04T23:59:59+02:00,34372,32053,269245,258830,376531,346713,393339,386113,457989,467265,511597,512975,350115,390614,245542,314379,72301,132358,242720,233628,352897,321282,372348,361890,436794,442862,491286,492327,339134,378050,237939,303887,69367,126198,3957807,3729815,520191,496785,809598,761704,265427,526,437
2021-09-03T23:59:59+02:00,34054,31745,268369,258033,375798,346063,392755,385534,457417,466790,511141,512641,349946,390437,245478,314274,72278,132326,241719,232787,352115,320584,371686,361250,436157,442282,490797,491915,338938,377856,237852,303777,69345,126171,3953495,3725564,519523,495320,809568,761631,263184,526,437
2021-09-02T23:59:59+02:00,33700,31418,267337,257170,374960,345246,392041,384802,456743,466169,510617,512222,349683,390191,245357,314101,72252,132249,240705,231995,351247,319829,370963,360552,435452,441662,490234,491455,338690,377594,237739,303620,69317,126091,3947678,3720409,519241,494841,809532,761313,260495,525,437
2021-09-01T23:59:59+02:00,33374,31053,266500,256341,374218,344577,391514,384256,456277,465691,510237,511881,349505,389997,245268,313985,72228,132189,239621,230946,350396,318987,370286,359855,434850,441056,489712,490970,338459,377331,237604,303456,69288,126036,3942269,3713628,519059,494308,809500,761096,258951,525,434
2021-08-31T23:59:59+02:00,32977,30712,265638,255444,373501,343872,390953,383681,455777,465214,509797,511517,349312,389806,245172,313838,72197,132150,238672,230070,349606,318251,369629,359218,434301,440552,489194,490568,338248,377112,237504,303305,69254,125976,3936806,3708312,518870,493923,809474,760685,257095,525,434
2021-08-30T23:59:59+02:00,32434,30233,264352,254286,372524,342972,390145,382878,455032,464513,509239,511026,349083,389594,245079,313685,72161,132081,237527,229097,348620,317374,368848,358483,433608,439980,488638,490057,337990,376872,237378,303122,69213,125898,3929438,3702341,518754,493479,809428,760434,254379,525,434
2021-08-29T23:59:59+02:00,32248,30045,263787,253786,372055,342562,389765,382545,454737,464226,509010,510805,348985,389484,245030,313620,72151,132056,236816,228469,348016,316833,368349,358015,433184,439605,488329,489797,337844,376719,237317,303045,69193,125872,3926380,3698482,518637,493079,809401,760176,253160,525,434
2021-08-28T23:59:59+02:00,32159,29953,263563,253609,371881,342409,389609,382424,454612,464108,508937,510755,348961,389461,245019,313608,72150,132053,236499,228213,347768,316643,368130,357853,433002,439440,488202,489705,337802,376677,237297,303019,69191,125868,3925355,3696916,518597,492964,809395,760150,252605,525,434
2021-08-27T23:59:59+02:00,31929,29704,262912,253045,371369,341896,389138,381975,454160,463712,508570,510473,348832,389328,244959,313521,72131,132031,235895,227718,347159,316146,367659,357425,432555,439089,487898,489458,337667,376559,237244,302954,69180,125861,3921568,3693719,518528,492750,809331,760089,250938,525,434
2021-08-26T23:59:59+02:00,31552,29318,261909,252069,370530,341083,388391,381237,453481,463040,508027,509991,348600,389069,244836,313404,72102,131970,234427,226376,345945,314971,366561,356438,431684,438298,487232,488885,337387,376242,237081,302784,69150,125816,3915426,3685461,518284,492113,809284,759732,248289,525,433
2021-08-25T23:59:59+02:00,31194,28988,260995,251221,369793,340319,387744,380547,452852,462454,507478,509542,348362,388814,244709,313243,72067,131902,232390,224516,344470,313576,365380,355245,430688,437334,486432,488162,336999,375851,236924,302543,69105,125726,3909793,3673510,518158,491704,809256,759580,245689,524,430
2021-08-24T23:59:59+02:00,30895,28732,260277,250465,369198,339703,387215,379984,452381,461959,507084,509184,348158,388597,244601,313084,72040,131831,231187,223464,343514,312663,364605,354495,430020,436689,485876,487614,336723,375538,236788,302381,69080,125662,3905037,3666369,517871,491253,809237,759277,243914,524,425
2021-08-23T23:59:59+02:00,30379,28210,258896,249161,368175,338791,386390,379202,451604,461279,506438,508621,347880,388316,244464,312895,72013,131772,229714,222154,342206,311605,363653,353646,429158,435939,485173,487045,336417,375206,236649,302191,69054,125602,3897673,3659000,517729,490776,809199,758993,240553,524,425
2021-08-22T23:59:59+02:00,30239,28097,258493,248797,367827,338466,386116,378939,451371,461034,506253,508474,347785,388221,244424,312836,71997,131746,229000,221483,341525,310951,363116,353145,428717,435535,484852,486780,336253,375025,236581,302083,69030,125554,3895493,3654617,517582,490319,809160,758694,239547,524,424
2021-08-21T23:59:59+02:00,29988,27892,257999,248337,367513,338145,385863,378681,451167,460858,506104,508335,347729,388165,244402,312798,71994,131737,228260,220831,341042,310554,362721,352736,428352,435230,484624,486586,336168,374957,236554,302040,69024,125542,3892952,3651658,517439,489115,809153,758638,238830,524,424
2021-08-20T23:59:59+02:00,29798,27695,257339,247681,366778,337527,385190,378154,450575,460366,505634,508016,347586,388009,244347,312702,71977,131702,226462,219222,339645,309371,361606,351783,427399,434429,483906,486037,335928,374707,236452,301921,68999,125512,3889503,3643447,517122,487963,809140,758272,235977,524,424
2021-08-19T23:59:59+02:00,29473,27385,256360,246840,365795,336750,384411,377469,449863,459739,505077,507533,347347,387750,244240,312555,71943,131629,223703,216792,337347,307553,359901,350307,425997,433160,482754,485068,335509,374282,236260,301675,68964,125442,3884061,3629103,516762,486204,809106,757802,232895,523,423
2021-08-18T23:59:59+02:00,29190,27123,255565,246138,365104,336142,383837,376901,449266,459244,504606,507127,347075,387511,244121,312406,71911,131563,221238,214278,335298,305795,358262,348657,424474,431834,481608,484023,334987,373725,236025,301374,68912,125347,3878983,3615854,516587,482261,809082,757422,230842,523,423
2021-08-17T23:59:59+02:00,28874,26848,254783,245426,364491,335470,383280,376355,448786,458769,504179,506710,346876,387303,244004,312277,71884,131511,218490,211534,333231,303966,356574,347193,423040,430559,480486,483030,334494,373183,235787,301079,68858,125270,3874012,3600800,516287,479488,809055,756988,229135,523,422
2021-08-16T23:59:59+02:00,28588,26587,254089,244778,363922,334913,382816,375895,448348,458329,503759,506344,346691,387095,243907,312112,71853,131471,215332,208472,330940,301856,355057,345749,421836,429430,479532,482190,334102,372738,235599,300804,68818,125181,3869610,3583458,516132,478761,809030,756637,227387,523,421
2021-08-15T23:59:59+02:00,28393,26425,253602,244337,363501,334520,382462,375560,448051,458074,503520,506152,346577,386980,243857,312031,71842,131450,211328,204420,329051,300244,353799,344536,420817,428494,478749,481532,333768,372401,235478,300627,68794,125131,3866797,3565890,515992,477850,808994,756313,226213,523,420
2021-08-14T23:59:59+02:00,28326,26368,253360,244139,363270,334344,382288,375410,447895,457945,503403,506045,346528,386948,243839,312008,71839,131445,210259,203320,328237,299483,353084,343865,420325,428036,478360,481210,333628,372272,235440,300570,68785,125114,3865628,3559217,515921,477483,808990,756237,225523,523,420
2021-08-13T23:59:59+02:00,28071,26125,252655,243551,362772,333918,381851,374980,447460,457583,503066,505788,346399,386798,243774,311932,71827,131417,208375,201536,326814,298173,351823,342674,419279,427098,477610,480571,333384,371982,235327,300426,68767,125061,3861819,3547297,515851,476885,808980,756046,223985,517,420
2021-08-12T23:59:59+02:00,27872,25899,251930,242915,362152,333333,381322,374496,446932,457141,502646,505431,346215,386597,243673,311830,71813,131369,205786,199267,323933,295646,349815,340877,417768,425851,476378,479503,332928,371442,235076,300149,68727,124976,3857870,3529901,515664,475681,808943,755021,221755,517,418
2021-08-11T23:59:59+02:00,27638,25649,251198,242226,361533,332759,380799,374018,446473,456719,502238,505005,345988,386356,243556,311694,71785,131317,202750,196287,320754,292712,347647,338807,416269,424449,475095,478212,332383,370798,234826,299739,68676,124846,3853048,3508062,515449,474612,808903,754086,220219,515,417
2021-08-10T23:59:59+02:00,27396,25391,250366,241496,360827,332215,380262,373473,445975,456245,501783,504609,345795,386159,243470,311556,71762,131273,198554,192167,316091,288510,344668,336035,414155,422505,473497,476750,331695,370126,234527,299328,68619,124726,3847977,3477957,515168,473500,808867,752934,218708,515,417
2021-08-09T23:59:59+02:00,27203,25189,249742,240927,360251,331742,379825,373094,445572,455901,501440,504324,345638,386008,243403,311447,71741,131236,194016,187578,310391,283759,341909,333546,412248,420733,471874,475284,331042,369432,234247,298957,68560,124589,3844311,3447598,514989,470712,808835,751841,217215,515,415
2021-08-08T23:59:59+02:00,27035,25034,249261,240525,359862,331391,379481,372805,445273,455648,501199,504130,345531,385901,243340,311367,71724,131203,192668,186210,308768,282426,340603,332388,411378,419980,471310,474769,330782,369164,234120,298789,68535,124538,3841779,3438517,514834,469352,808782,751365,215980,515,415
2021-08-07T23:59:59+02:00,26885,24860,248733,240071,359465,331054,379145,372522,444980,455412,500974,503957,345459,385807,243305,311318,71716,131192,188997,182619,306725,280576,338886,330867,410046,418714,470384,473976,330425,368792,233989,298599,68501,124501,3838923,3418908,514727,468021,808772,751151,215098,515,412
2021-08-06T23:59:59+02:00,26661,24625,247859,239408,358684,330445,378477,371944,444323,454885,500438,503566,345223,385601,243206,311202,71705,131170,185262,179070,303267,277782,336765,329035,408446,417376,469083,473012,330044,368407,233828,298443,68476,124453,3836347,3399637,513367,466291,808760,750057,211613,515,411
2021-08-05T23:59:59+02:00,26340,24301,246681,238475,357788,329579,377660,371218,443584,454210,499771,503028,344937,385300,243089,311026,71664,131106,180785,175124,297890,273394,332656,325484,405641,414881,466825,471219,329372,367699,233562,298071,68415,124341,3830007,3371725,513107,461587,808697,746352,208609,515,411
2021-08-04T23:59:59+02:00,25967,23957,245532,237486,356791,328669,376885,370506,442954,453605,499200,502502,344663,385030,242968,310854,71636,131036,177309,171823,294128,270265,328250,321579,403386,412788,465117,469665,328673,367000,233285,297717,68356,124239,3823514,3344575,512763,459820,808661,744600,205969,506,410
2021-08-03T23:59:59+02:00,25501,23536,244163,236298,355884,327835,376176,369812,442297,452944,498602,501968,344367,384730,242839,310676,71592,130968,173827,168379,290031,266626,323144,316971,400640,410228,462778,467562,327828,366133,232934,297247,68287,124099,3815534,3312473,512603,457944,808622,742526,204094,506,410
2021-08-02T23:59:59+02:00,25184,23229,243107,235333,355035,327079,375480,369211,441728,452400,498075,501517,344105,384456,242720,310521,71566,130909,170190,164784,285337,262667,317267,312014,397888,407675,460538,465569,327057,365299,232635,296847,68223,123980,3809172,3279011,512353,455956,808565,739998,202228,506,407
2021-08-01T23:59:59+02:00,25030,23040,242477,234727,354440,326572,375042,368821,441294,452080,497731,501239,343967,384292,242644,310403,71552,130882,168636,163334,282849,260671,312637,308295,396028,406099,459060,464321,326630,364814,232464,296630,68194,123921,3805509,3261116,512050,453811,808473,737551,200859,506,405
2021-07-31T23:59:59+02:00,24920,22935,242135,234407,354159,326348,374803,368653,441105,451927,497623,501139,343934,384254,242624,310390,71551,130876,164865,159492,280025,258127,310551,306296,394630,404815,457913,463333,326312,364438,232330,296456,68168,123875,3803898,3238201,511861,452873,808468,736760,200213,506,405
2021-07-30T23:59:59+02:00,24632,22676,241340,233692,353584,325815,374313,368186,440642,451523,497262,500847,343796,384113,242579,310311,71538,130860,161124,155724,276625,255015,307523,303476,392399,402697,456065,461748,325803,363905,232117,296163,68134,123816,3799816,3213111,511494,451668,808451,733565,198605,506,405
2021-07-29T23:59:59+02:00,24285,22335,239801,232422,352421,324734,373346,367276,439787,450730,496447,500219,343462,383801,242441,310128,71501,130793,156266,151244,271245,250833,301613,298693,388044,399202,453007,459335,324969,363059,231804,295751,68072,123717,3792231,3179179,510815,446809,808368,728457,195168,505,405
2021-07-28T23:59:59+02:00,23984,22048,238645,231380,351534,323890,372588,366585,439148,450064,495880,499729,343209,383502,242307,309942,71466,130720,152509,147599,266754,247169,297178,294740,384777,396342,450920,457487,324307,362300,231535,295365,68008,123592,3785471,3148455,510275,444888,808287,725820,193242,504,402
2021-07-27T23:59:59+02:00,23712,21824,237635,230404,350690,323148,371888,365994,438562,449449,495351,499270,342966,383197,242173,309747,71430,130621,147485,142471,260832,242025,291873,289978,380757,392638,447736,454670,323319,361196,231169,294858,67917,123434,3779174,3106849,509720,442562,808229,722077,191593,503,401
2021-07-26T23:59:59+02:00,23480,21585,236663,229427,349899,322446,371284,365440,438006,448958,494899,498900,342735,382957,242045,309590,71406,130563,143136,138079,255283,237238,286701,285501,376293,388679,444221,451642,322363,360232,230837,294378,67842,123297,3773494,3067425,509087,440304,808147,717726,190206,502,401
2021-07-25T23:59:59+02:00,23121,21284,235320,228270,348957,321680,370603,364780,437427,448418,494441,498496,342537,382744,241957,309459,71385,130499,141290,136329,252602,235024,284200,283400,374158,386904,442139,449858,321848,359718,230634,294149,67817,123221,3766427,3052448,508705,438110,808081,713372,188814,502,401
2021-07-24T23:59:59+02:00,22872,21087,234390,227409,348235,321029,370025,364252,436898,447979,494080,498218,342420,382646,241914,309397,71382,130488,138393,133530,249865,232702,281636,281183,371899,385046,440900,448870,321497,359381,230489,293970,67798,123187,3762406,3034099,507937,435098,808065,713031,186960,502,401
2021-07-23T23:59:59+02:00,22455,20700,232882,226069,346909,320090,368979,363389,436019,447189,493382,497683,342185,382374,241824,309284,71361,130452,132913,128684,244495,228400,277159,277395,368208,381849,438251,446672,320797,358659,230235,293659,67743,123106,3754937,2998572,507466,433324,808008,710893,183459,502,400
2021-07-22T23:59:59+02:00,21950,20223,230773,224089,345155,318546,367469,362091,434695,446039,492395,496778,341750,381921,241646,309033,71316,130370,128552,124621,238461,223865,270755,272291,361277,376314,432774,442162,319611,357401,229797,293128,67649,122953,3742446,2956283,505876,427331,807878,704574,180677,501,400
2021-07-21T23:59:59+02:00,21441,19704,228883,222270,343457,317017,365844,360513,433115,444646,491169,495608,341196,381394,241396,308747,71263,130273,124792,121048,233001,219619,265223,267763,353137,369382,428159,438420,318490,356248,229335,292561,67568,122774,3731420,2920762,502113,416439,807652,699787,177384,501,397
2021-07-20T23:59:59+02:00,21137,19425,227408,220795,342216,315841,364877,359636,432250,443849,490448,494958,340855,381022,241248,308524,71235,130184,120457,116810,226647,214443,259393,262579,346019,363278,423465,434105,317395,354993,228921,291976,67470,122590,3722070,2876974,501704,409220,807520,695396,175244,501,396
2021-07-19T23:59:59+02:00,20820,19127,225668,219099,340896,314587,363843,358658,431438,443070,489770,494337,340559,380660,241098,308291,71190,130086,117697,114209,222269,210849,254774,258621,342305,360099,420843,431925,316667,354265,228622,291584,67395,122466,3711462,2851912,501280,403841,807428,691072,173656,501,396
2021-07-18T23:59:59+02:00,20666,18995,224367,217824,339278,313154,362775,357735,430620,442347,489230,493793,340324,380374,240969,308111,71168,130024,116199,112823,219616,208669,252413,256524,340052,358250,418808,430231,316178,353777,228461,291367,67374,122399,3702010,2839629,500737,399564,807354,687374,172280,501,393
2021-07-17T23:59:59+02:00,20272,18573,223212,216767,338700,312613,362186,357221,430102,441897,488817,493502,340218,380257,240927,308056,71165,130014,114127,110722,217159,206366,249950,254330,337630,356117,417360,428968,315843,353387,228326,291199,67350,122359,3696440,2822131,500532,396843,807338,686587,170816,498,393
2021-07-16T23:59:59+02:00,19729,18060,220660,214617,336955,311312,360673,355925,428632,440689,487715,492637,339813,379885,240752,307897,71140,129977,111012,107922,212392,202434,245413,250694,333329,352418,414014,426246,314919,352456,227973,290782,67296,122277,3686205,2794447,499774,394487,807176,682773,164536,497,392
2021-07-15T23:59:59+02:00,19086,17434,217870,212185,335041,309602,359077,354480,427291,439496,486771,491782,339412,379457,240549,307639,71098,129872,107102,104708,204027,196188,237921,245086,326722,347180,406944,419803,313179,350643,227426,290112,67224,122077,3671105,2747893,499170,386020,807057,675349,161428,497,392
2021-07-14T23:59:59+02:00,18239,16708,215419,209853,333329,308055,357666,353132,426063,438289,485738,490823,338956,378996,240306,307327,71043,129784,103493,101370,197556,191030,232211,240417,322425,343702,402769,416174,311870,349331,227017,289554,67143,121923,3656115,2714284,498581,380485,806926,668546,158719,496,389
2021-07-13T23:59:59+02:00,17589,16051,213228,207824,331721,306679,356324,351906,424886,437195,484772,489962,338516,378522,240103,307080,71008,129691,99736,97831,191072,185630,225070,234351,315750,337636,394374,408316,310073,347403,226409,288759,67029,121721,3642258,2671481,498019,367805,806763,659074,156628,494,384
2021-07-12T23:59:59+02:00,16566,15118,209943,204639,329657,304944,354743,350434,423640,435989,483786,489056,338096,378047,239923,306848,70968,129614,96643,95108,185788,181331,218089,228670,308914,331600,389275,404039,308341,345538,225814,288024,66930,121551,3623751,2633181,497459,360660,806580,650655,154830,493,383
2021-07-11T23:59:59+02:00,16058,14643,208584,203366,328915,304230,354081,349807,423076,435484,483339,488714,337903,377843,239863,306741,70946,129574,95222,93822,183020,179023,215095,226378,306225,329447,386446,401648,305872,342909,225433,287554,66876,121453,3617507,2618197,496818,358668,806450,640164,153003,489,382
2021-07-10T23:59:59+02:00,15584,14184,206736,201584,327450,302969,352939,348829,422349,434889,482864,488313,337733,377678,239797,306655,70936,129554,93920,92550,180488,176910,212060,223893,303701,327285,385281,400611,305223,342238,225253,287365,66860,121426,3608912,2601385,496180,358438,806212,638412,150345,488,382
2021-07-09T23:59:59+02:00,15261,13905,204831,199742,325840,301516,351866,347866,421444,434176,482291,487836,337527,377455,239700,306534,70920,129520,91131,89824,176958,173684,207715,219745,298677,322682,381838,397629,304124,341011,224950,286996,66823,121361,3599758,2572391,495315,356377,806013,630816,147743,488,381
2021-07-08T23:59:59+02:00,14793,13476,201330,196749,322517,298843,349481,345875,419730,432723,480853,486765,337086,377012,239520,306285,70875,129443,86824,86059,169716,168027,199576,213344,291302,316571,374891,391421,301408,338096,224173,286059,66706,121101,3584364,2526196,491257,347712,805489,620456,142841,487,381
2021-07-07T23:59:59+02:00,14292,13023,197586,192879,319340,295980,347157,343823,418167,431246,479654,485660,336609,376443,239328,306011,70837,129337,83140,82610,162419,162320,190534,206168,283324,310005,367861,384607,298100,334489,223268,284957,66567,120854,3563030,2478229,489891,334280,805099,610467,139943,484,379
2021-07-06T23:59:59+02:00,13832,12651,194142,189495,316078,293241,344671,341528,416444,429679,478383,484519,336107,375884,239129,305719,70784,129251,79564,79030,155739,156805,183119,199959,274384,302046,361370,378514,294900,331243,222381,283866,66458,120622,3543125,2425705,486824,327298,804675,600944,137500,481,379
2021-07-05T23:59:59+02:00,13434,12313,189756,185252,312036,289901,342156,339191,414771,428134,477239,483443,335630,375366,238953,305473,70751,129165,76505,76209,150619,152719,178355,195830,267471,295776,355260,372973,291625,327796,221494,282747,66349,120453,3520278,2386650,485664,322803,804179,590579,133423,479,377
2021-07-04T23:59:59+02:00,13257,12156,185915,181384,309397,287872,340841,338118,413887,427355,476657,482954,335404,375113,238863,305348,70725,129111,74305,74322,147510,150140,176003,193745,264990,293662,352119,370754,288317,324390,220913,282075,66294,120333,3508031,2372598,484372,320507,803606,579054,128925,478,375
2021-07-03T23:59:59+02:00,12062,11101,179481,175384,305134,284411,338513,335947,412070,425546,475442,481894,335004,374667,238688,305101,70701,129068,72524,72747,145086,148262,173565,191663,261929,290936,349836,368897,286566,322408,220645,281713,66262,120284,3481652,2356873,482968,320307,803421,574564,122737,478,375
2021-07-02T23:59:59+02:00,10964,10008,175767,171923,302721,282213,336765,334239,410815,424354,474666,481205,334743,374352,238573,304920,70673,129020,69829,70063,141165,144975,169132,187623,255874,285493,344615,364190,283312,318682,220005,280942,66214,120200,3463541,2323682,481486,317521,803233,561974,120219,477,356
2021-07-01T23:59:59+02:00,9868,9077,172099,168484,298679,278922,334269,331967,409016,422774,473564,480240,334323,373889,238372,304648,70626,128941,64947,65345,134856,139649,161847,181113,245622,276635,333816,354409,278526,313408,218152,278688,66035,119887,3440972,2267375,479387,305171,802883,544241,117071,477,352
2021-06-30T23:59:59+02:00,9378,8684,168831,165406,293058,274291,330595,328624,407243,421232,472536,479270,333898,373404,238181,304347,70592,128852,61819,62503,129217,134965,155203,175109,235575,267487,320409,341129,273314,307858,216260,276366,65867,119567,3415851,2212369,477219,292353,802586,525380,113317,476,351
2021-06-29T23:59:59+02:00,8842,8160,165036,161632,288518,270030,327034,325322,405139,419148,470990,477854,333307,372762,237928,303991,70537,128743,59031,59512,124271,130562,149184,169585,223722,256798,311857,332773,266852,300666,214289,273910,65664,119221,3388325,2153148,475222,287695,802256,507976,109715,475,348
2021-06-28T23:59:59+02:00,8437,7780,161718,158175,283486,265711,323724,322466,402995,417218,469499,476539,332786,372148,237694,303679,70493,128649,56761,57167,120377,127054,144839,165501,214492,248387,306068,327372,261899,295363,212525,271674,65517,118953,3364386,2117445,471238,279085,801598,491433,106509,475,345
2021-06-27T23:59:59+02:00,8289,7657,160214,156651,281381,263902,321919,320929,401297,415856,468603,475823,332493,371855,237591,303517,70474,128600,55563,56058,118256,125342,142274,163374,210385,245002,302708,324517,258094,291359,210067,268761,65406,118765,3354375,2102005,469159,275602,800545,475291,103506,475,345
2021-06-26T23:59:59+02:00,7134,6560,156949,153307,279273,262017,319507,318694,400106,414704,467902,475122,332223,371571,237484,303359,70450,128570,55013,55473,116923,124192,140852,162138,208139,242998,300177,322104,256560,289700,209734,268351,65379,118695,3335241,2085222,466338,275514,800539,472794,103373,444,318
2021-06-25T23:59:59+02:00,5911,5444,152636,149024,275878,259059,317444,316728,398792,413456,466900,474297,331934,371237,237356,303203,70422,128520,53725,53847,114450,121496,136772,157571,199378,234546,294493,316232,254835,287579,209144,267549,65308,118577,3310263,2042732,464905,273822,800482,466213,103148,444,318
2021-06-24T23:59:59+02:00,5057,4657,148188,144890,271060,255116,313166,312947,396603,411582,465521,473161,331510,370771,237187,302965,70388,128433,51080,51256,109339,116782,129451,150936,187341,224096,283073,306001,249454,281739,207309,265204,65105,118177,3279068,1980704,462901,262060,800311,452453,101474,443,317
2021-06-23T23:59:59+02:00,4836,4450,145023,141775,267361,251959,307920,308142,394103,409234,464111,471841,330983,370148,236957,302653,70340,128326,49139,49174,105543,112871,123784,145262,177450,215432,271110,294019,244845,276929,205976,263503,64944,117817,3251494,1924422,459372,252205,800149,441753,99698,441,316
2021-06-22T23:59:59+02:00,4586,4221,141947,138647,263648,248580,301795,302707,391465,406673,462566,470356,330435,369539,236737,302300,70292,128219,47450,47436,101938,109570,118992,140687,164865,204292,260206,283725,240780,272459,204055,261092,64692,117346,3219423,1866105,457443,244491,799959,430788,98429,439,308
2021-06-21T23:59:59+02:00,4327,3976,138681,135705,258945,244683,296545,297834,388424,403803,461093,469001,329917,368978,236511,301983,70251,128106,46216,46207,99555,107351,116254,137982,158646,198520,253321,277081,235418,266622,200118,256573,64505,116969,3187692,1835117,455400,238973,799742,410992,96463,438,308
2021-06-20T23:59:59+02:00,4183,3858,137174,134199,254710,241201,293966,295594,387030,402488,460300,468256,329692,368695,236399,301850,70231,128044,45095,45289,97298,105565,113985,135998,155617,195986,249016,273014,232418,263095,199131,255319,64424,116843,3170246,1814815,453636,235422,799586,403128,94929,438,300
2021-06-19T23:59:59+02:00,3766,3507,135026,132101,251956,238877,292185,293946,385189,400919,459458,467527,329469,368442,236295,301710,70210,128012,44556,44640,96028,104309,112515,134535,154115,194550,245798,269998,231701,262248,198960,255056,64402,116790,3153895,1798872,450815,233844,799576,402849,94829,438,299
2021-06-18T23:59:59+02:00,2817,2593,131744,128959,248431,235830,288168,290534,382789,398793,458120,466365,329093,368041,236140,301474,70183,127963,43768,43723,94447,102527,110225,131865,150563,190515,238936,262720,229980,260245,198475,254417,64327,116656,3128083,1769568,446374,233309,799547,396142,94552,437,299
2021-06-17T23:59:59+02:00,2583,2370,128012,125651,242377,231371,282924,286102,377959,394767,455772,464520,328493,367317,235895,301115,70118,127849,41527,41897,90394,99052,105333,127117,142698,182838,227546,251337,224776,254313,196824,252260,64067,116237,3093028,1713912,443389,229169,799286,385233,90084,360,291
2021-06-16T23:59:59+02:00,2312,2136,124777,122240,237478,227028,278224,281831,372782,390265,453171,462373,327745,366513,235604,300701,70052,127735,39698,40299,86856,96024,100986,123293,134470,175500,215445,239431,218551,247210,194903,249934,63815,115749,3059467,1654160,437848,223567,798769,377141,87471,358,290
2021-06-15T23:59:59+02:00,1925,1803,119858,117370,231496,221879,272871,276836,367716,385628,450316,459951,326872,365535,235251,300186,69970,127550,38078,38691,83535,92979,97019,119241,127420,169128,203099,227406,212525,240421,192941,247506,63504,115179,3014714,1596894,435919,217730,798199,369462,84755,358,287
2021-06-14T23:59:59+02:00,1663,1528,115793,113204,226260,216963,267502,271857,362423,380875,447197,457352,326087,364676,234938,299797,69908,127430,37098,37802,81253,90889,94309,116723,123311,165380,196498,220907,209408,236906,191805,246033,63285,114789,2972516,1567306,433564,215454,797938,361793,82002,356,286
2021-06-13T23:59:59+02:00,1589,1443,114296,111827,223812,214860,264958,269594,360165,378915,446023,456323,325811,364369,234802,299624,69876,127355,36234,37070,79395,89219,92298,114908,120482,162779,192628,217200,206323,233470,190774,244662,63053,114378,2957513,1553315,431120,208187,797630,353581,79942,356,284
2021-06-12T23:59:59+02:00,1438,1306,111644,109082,221918,213129,263574,268319,358729,377515,445125,455554,325524,364059,234710,299521,69858,127327,35865,36666,78409,88125,91047,113613,118905,161220,189066,213898,205284,232343,189372,243003,63043,114346,2941335,1540165,430141,208178,797607,346196,79811,355,283
2021-06-11T23:59:59+02:00,1290,1170,109103,106566,219024,210505,259906,265126,355593,374781,443407,454077,325086,363608,234573,299313,69831,127272,35189,35555,76402,84748,88812,110082,114801,156070,182369,206447,203183,229973,188768,242233,62981,114247,2916906,1512672,427343,207481,797419,332729,79119,355,282
2021-06-10T23:59:59+02:00,1127,1016,104338,102158,212946,205738,252848,259300,349496,369480,438899,450302,324224,362634,234250,298864,69747,127119,33607,34071,72399,80573,83889,104581,108129,147861,170029,192797,197109,223086,187037,240092,62728,113843,2873245,1465559,420233,205736,796567,305694,74977,353,277
2021-06-09T23:59:59+02:00,979,885,100415,98448,206974,201000,246028,253582,342832,363526,435218,447272,323543,361884,233979,298481,69682,126986,32074,32813,69166,77925,80190,101413,103406,143584,158882,182039,186487,211096,185175,237846,62455,113348,2834199,1411530,411689,201758,796051,294419,70325,330,273
2021-06-08T23:59:59+02:00,796,704,95883,93898,200339,195433,239065,247564,334578,356248,430106,442592,322700,360872,233605,297994,69601,126849,30999,31954,66579,75625,76907,98687,98827,139663,151286,174550,177777,201385,183368,235600,62221,112981,2782179,1372347,405921,196839,795457,283552,65804,330,261
2021-06-07T23:59:59+02:00,638,562,92665,90795,194274,190725,232502,242319,326738,350068,427054,440135,322151,360235,233386,297666,69547,126753,30130,31108,64115,73669,73954,96530,95060,136725,143203,166758,173728,196765,181938,233786,61998,112598,2743151,1345235,399752,193545,794863,272436,60973,328,260
2021-06-06T23:59:59+02:00,600,526,91090,89478,190986,188178,229147,239542,322453,346664,425614,439051,321879,359939,233278,297508,69523,126706,29528,30552,62343,71988,71874,94519,91867,133657,137512,160961,171188,194131,180828,232384,61767,112218,2727724,1333376,392354,183852,794378,261983,58225,326,259
2021-06-05T23:59:59+02:00,520,446,89145,87460,186115,183957,226682,237408,320636,345037,424614,438133,321593,359620,233130,297339,69509,126674,29073,29796,61142,70037,70477,92371,90191,131388,132754,155630,168181,190461,180342,231726,61733,112152,2704234,1309751,392221,183385,794235,256587,57842,325,258
2021-06-04T23:59:59+02:00,420,361,86791,84930,182451,180348,222674,233459,317042,341396,422248,435938,321134,359083,232933,297109,69471,126610,28606,29124,60023,68384,69197,90291,88399,128771,129386,151970,163947,185691,179349,230459,61685,112065,2674965,1290920,388396,182610,794114,246499,57427,325,257
2021-06-03T23:59:59+02:00,327,287,83496,81858,176716,175676,215408,227360,309326,334692,414487,429076,320097,357897,232562,296655,69415,126476,27715,28112,58129,66192,66801,87542,84764,124654,122624,145298,157593,178081,177775,228430,61572,111829,2625978,1261703,378144,177283,793686,233739,54491,323,251
2021-06-02T23:59:59+02:00,276,228,81416,79688,172632,171950,211762,224201,305741,331343,412440,427241,319688,357440,232408,296447,69387,126425,27248,27634,57002,65076,65205,86269,82703,122714,117647,140410,149706,169110,177054,227474,61487,111660,2597181,1229474,376758,175312,793657,230118,53596,320,245
2021-06-01T23:59:59+02:00,177,160,77149,75862,164339,165381,202388,216450,296635,323456,404233,419396,318170,355820,231864,295702,69272,126194,25697,26218,52690,62122,60365,82978,77281,118208,110215,133192,138601,155698,174951,224741,61279,111236,2538404,1179329,365100,171200,792889,218319,46714,318,240
2021-05-31T23:59:59+02:00,155,143,74400,73376,158673,161059,195071,210470,289239,317069,398481,414426,317167,354706,231474,295175,69182,126023,24783,25158,50064,59900,57194,80436,73676,114928,105709,128742,134448,150787,173579,223016,61109,110904,2497934,1156892,355701,168861,792242,207902,40861,317,238
2021-05-30T23:59:59+02:00,143,135,73335,72290,156181,159002,192424,208073,286424,314499,396558,412667,316800,354279,231313,294931,69144,125942,24179,24369,48472,58170,55452,78580,71445,112360,103047,125874,132289,148261,172785,222078,61015,110693,2481815,1147118,353179,167551,791605,196496,37986,316,234
2021-05-29T23:59:59+02:00,140,133,72725,71697,154670,157600,190123,206042,284584,312911,395720,411894,316579,354034,231233,294851,69133,125923,23856,23844,47552,56672,54111,76702,69519,109510,100729,123073,129483,144836,172133,221170,60988,110641,2467914,1133498,353017,167485,791538,185950,37966,316,233
2021-05-28T23:59:59+02:00,136,130,71633,70580,152276,155340,186460,202500,281313,309773,393860,410124,316166,353530,231084,294635,69114,125866,23325,22842,45945,54546,52282,74138,67474,105548,96399,117173,125104,139779,171158,219861,60941,110527,2444077,1110868,351966,167272,791325,171392,37587,315,230
2021-05-27T23:59:59+02:00,125,120,68318,67562,145788,150399,178265,196243,274917,304608,387539,404435,314896,352073,230617,294101,69042,125681,22003,21155,42689,51496,48400,70316,62919,99530,90036,109655,121170,135153,168359,216158,60768,110213,2399454,1082417,344337,164529,789499,151287,31859,315,224
2021-05-26T23:59:59+02:00,121,117,66161,65383,140829,146313,172161,191170,268162,298935,380789,397730,313371,350460,230126,293397,68939,125468,21260,20238,40865,49357,46045,67582,59879,95734,85438,104534,116184,129428,164566,210820,60558,109785,2362112,1050475,331131,162951,787673,139792,29125,314,223
2021-05-25T23:59:59+02:00,120,110,64130,63390,136620,142821,167103,186876,261092,292651,375364,392340,312071,349031,229711,292747,68855,125290,20681,19573,39463,47838,44209,65566,57400,92732,81352,100158,111246,123739,159029,203574,60386,109478,2324497,1018932,323614,159527,785128,130551,27488,310,217
2021-05-24T23:59:59+02:00,117,108,62886,62175,133863,140711,163819,184462,254136,286660,370430,387656,311240,348110,229423,292359,68783,125160,20339,19167,38444,46764,42862,64077,55722,90717,79116,97645,109819,122082,158421,202782,60273,109276,2300741,1009563,312494,158224,783322,123856,25940,309,213
2021-05-23T23:59:59+02:00,112,108,62388,61659,132763,139815,162623,183427,252892,285639,368843,386225,310620,347450,229250,292131,68763,125124,20107,18980,37893,46208,42105,63373,54555,89718,77626,96279,108642,120684,157443,201560,60202,109134,2289233,1001372,311906,155141,783278,122260,25812,309,211
2021-05-22T23:59:59+02:00,109,106,61692,61038,131274,138743,160247,181803,249922,283351,366362,384000,310088,346856,229073,291865,68736,125074,19788,18560,37282,45606,41464,62841,53899,88991,76855,95133,107092,118880,156670,200591,60175,109080,2271255,994666,311891,155137,783236,118828,24348,309,211
2021-05-21T23:59:59+02:00,105,102,60360,59595,128364,136145,156958,178481,244681,278585,360264,378311,309154,345761,228777,291467,68675,124966,19427,18193,36668,44836,40812,61788,52946,87596,75131,92829,103849,114928,155530,199140,60083,108905,2235165,981634,310250,154811,781658,112225,24064,306,209
2021-05-20T23:59:59+02:00,98,100,57308,56799,122621,131265,150021,172165,234359,269826,351228,370020,306613,343012,228010,290454,68543,124746,18129,17257,34487,42589,38357,58886,50128,83820,71196,88330,99723,110278,153069,196126,59901,108549,2177119,962327,303586,152860,775690,94538,21165,298,209
2021-05-19T23:59:59+02:00,97,98,55093,54606,117612,126583,142846,165546,223813,260465,340670,359108,303966,340139,227259,289400,68392,124469,17548,16469,33261,41000,36948,56824,48115,81038,67952,84749,95837,105796,149443,191397,59639,108058,2111154,938908,297329,150879,772698,85025,19334,297,195
2021-05-18T23:59:59+02:00,92,93,52994,52643,112822,122323,136463,159971,212238,250090,330785,349308,301293,337167,226373,288195,68240,124215,17029,15864,32048,39537,35592,55028,46305,78627,65062,81519,91831,101263,146249,187337,59426,107623,2051248,918667,287956,148021,769098,76368,17350,292,195
2021-05-17T23:59:59+02:00,89,90,51960,51650,110486,120265,133644,157314,205710,244069,323205,342221,299496,335193,225782,287371,68133,124002,16573,15415,30996,38491,34420,53738,44823,76825,62799,79123,86992,95395,144785,185450,59275,107308,2024424,906961,275645,140550,765667,69675,15286,290,192
2021-05-16T23:59:59+02:00,88,87,51172,50993,109042,118939,131903,155651,202738,241385,315770,335262,298476,334061,225472,286884,68081,123904,16289,15040,30246,37709,33547,52817,43755,75512,61466,77648,83573,91317,143993,184372,59188,107168,2009087,900875,265210,133769,762418,65528,13531,288,188
2021-05-15T23:59:59+02:00,88,87,50633,50359,108043,117951,130890,154539,200803,239450,312199,332052,297854,333374,225276,286613,68061,123840,16149,14876,29992,37402,33262,52386,43267,74865,60615,76666,82976,90500,143477,183704,59152,107121,1992888,895634,265191,133622,761547,64397,12821,286,187
2021-05-14T23:59:59+02:00,87,87,49372,48934,105786,115851,127299,151085,192594,232378,305881,326166,296874,332235,224991,286164,68014,123745,15651,14446,29206,36582,32492,51194,42188,73081,59050,74711,81072,88013,142863,182717,59112,107035,1955614,885981,263490,132749,756988,58971,11774,284,186
2021-05-13T23:59:59+02:00,83,86,47451,46987,101941,112620,122590,146970,182567,223793,295267,316343,293903,328810,224180,285022,67914,123538,14786,13999,28350,35885,31730,50292,41241,71986,57541,73144,77291,83658,140098,179107,59002,106819,1903991,873423,254877,125693,750750,55115,10757,280,183
2021-05-12T23:59:59+02:00,81,84,46537,46280,100022,111190,120527,145311,180019,221684,290532,311015,292738,327542,223940,284701,67876,123453,14621,13849,28030,35666,31328,50002,40794,71611,57000,72577,75947,82032,139319,177973,58916,106659,1880913,867681,252712,123900,750261,54844,9957,274,182
2021-05-11T23:59:59+02:00,77,78,44288,44804,95993,108112,114721,140582,166647,210410,278883,300254,289336,323631,222983,283296,67726,123153,14193,13281,27020,34238,30194,48194,39488,69332,55280,70310,72858,78444,137963,176139,58757,106300,1822044,855390,243008,121206,741745,46972,8479,270,179
2021-05-10T23:59:59+02:00,76,74,43036,43829,93391,106104,111461,137950,158259,203382,271004,293147,287157,321181,222409,282433,67602,122911,13851,12837,26257,33252,29398,46934,38491,67474,54051,68578,70769,75887,136816,174629,58637,106011,1786477,846518,236963,120153,734762,39760,7503,266,171
2021-05-09T23:59:59+02:00,75,74,41913,43058,90708,104348,108795,136181,153250,199962,265479,288199,285918,319796,222032,281904,67536,122765,13536,12619,25562,32582,28662,46130,37695,66512,53113,67630,69537,74485,136218,173794,58582,105880,1767151,841935,229860,119172,728765,34977,6513,262,169
2021-05-08T23:59:59+02:00,74,74,41622,42756,89863,103619,107701,135325,151802,198747,262919,286134,285417,319254,221913,281725,67520,122733,13434,12558,25434,32489,28517,46001,37506,66317,52773,67312,68570,73560,135149,172430,58535,105787,1755116,837322,229349,118425,728542,34199,6500,243,153
2021-05-07T23:59:59+02:00,72,73,40697,42039,87929,102281,104874,133114,147177,194939,256665,280625,284078,317654,221565,281267,67467,122610,12687,12075,24608,31751,27751,44938,36642,65054,51585,65798,66321,70875,132923,169609,58445,105609,1729331,827651,226139,116154,724415,27395,5545,240,150
2021-05-06T23:59:59+02:00,68,72,38050,40314,83175,98824,98879,128356,136986,186423,240206,266207,278950,311857,220280,279578,67292,122293,11999,11558,23666,30644,26753,43588,35284,63050,49847,63820,63831,67748,130810,166844,58330,105391,1663739,816553,216222,113040,713512,19013,4630,228,149
2021-05-05T23:59:59+02:00,66,69,36162,39116,79513,96237,94274,124708,129158,179889,225441,252158,272762,304710,218704,277584,67046,121770,11764,11283,23126,29918,26150,42665,34358,61650,48694,62408,61217,64638,127865,163144,58232,105140,1597493,804273,211144,109470,707460,15029,3555,228,145
2021-05-04T23:59:59+02:00,66,67,35058,38008,76789,93915,90768,121665,123592,175153,214814,241876,267268,298261,217261,275738,66837,121301,11602,11079,22720,29377,25692,41889,33638,60560,47582,61132,58498,61457,125498,160211,58082,104904,1548415,792386,206024,106832,701378,11878,2901,226,143
2021-05-03T23:59:59+02:00,65,65,34188,36953,74496,92096,87891,119311,119150,171505,208149,235867,263985,294387,216458,274646,66716,121005,11355,10806,22326,28798,25208,41188,32951,59593,46559,59990,55713,58117,121722,155313,57825,104467,1516616,776534,202912,105117,696437,9116,1241,224,140
2021-05-02T23:59:59+02:00,65,65,33836,36634,73320,91193,86420,118217,116722,169638,205047,233353,263024,293296,216169,274231,66647,120896,11283,10734,22136,28585,24978,40901,32609,59187,46105,59514,54521,56654,118655,151627,57741,104336,1505996,771511,200113,99552,692561,8212,371,223,136
2021-05-01T23:59:59+02:00,64,65,33519,36260,72558,90399,85346,117176,115251,168274,201960,230321,262334,292472,215959,273951,66636,120857,11269,10718,22083,28555,24918,40863,32547,59130,46021,59438,54279,56362,118496,151431,57732,104319,1490898,770201,200106,99512,692296,8163,365,222,136
2021-04-30T23:59:59+02:00,61,63,32975,35660,71348,89176,83885,115444,111471,164705,194560,223199,260340,290104,215511,273343,66576,120751,10947,10523,21721,28276,24641,40438,32222,58566,45558,58803,53381,55197,117544,150244,57677,104199,1457990,766520,199780,97520,691496,5815,166,219,132
2021-04-29T23:59:59+02:00,59,61,31475,34712,68423,87147,80247,112841,106355,160592,181739,211650,252404,280998,214313,271710,66441,120405,10641,10309,21244,27828,24210,39938,31635,57823,44749,57869,51545,53003,115696,148007,57577,104004,1403067,757683,192501,94837,686121,3496,145,210,130
2021-04-28T23:59:59+02:00,58,59,30238,34100,66553,85836,77765,111019,102925,157737,172049,202480,241544,268395,213033,270024,66244,120078,10456,10150,20945,27475,23846,39468,31211,57166,44022,57042,49419,50385,113114,144771,57454,103791,1350409,748130,189134,90284,680743,2270,115,203,126
2021-04-27T23:59:59+02:00,55,58,29479,33416,64977,84372,75754,109210,100166,155337,167324,197753,233041,258583,211883,268408,66124,119855,10331,10039,20664,27186,23610,39134,30850,56670,43338,56350,47414,47839,110475,141339,57337,103591,1316372,738322,186826,86272,672745,1548,114,197,121
2021-04-26T23:59:59+02:00,54,58,29050,33031,63875,83489,74253,108044,97881,153624,158701,189735,228852,253739,211173,267411,66031,119655,10236,9950,20449,26999,23374,38916,30554,56331,42718,55771,45607,45688,108580,138854,57241,103437,1287409,730349,185381,83168,666015,1167,110,193,119
2021-04-25T23:59:59+02:00,54,57,28798,32791,63100,82966,73190,107308,96152,152395,153313,184861,224514,248853,210583,266631,65964,119532,10181,9916,20371,26923,23288,38834,30443,56205,42558,55612,45195,45193,107899,137947,57213,103366,1274642,728688,179236,81405,657332,1036,107,192,116
2021-04-24T23:59:59+02:00,54,56,28456,32365,62161,81743,72004,105862,94604,150737,148408,179715,221726,245520,210113,265957,65930,119482,10166,9898,20330,26881,23235,38768,30362,56119,42409,55475,44950,44884,107649,137653,57192,103338,1249780,727601,179207,80704,656050,992,106,192,113
2021-04-23T23:59:59+02:00,52,56,27710,31740,60591,80234,70213,103843,92007,148093,143627,175319,217173,239974,209457,264968,65867,119367,10113,9835,20221,26795,23104,38618,30127,55910,42045,55142,44332,44127,106587,136367,57036,103063,1224903,724250,178026,78225,647501,940,105,189,108
2021-04-22T23:59:59+02:00,50,55,27095,31140,59054,78797,67747,101626,87883,144601,135585,167829,208132,228964,207414,262335,65668,118968,9988,9739,19971,26496,22749,38184,29611,55396,41288,54502,43163,42803,104595,133918,56807,102665,1183351,716771,170575,74282,639156,816,105,184,106
2021-04-21T23:59:59+02:00,50,53,26602,30618,57727,77693,65863,99993,84840,141961,128395,161009,195052,213616,205263,259446,65442,118541,9857,9653,19740,26247,22462,37859,29258,54946,40735,53971,42315,41784,102407,131134,56552,102254,1131841,710225,167690,70200,632774,744,105,177,105
2021-04-20T23:59:59+02:00,49,52,26177,30147,56567,76549,64187,98412,82292,139385,123310,155940,183573,200155,202833,256306,65203,118110,9754,9562,19521,26059,22169,37590,28847,54534,40195,53438,41499,40851,100189,128145,56213,101717,1089184,702676,164205,66948,625999,664,103,175,97
2021-04-19T23:59:59+02:00,49,51,25810,29790,55595,75727,62900,97233,80165,137457,119787,152553,177818,193309,201124,254066,65017,117776,9644,9469,19289,25839,21924,37316,28531,54142,39682,52909,40702,39940,97089,124178,55808,101004,1064607,692324,162373,64523,619391,625,102,169,97
2021-04-18T23:59:59+02:00,48,46,25502,29530,54825,75182,61775,96284,78307,136027,116422,150157,172708,187751,200113,252834,64905,117582,9570,9394,19100,25665,21747,37148,28313,53862,39422,52655,40372,39550,95873,122631,55625,100704,1050604,688439,160703,62588,608829,610,102,167,96
2021-04-17T23:59:59+02:00,47,45,25393,29438,54453,74986,61259,95930,77653,135427,115576,149415,168454,182862,199578,252108,64871,117517,9525,9335,18962,25478,21558,36918,28086,53586,39157,52386,40071,39228,95109,121703,55560,100620,1039715,684417,160675,62273,604759,598,102,167,96
2021-04-16T23:59:59+02:00,47,45,25019,29190,53463,74376,59971,95050,76027,134095,111425,145269,160805,174082,197921,249902,64762,117308,9317,9160,18567,25047,20977,36342,26973,52681,37130,50781,36748,36288,91915,118174,55157,99965,1013781,669318,159883,55347,595228,563,102,166,94
2021-04-15T23:59:59+02:00,43,41,24542,28737,52207,73207,58006,93320,72753,131249,105953,139978,152930,165095,193263,244026,64464,116688,9143,8997,18198,24622,20484,35681,26293,51886,35736,49549,34632,34241,88798,114436,54649,99107,981532,656199,157826,49750,577277,511,101,164,92
2021-04-14T23:59:59+02:00,41,37,24201,28412,51270,72266,56665,91927,70364,129086,101956,136207,143724,154703,185521,234135,64121,116020,8736,8724,17724,24114,19947,35036,25378,51007,34445,48426,32584,32081,85815,110789,54158,98246,943641,641293,155151,45515,561998,412,100,159,91
2021-04-13T23:59:59+02:00,41,37,23964,28195,50570,71728,55721,91098,68729,127673,98224,132768,131881,141570,179123,225798,63783,115431,8501,8552,17378,23708,19526,34495,24711,50212,33377,47409,31199,30716,83658,108406,53801,97702,910350,631955,150630,41118,545488,289,100,157,89
2021-04-12T23:59:59+02:00,40,36,23755,28006,50014,71214,54854,90365,67260,126383,95591,130440,124760,133527,175892,221843,63511,114940,8264,8365,17014,23410,19155,34059,24238,49675,32709,46783,29668,29174,81995,106463,53475,97181,893917,623505,149085,37859,529564,275,98,154,87
2021-04-11T23:59:59+02:00,39,36,23580,27844,49488,70790,54122,89908,66113,125578,93729,128959,119265,127509,171971,217234,63341,114642,8130,8230,16717,23130,18837,33749,23879,49294,32260,46395,29030,28505,80974,105214,53266,96861,886432,618201,144670,36030,513185,257,93,152,84
2021-04-10T23:59:59+02:00,39,36,23519,27786,49321,70653,53922,89749,65783,125308,93203,128522,117180,124980,170530,215383,63299,114542,7541,7624,15826,22341,17873,32904,22755,48256,31149,45397,28366,27791,78879,102607,52999,96425,879431,602850,143813,35648,510653,252,88,152,84
2021-04-09T23:59:59+02:00,38,36,23271,27536,48819,70162,53281,89064,64784,124184,91375,126610,108338,114025,167141,210974,63100,114184,6581,6723,14294,21012,16140,31335,20608,46285,28931,43381,26579,25965,75373,98427,52453,95585,859993,575318,136747,34133,500330,240,80,145,78
2021-04-08T23:59:59+02:00,38,36,22974,27290,48239,69671,52523,88359,63473,123097,88949,124440,98015,102015,161582,204101,62759,113601,5935,6130,13105,19992,14878,29992,18967,44560,26423,41037,23545,22983,70713,92644,51308,93835,841246,543671,127828,32189,482246,210,70,143,78
2021-04-07T23:59:59+02:00,36,35,22661,27065,47435,69214,51596,87745,62082,122112,85803,121992,88820,91702,154569,195305,62465,113039,5555,5805,12442,19318,14059,29163,17921,43508,24508,39137,21005,20455,66752,87873,50312,92219,820816,520173,122227,29705,460797,180,63,139,76
2021-04-06T23:59:59+02:00,35,35,22448,26904,46905,68833,51005,87221,61049,121336,83689,120244,81053,82887,148204,187337,62122,112410,5361,5646,12089,18961,13706,28730,17384,42943,23642,38326,19877,19423,63589,83774,49388,90836,801532,506786,119010,26755,443342,168,58,135,73
2021-04-05T23:59:59+02:00,35,34,22349,26779,46594,68487,50618,86819,60502,120644,82503,119089,76570,77786,143190,181227,61921,112094,5222,5507,11826,18709,13412,28418,17061,42570,23197,37865,19413,18952,60702,80217,48689,89769,792079,497440,117255,23961,428074,163,55,133,73
2021-04-04T23:59:59+02:00,35,34,22301,26720,46473,68219,50448,86504,60220,120141,81993,118457,75124,76078,142484,180253,61884,112012,5218,5500,11808,18696,13400,28402,17042,42553,23099,37793,19006,18629,59264,78369,48482,89458,789536,492644,117147,23959,422871,156,51,130,71
2021-04-03T23:59:59+02:00,35,34,22239,26639,46350,68110,50284,86329,59904,119828,81424,117876,73778,74442,141366,178716,61801,111863,5209,5491,11795,18678,13377,28382,17008,42506,22993,37719,18869,18478,58913,77807,48393,89311,783164,490855,117105,23959,420923,156,50,129,71
2021-04-02T23:59:59+02:00,35,34,22161,26556,46190,67944,50065,86080,59434,119377,80545,117061,72222,72555,139084,175729,61604,111503,5190,5453,11747,18635,13321,28299,16919,42357,22718,37241,18510,18113,56567,74915,47577,88205,774034,482353,115330,23303,418993,156,46,126,69
2021-04-01T23:59:59+02:00,32,32,21966,26352,45772,67422,49417,85336,58557,118434,78654,115384,68949,69118,134985,170532,61278,110920,5043,5309,11475,18370,13098,28063,16596,42048,22213,36797,17690,17368,51713,68874,45897,85746,762321,464274,109219,21932,411781,143,41,123,68
2021-03-31T23:59:59+02:00,32,32,21639,26134,45370,66897,48918,84685,57822,117494,77492,114140,66899,66796,130218,164409,60873,110189,4965,5258,11376,18248,12937,27912,16355,41777,21618,36285,16558,16463,46489,62445,44514,83760,752525,445895,102047,20985,405655,139,36,120,62
2021-03-30T23:59:59+02:00,32,31,21461,25911,44968,66278,48411,83886,57110,116441,76352,112760,65054,64768,125829,158651,60404,109288,4898,5173,11272,18122,12745,27722,16027,41452,21041,35735,15725,15660,43723,59028,43396,81958,742314,434008,97812,19620,397704,110,32,115,61
2021-03-29T23:59:59+02:00,31,31,21263,25673,44507,65728,47934,83193,56373,115361,75120,111325,62563,62013,119073,150000,59632,107892,4801,5100,11167,18008,12591,27556,15780,41129,20584,35266,15073,15119,41135,56042,42288,80136,721740,422802,94380,18941,391788,95,30,114,60
2021-03-28T23:59:59+02:00,31,31,21056,25381,44007,65041,47417,82451,55692,114353,74178,110217,61300,60576,114360,144014,59188,107134,4746,5041,11022,17861,12332,27256,15588,40882,20416,35033,14833,14875,40053,54620,41940,79597,715192,418477,87057,17611,384374,73,30,113,57
2021-03-27T23:59:59+01:00,31,31,20936,25224,43715,64675,47049,81922,55191,113663,73503,109478,60139,59489,112873,142298,59121,107052,4733,5029,10995,17842,12314,27226,15227,40453,20016,34597,14540,14663,39566,53931,41465,78779,709897,414418,86354,16956,380332,68,30,113,57
2021-03-26T23:59:59+01:00,31,30,20683,24710,42909,62966,46077,79895,53849,110630,71483,105850,58116,57597,110115,139050,58792,106533,4714,4996,10971,17790,12244,27134,15149,40343,19675,34001,14069,14011,36492,50089,39407,75532,698461,399891,83032,16737,368015,55,27,112,57
2021-03-25T23:59:59+01:00,31,28,20251,24037,42035,61198,44979,77340,52334,107096,69087,102076,55517,54957,106802,135075,58221,105538,4668,4940,10880,17687,12122,26988,14965,40122,19398,33694,13592,13520,32635,45034,36409,70993,687016,381524,78834,16138,350946,50,24,110,57
2021-03-24T23:59:59+01:00,31,28,19847,23589,41250,59927,43961,75799,50954,105165,66984,99741,52723,52036,102542,129968,57581,104460,4613,4874,10787,17544,11954,26785,14733,39838,19030,33275,13133,13066,30062,41821,33291,66155,674187,365952,73945,15037,338653,43,19,108,56
2021-03-23T23:59:59+01:00,31,28,19599,23287,40691,59012,43234,74703,49917,103649,65313,97878,50421,49680,99781,126753,57019,103617,4553,4803,10688,17418,11807,26601,14487,39525,18611,32887,12630,12560,27623,38723,29618,60257,666038,348371,70588,14448,328189,42,18,104,56
2021-03-22T23:59:59+01:00,31,28,19375,22872,40051,58129,42569,73662,48970,102260,63836,96239,48580,47785,97381,123996,56545,102841,4494,4756,10600,17302,11676,26422,14328,39283,18369,32585,12316,12185,25785,36369,25655,53874,659713,332132,67776,13894,317864,39,18,100,55
2021-03-21T23:59:59+01:00,31,28,19236,22613,39557,57375,42020,72816,48315,101103,62890,95003,47528,46755,95729,122142,56174,102262,4478,4747,10564,17254,11629,26336,14268,39193,18287,32486,12195,12053,25355,35919,25302,53314,657132,329933,65741,13478,308905,38,16,98,53
2021-03-20T23:59:59+01:00,30,28,19176,22468,39346,56880,41779,72255,48004,100466,62450,94399,46872,45989,93126,118911,55886,101775,4469,4739,10555,17242,11601,26319,14225,39156,18205,32411,12036,11892,24713,35144,24540,52226,650658,326215,65292,13289,304089,38,16,98,53
2021-03-19T23:59:59+01:00,29,27,18822,21902,38211,54751,40497,70256,46263,98374,59561,91635,42410,42108,87899,113137,55184,100694,4448,4725,10522,17191,11536,26207,14132,38984,17969,32112,11682,11609,23042,33083,22854,49665,632852,316870,58069,12927,291040,32,16,91,53
2021-03-18T23:59:59+01:00,29,26,18426,21251,37030,52593,38954,67461,44101,93895,55706,85832,38364,38295,83158,107647,54095,99033,4428,4697,10457,17088,11458,26052,13981,38795,17752,31908,11447,11425,21794,31569,21141,47066,615871,308781,52316,12314,267903,29,16,91,52
2021-03-17T23:59:59+01:00,29,25,18003,20897,36305,51671,38185,66504,43018,92537,53911,83995,35679,35498,79123,102804,53149,97552,4405,4671,10394,16992,11384,25918,13868,38606,17552,31714,11209,11199,20551,30154,19551,44666,599131,301267,47900,11605,262042,25,16,90,52
2021-03-16T23:59:59+01:00,28,25,17645,20478,35558,50601,37368,65303,41915,90855,52059,82001,33462,33473,75077,97846,52264,96235,4355,4621,10321,16864,11293,25764,13769,38369,17418,31468,11038,11018,19267,28632,18067,42339,585817,293471,43200,11171,253363,25,12,88,52
2021-03-15T23:59:59+01:00,28,25,17365,20113,34843,49618,36575,64111,41009,89371,50795,80399,31731,31629,71783,93747,51567,95099,4333,4586,10254,16741,11226,25563,13653,38081,17269,31195,10870,10858,18532,27666,16807,40476,574662,287638,39868,10521,245470,25,1,86,52
2021-03-14T23:59:59+01:00,28,24,17095,19685,33986,48403,35671,62787,39947,87541,49531,78666,30560,30391,69782,91182,51122,94422,4309,4567,10209,16664,11169,25420,13593,37859,17178,31031,10798,10770,18352,27385,16545,39914,567534,286435,37983,9387,235498,16,0,82,52
2021-03-13T23:59:59+01:00,28,24,16280,18620,32484,46365,34093,60646,37900,84456,47394,76107,29202,29036,67762,88552,50853,94029,4309,4567,10207,16658,11166,25413,13584,37852,17172,31022,10761,10738,17603,26494,15485,38444,551144,282146,37697,9386,225166,16,0,82,52
2021-03-12T23:59:59+01:00,27,24,15176,17241,30035,43708,31413,57490,35029,79582,44168,71624,26353,25836,63437,83233,49867,92620,4296,4534,10188,16596,11148,25362,13537,37734,17078,30891,10484,10511,16715,25245,14411,36919,522978,276331,36383,9375,207667,13,0,80,51
2021-03-11T23:59:59+01:00,26,24,14131,15772,27779,41009,29088,54290,32434,75181,40401,66710,22933,22344,57403,75889,47927,89772,4255,4494,10108,16477,11037,25137,13419,37423,16912,30587,10176,10297,16079,24400,13740,35644,490775,272319,34788,7931,187697,10,0,78,46
2021-03-10T23:59:59+01:00,26,24,13535,15070,26366,39388,27429,52465,30862,72861,37868,63576,20171,19782,51474,68728,46371,87432,4221,4450,10008,16310,10918,24888,13271,37003,16713,30213,9938,10113,15334,23627,13081,34617,464274,267583,32733,7185,176569,9,0,73,46
2021-03-09T23:59:59+01:00,25,23,13252,14602,25240,38344,26008,51276,29792,71200,36488,61739,18981,18653,47950,64273,45242,85635,4197,4424,9923,16143,10813,24628,13118,36682,16536,29974,9813,10011,14668,22789,12585,33841,450615,263857,30197,6352,168046,9,0,73,44
2021-03-08T23:59:59+01:00,24,23,12921,13993,24158,37230,24732,50136,28851,69714,35249,60114,17896,17768,43812,59273,44011,83642,4182,4388,9862,15944,10711,24367,12985,36323,16407,29709,9729,9927,14173,22184,12269,33402,435093,260673,28184,5959,160402,3,0,72,43
2021-03-07T23:59:59+01:00,24,23,12688,13700,23564,36380,24032,49258,28249,68843,34638,59354,17633,17517,42740,57818,43643,83078,4170,4375,9840,15902,10684,24294,12952,36153,16350,29595,9707,9897,13975,21929,12132,33200,430316,259610,26368,5619,156627,0,0,71,41
2021-03-06T23:59:59+01:00,24,22,12575,13408,23162,35646,23501,48470,27196,67312,33538,57590,17244,17187,42093,56926,43341,82609,4167,4361,9829,15876,10666,24260,12942,36111,16332,29564,9689,9856,13928,21891,12029,32989,426242,259230,26304,5335,149424,0,0,71,40
2021-03-05T23:59:59+01:00,24,22,12162,12805,22479,34440,22815,47236,26440,65679,32299,55165,16592,16350,38624,52611,41179,79162,4140,4314,9759,15776,10614,24110,12873,35915,16245,29357,9593,9786,13742,21675,11657,32377,411028,257525,24835,4484,140340,0,0,71,38
2021-03-04T23:59:59+01:00,22,22,11402,11794,21290,32710,21593,45179,25079,63024,30592,52800,15857,15629,34608,47440,38091,74468,4090,4223,9646,15482,10509,23753,12740,35381,16101,28955,9414,9632,13583,21464,11572,32232,392538,254463,22740,4391,126438,0,0,71,34
2021-03-03T23:59:59+01:00,19,22,11092,11296,20599,31487,20817,43813,24164,61270,29541,51151,15368,15123,31989,44111,35002,69691,4050,4160,9565,15311,10430,23501,12634,34958,15923,28609,9226,9505,13457,21249,11426,31961,377031,251821,21944,4222,117697,0,0,66,32
2021-03-02T23:59:59+01:00,19,22,10830,10868,19952,30516,20098,42789,23377,59879,28562,49867,14735,14475,29301,40734,31108,63464,4002,4088,9503,15145,10361,23236,12530,34525,15822,28302,9100,9401,13319,21060,11349,31816,358786,249414,20425,4221,111496,0,0,65,32
2021-03-01T23:59:59+01:00,15,21,10656,10606,19439,29710,19531,41900,22784,58806,27842,48740,14309,14020,27221,38142,26846,56571,3986,4038,9448,14990,10298,22937,12449,34149,15714,27979,9015,9339,13136,20790,11233,31633,341506,246988,19310,4221,106450,0,0,65,32
2021-02-28T23:59:59+01:00,14,21,10488,10403,18968,29060,18996,41158,22303,57949,27352,47943,14101,13778,26607,37481,26440,55968,3970,4024,9423,14956,10279,22886,12432,34079,15686,27933,8988,9315,13004,20610,11170,31483,339039,246130,18444,4184,101652,0,0,65,31
2021-02-27T23:59:59+01:00,14,20,10309,9888,18639,28190,18737,40365,22017,56963,27020,47145,13823,13476,25936,36674,25517,54548,3958,4012,9401,14935,10247,22838,12393,33997,15641,27859,8966,9300,12985,20588,11148,31463,335116,245772,17720,4035,96548,0,0,65,31
2021-02-26T23:59:59+01:00,13,19,9511,9099,17733,26743,17949,38149,21084,54103,25558,44316,13353,13074,24343,34682,23988,52240,3877,3944,9323,14774,10173,22583,12312,33630,15524,27564,8886,9219,12918,20520,11107,31394,325969,243864,17466,3961,82619,0,0,65,29
2021-02-25T23:59:59+01:00,13,19,8351,8245,16406,25130,16678,35879,19837,51204,23840,41520,12872,12668,23059,33087,22487,49952,3754,3799,9161,14459,9951,21978,12057,32774,15196,26909,8688,9066,12654,20194,10966,31124,318315,239711,16677,3098,66346,0,0,64,27
2021-02-24T23:59:59+01:00,12,18,7985,7721,15747,24090,16047,34640,19122,49685,23039,40314,12471,12331,21746,31581,20805,47324,3682,3732,9020,14167,9773,21523,11854,32147,14933,26370,8546,8929,12511,20021,10901,30913,310035,236933,15698,2165,59033,0,0,64,27
2021-02-23T23:59:59+01:00,12,18,7501,7241,14927,22912,15358,33414,18400,48273,22316,39241,12161,12002,20396,30000,19186,44758,3641,3656,8900,13964,9635,21124,11664,31566,14633,25868,8375,8787,12382,19810,10831,30681,301884,234092,14884,1501,51433,0,0,63,26
2021-02-22T23:59:59+01:00,11,16,7393,7034,14542,22292,15006,32686,17933,47262,21821,38506,11959,11750,19641,28986,17866,42801,3611,3553,8763,13671,9471,20622,11409,30821,14256,25271,8127,8593,12181,19558,10725,30378,295988,230772,14271,313,47331,0,0,61,26
2021-02-21T23:59:59+01:00,11,16,7303,6909,14218,21846,14584,32101,17515,46608,21380,38009,11852,11648,19478,28773,17619,42466,3572,3513,8679,13548,9394,20406,11337,30529,14131,25000,8064,8531,12125,19449,10654,30215,294837,228921,13899,299,43683,0,0,59,26
2021-02-20T23:59:59+01:00,11,16,7186,6859,14092,21766,14468,31965,17396,46457,21222,37828,11753,11563,18693,27850,16547,40977,3569,3507,8669,13540,9383,20385,11322,30504,14118,24989,8059,8522,12060,19385,10599,30146,290538,228533,13701,298,42490,0,0,59,25
2021-02-19T23:59:59+01:00,8,15,6881,6607,13737,21325,14096,31294,16919,45659,20514,36955,11149,11161,17643,26513,15386,39363,3489,3484,8593,13512,9340,20328,11284,30411,14059,24894,8016,8461,11838,19114,10406,29815,284126,226823,13325,296,37852,0,0,56,24
2021-02-18T23:59:59+01:00,8,15,6482,6131,13110,20179,13452,29915,16102,43785,19637,35375,10917,10942,17046,25754,14807,38476,3303,3347,8258,12970,9046,19577,10932,29364,13690,24064,7811,8152,11249,18160,9908,28661,280525,218271,12743,296,28940,0,0,56,23
2021-02-17T23:59:59+01:00,8,14,6316,5787,12663,19298,12957,28724,15400,42060,18989,34045,10687,10689,16287,24939,14029,37285,3054,3187,7918,12454,8744,18785,10562,28319,13295,23213,7576,7916,10690,17305,9468,27842,275841,210105,12011,294,22394,0,0,56,23
2021-02-16T23:59:59+01:00,8,14,5990,5486,12122,18463,12450,27646,14854,40677,18394,33005,10532,10585,15614,24105,13519,36495,2871,3067,7615,11999,8438,18061,10165,27227,12829,22313,7306,7621,9969,16129,8741,26289,272294,200571,11512,138,16222,0,0,54,23
2021-02-15T23:59:59+01:00,8,14,5884,5305,11825,17819,12181,26863,14506,39682,18042,32233,10404,10472,15049,23446,13156,35954,2781,2986,7422,11675,8219,17554,9863,26380,12478,21629,7024,7335,9266,15070,8226,25007,269174,192893,10906,92,12834,0,0,52,22
2021-02-14T23:59:59+01:00,8,14,5614,5190,11574,17548,11956,26427,14271,39234,17849,31956,10359,10420,14813,23106,12989,35560,2731,2948,7308,11509,8090,17348,9687,26048,12299,21327,6928,7211,9044,14686,8038,24471,268166,189652,9968,90,10827,0,0,49,22
2021-02-13T23:59:59+01:00,8,14,5554,5152,11524,17511,11925,26395,14243,39202,17829,31937,10343,10392,14786,23073,12975,35542,2727,2945,7303,11502,8078,17326,9671,26011,12272,21284,6898,7177,8889,14472,7685,23843,267920,188141,9963,11,10596,0,0,48,21
2021-02-12T23:59:59+01:00,8,13,5035,4834,10952,17147,11607,25840,13923,38553,17495,31291,10229,10284,14602,22857,12894,35432,2677,2912,7209,11344,7977,17095,9521,25618,12055,20837,6716,6944,8526,13909,7091,22501,266212,182992,9952,9,6905,0,0,47,21
2021-02-11T23:59:59+01:00,8,12,4571,4533,10362,16466,11193,25033,13442,37288,17001,30428,9910,10019,14319,22406,12611,34742,2506,2637,6609,10148,7288,15356,8654,22998,11002,18751,6059,6226,7476,12286,6272,20166,262966,164496,8303,6,3149,0,0,43,16
2021-02-10T23:59:59+01:00,8,12,4323,4365,10026,16011,10883,24489,13130,36402,16585,29676,9694,9881,14136,22201,12519,34533,2144,2344,5671,8684,6480,13310,7662,20080,9874,16712,5505,5639,6487,10618,5494,18102,260306,144870,7802,5,839,0,0,41,4
2021-02-09T23:59:59+01:00,8,11,4259,4266,9902,15743,10773,24086,12957,35780,16371,29202,9512,9739,13941,21986,12377,34302,1745,1989,4889,7412,5706,11510,6739,17550,8783,14707,4926,5007,5436,9061,4762,16000,257833,126284,7023,1,432,0,0,40,4
2021-02-08T23:59:59+01:00,8,11,4224,4211,9808,15530,10664,23725,12838,35317,16227,28842,9419,9671,13737,21700,12268,34104,1579,1793,4330,6414,5044,9927,5913,15014,7754,12846,4364,4472,4445,7454,3991,13907,255441,109304,6507,1,426,0,0,40,4
2021-02-07T23:59:59+01:00,8,11,4059,4144,9651,15392,10562,23560,12757,35053,16115,28646,9377,9626,13590,21516,12193,33959,1364,1546,3909,5741,4628,9047,5486,13853,7267,11884,4108,4210,4216,7057,3830,13310,254330,101511,5960,1,0,0,0,37,3
2021-02-06T23:59:59+01:00,8,11,4050,4135,9640,15376,10548,23524,12735,35003,16098,28589,9357,9612,13572,21481,12086,33761,1212,1350,3675,5434,4442,8621,5265,13263,6985,11326,3970,4073,4087,6907,3550,12850,253983,97063,5674,1,0,0,0,37,2
2021-02-05T23:59:59+01:00,8,9,3977,4067,9568,15232,10481,23272,12649,34633,15982,28302,9272,9537,13498,21405,11735,33164,1071,1120,3394,4989,4181,8041,4948,12479,6597,10597,3708,3825,3924,6675,3044,11958,252080,90601,4780,0,0,0,0,37,2
2021-02-04T23:59:59+01:00,8,9,3919,3942,9447,14913,10304,22723,12458,33833,15762,27736,9146,9424,13271,21107,11618,32957,806,787,2568,3736,3246,6295,3993,9930,5271,8372,3026,3113,3304,5696,2656,10466,248094,73301,4555,0,0,0,0,33,2
2021-02-03T23:59:59+01:00,8,9,3850,3870,9344,14688,10197,22384,12326,33319,15612,27312,9033,9309,13128,20930,11541,32787,670,619,1939,2820,2512,4861,3018,7631,4036,6311,2208,2242,2415,4221,1927,7845,245340,55305,4379,0,0,0,0,33,2
2021-02-02T23:59:59+01:00,8,9,3782,3774,9244,14494,10097,22003,12183,32751,15407,26858,8903,9193,13004,20717,11457,32519,531,491,1467,2083,1923,3657,2269,5804,3010,4716,1565,1544,1650,2784,1341,5221,242096,40077,4377,0,0,0,0,33,2
2021-02-01T23:59:59+01:00,7,9,3741,3682,9166,14264,9990,21618,12043,32112,15219,26350,8781,9045,12894,20573,11406,32340,395,356,1022,1439,1272,2436,1481,3805,1871,2993,992,988,976,1697,770,3028,238935,25531,4377,0,0,0,0,31,2
2021-01-31T23:59:59+01:00,7,9,3723,3647,9112,14155,9920,21413,11976,31815,15114,26151,8723,8986,12843,20461,11361,32211,365,335,900,1247,1078,2059,1280,3252,1637,2620,891,894,871,1513,699,2721,237436,22370,4262,0,0,0,0,30,2
2021-01-30T23:59:59+01:00,7,9,3722,3644,9102,14142,9906,21390,11963,31795,15102,26137,8719,8981,12774,20392,11293,32133,349,311,840,1163,1021,1935,1216,3062,1562,2483,863,868,852,1473,684,2668,237113,21357,4169,0,0,0,0,30,2
2021-01-29T23:59:59+01:00,7,9,3662,3628,9041,14111,9877,21336,11930,31716,15054,26068,8694,8957,12586,20167,11113,31889,281,227,718,988,877,1572,1058,2668,1349,2156,772,775,802,1418,666,2615,235880,18947,4039,0,0,0,0,27,2
2021-01-28T23:59:59+01:00,7,9,3543,3542,8835,13721,9657,20822,11697,31135,14725,25567,8556,8855,12148,19543,10755,31307,133,58,295,361,383,614,465,1156,613,968,408,430,471,815,382,1582,231072,9137,3428,0,0,0,0,25,1
2021-01-27T23:59:59+01:00,7,9,3312,3407,8541,13303,9355,20198,11311,30300,14327,24828,8335,8642,11594,18736,10326,30538,81,34,204,222,249,415,309,807,434,666,310,313,350,608,287,1160,224324,6451,2815,0,0,0,0,25,1
2021-01-26T23:59:59+01:00,6,9,3146,3309,8259,12960,9091,19628,11003,29540,13921,24190,8093,8417,11003,17812,9674,29381,76,30,189,212,233,381,293,755,403,602,295,287,323,545,260,1030,217545,5916,1967,0,0,0,0,24,1
2021-01-25T23:59:59+01:00,6,9,3057,3215,7976,12477,8800,18922,10616,28532,13435,23423,7801,8214,10373,16993,9214,28477,68,22,169,191,199,325,254,635,351,497,258,242,269,467,211,842,211197,5002,413,0,0,0,0,22,1
2021-01-24T23:59:59+01:00,6,9,3013,3194,7891,12399,8726,18797,10507,28372,13306,23240,7757,8177,10308,16881,9166,28381,67,21,165,187,197,311,251,614,342,483,249,238,267,460,207,827,209889,4888,310,0,0,0,0,22,1
2021-01-23T23:59:59+01:00,6,9,3012,3193,7890,12396,8722,18787,10505,28358,13300,23235,7750,8174,10184,16714,8837,27793,66,21,165,187,196,310,249,614,340,483,249,238,267,460,207,825,208627,4879,308,0,0,0,0,21,1
2021-01-22T23:59:59+01:00,6,9,2950,3147,7766,12283,8639,18645,10394,28185,13218,23120,7719,8138,9985,16410,8316,26767,65,21,164,187,196,310,249,614,339,483,249,238,267,460,207,825,205463,4876,307,0,0,0,0,18,1
2021-01-21T23:59:59+01:00,6,9,2868,2977,7267,11367,8152,17496,9853,26555,12609,21902,7430,7811,9343,15455,7791,25698,59,19,147,173,178,279,221,535,302,443,223,210,235,380,177,691,194353,4274,307,0,0,0,0,16,1
2021-01-20T23:59:59+01:00,6,9,2505,2630,6383,9955,7404,15534,8896,23713,11495,19823,6822,7155,8243,13679,6967,23458,57,19,146,168,175,277,213,521,290,421,211,203,229,355,163,653,174434,4103,304,0,0,0,0,16,1
2021-01-19T23:59:59+01:00,6,9,2064,2274,5481,8565,6541,13632,7872,20919,10210,17580,6058,6271,6852,11478,5938,20394,41,11,97,124,119,172,150,358,191,293,134,115,141,237,114,486,151975,2783,221,0,0,0,0,16,1
2021-01-18T23:59:59+01:00,5,9,1790,1983,4721,7179,5582,11384,6662,17310,8774,14859,5163,5382,5449,9212,4857,16898,22,6,38,46,52,80,66,164,77,146,60,54,66,131,62,220,127170,1290,97,0,0,0,0,16,1
2021-01-17T23:59:59+01:00,4,9,1511,1691,4207,6382,5067,10248,6119,15732,8131,13586,4819,5027,5073,8534,4526,15888,8,2,8,15,15,29,20,51,30,56,23,23,20,31,13,47,116505,390,91,0,0,0,0,15,1
2021-01-16T23:59:59+01:00,4,8,1344,1488,3989,6058,4886,9807,5855,15060,7799,12888,4625,4793,4856,8255,4167,15282,0,0,0,1,1,3,1,1,2,2,0,1,1,0,0,1,111196,13,8,0,0,0,0,14,1
2021-01-15T23:59:59+01:00,4,8,1193,1262,3735,5635,4630,9240,5564,14216,7387,12087,4330,4497,4669,7947,3630,14234,0,0,0,0,0,0,0,0,1,0,0,0,0,0,0,0,104301,0,4,0,0,0,0,14,1
2021-01-14T23:59:59+01:00,3,5,918,949,2985,4445,3763,7411,4612,11451,5977,9724,3515,3615,3917,6703,3141,12403,0,0,0,0,0,0,0,0,1,0,0,0,0,0,0,0,85563,0,0,0,0,0,0,14,1
2021-01-13T23:59:59+01:00,3,4,779,795,2511,3713,3177,6180,3836,9497,4872,7828,2630,2697,2961,5110,2406,9494,0,0,0,0,0,0,0,0,1,0,0,0,0,0,0,0,68514,0,0,0,0,0,0,13,1
2021-01-12T23:59:59+01:00,2,4,647,664,2103,3044,2618,5025,3072,7645,3843,6148,1894,1873,2032,3469,1706,6490,0,0,0,0,0,0,0,0,1,0,0,0,0,0,0,0,52306,0,0,0,0,0,0,1,1
2021-01-11T23:59:59+01:00,1,1,499,527,1751,2465,2104,4014,2376,5807,2855,4463,1220,1163,1217,2036,941,3699,0,0,0,0,0,0,0,0,1,0,0,0,0,0,0,0,37161,0,0,0,0,0,0,1,1
2021-01-10T23:59:59+01:00,1,1,441,457,1489,2038,1760,3287,1965,4818,2372,3733,1074,1033,1071,1787,840,3242,0,0,0,0,0,0,0,0,1,0,0,0,0,0,0,0,31422,0,0,0,0,0,0,1,1
2021-01-09T23:59:59+01:00,1,1,410,412,1364,1860,1614,2995,1811,4368,2185,3401,998,961,1010,1732,822,3199,0,0,0,0,0,0,0,0,1,0,0,0,0,0,0,0,29155,0,0,0,0,0,0,1,1
2021-01-08T23:59:59+01:00,1,1,312,282,1112,1510,1332,2322,1486,3575,1806,2782,863,851,921,1609,774,3043,0,0,0,0,0,0,0,0,1,0,0,0,0,0,0,0,24591,0,0,0,0,0,0,1,1
2021-01-07T23:59:59+01:00,1,0,146,76,400,509,491,801,600,1383,787,1217,480,497,572,971,472,1927,0,0,0,0,0,0,0,0,1,0,0,0,0,0,0,0,11333,0,0,0,0,0,0,0,1
2021-01-06T23:59:59+01:00,1,0,111,44,269,285,318,523,403,938,536,837,371,377,435,756,365,1460,0,0,0,0,0,0,0,0,1,0,0,0,0,0,0,0,8032,0,0,0,0,0,0,0,1
2021-01-05T23:59:59+01:00,1,0,87,31,190,230,251,436,324,828,453,715,354,361,418,723,358,1406,0,0,0,0,0,0,0,0,1,0,0,0,0,0,0,0,7169,0,0,0,0,0,0,0,1
2021-01-04T23:59:59+01:00,1,0,69,25,173,193,207,341,260,644,358,517,278,268,298,525,241,947,0,0,0,0,0,0,0,0,1,0,0,0,0,0,0,0,5347,0,0,0,0,0,0,0,1
2021-01-03T23:59:59+01:00,1,0,67,21,167,188,202,324,258,629,348,500,270,266,294,512,239,930,0,0,0,0,0,0,0,0,1,0,0,0,0,0,0,0,5218,0,0,0,0,0,0,0,1
2021-01-02T23:59:59+01:00,1,0,67,21,167,188,202,324,255,629,345,500,270,266,294,512,239,929,0,0,0,0,0,0,0,0,1,0,0,0,0,0,0,0,5211,0,0,0,0,0,0,0,1
2021-01-01T23:59:59+01:00,1,0,66,21,166,188,202,323,254,629,342,498,270,266,294,511,239,929,0,0,0,0,0,0,0,0,1,0,0,0,0,0,0,0,5201,0,0,0,0,0,0,0,1
2020-12-31T23:59:59+01:00,1,0,66,21,166,186,202,322,253,628,341,497,270,266,294,511,239,929,0,0,0,0,0,0,0,0,1,0,0,0,0,0,0,0,5194,0,0,0,0,0,0,0,1
2020-12-30T23:59:59+01:00,1,0,65,21,166,185,200,319,253,626,341,495,270,266,294,511,238,929,0,0,0,0,0,0,0,0,1,0,0,0,0,0,0,0,5182,0,0,0,0,0,0,0,1
2020-12-29T23:59:59+01:00,1,0,46,12,118,140,151,216,185,449,240,378,181,167,200,379,176,725,0,0,0,0,0,0,0,0,1,0,0,0,0,0,0,0,3765,0,0,0,0,0,0,0,1
2020-12-28T23:59:59+01:00,1,0,25,8,64,77,87,122,103,256,119,232,99,94,103,201,103,388,0,0,0,0,0,0,0,0,1,0,0,0,0,0,0,0,2083,0,0,0,0,0,0,0,1
2020-12-27T23:59:59+01:00,0,0,12,3,17,26,40,47,37,90,38,94,32,29,40,73,32,145,0,0,0,0,0,0,0,0,0,0,0,0,0,0,0,0,755,0,0,0,0,0,0,0,0
