Datum,<15_m,<15_w,15-24_1_m,15-24_1_w,25-34_1_m,25-34_1_w,35-44_1_m,35-44_1_w,45-54_1_m,45-54_1_w,55-64_1_m,55-64_1_w,65-74_1_m,65-74_1_w,75-84_1_m,75-84_1_w,>84_1_m,>84_1_w,<24_2_m,<24_2_w,25-34_2_m,25-34_2_w,35-44_2_m,35-44_2_w,45-54_2_m,45-54_2_w,55-64_2_m,55-64_2_w,65-74_2_m,65-74_2_w,75-84_2_m,75-84_2_w,>84_2_m,>84_2_w,bp_1,bp_2,mo_1,mo_2,az_1,az_2,ja,unb_1,unb_2
2021-09-24T23:59:59+02:00,40593,38177,287065,275869,391756,361711,405914,398914,468509,477210,518989,519657,352806,393724,246572,316090,72582,133047,258110,247586,366553,333692,383687,372353,446130,451348,498411,498511,341900,381224,239217,305838,69657,127005,4065461,3815702,524523,501389,807903,763198,302310,510,438
2021-09-23T23:59:59+02:00,39980,37525,285423,274259,390336,360413,404777,397755,467496,476272,518271,518988,352521,393456,246446,315888,72542,132946,256850,246532,365453,332744,382797,371549,445355,450649,497842,498024,341679,380994,239112,305695,69630,126930,4055956,3809889,524118,501115,807892,763098,298333,509,438
2021-09-22T23:59:59+02:00,39649,37214,284430,273295,389495,359570,404038,396999,466841,475670,517741,518546,352298,393192,246339,315692,72494,132863,256084,245794,364721,332071,382179,370963,444851,450137,497383,497682,341484,380794,239014,305563,69597,126875,4049174,3804892,523903,500951,807872,762983,296420,509,438
2021-09-21T23:59:59+02:00,39238,36733,283364,272224,388542,358677,403298,396258,466232,475086,517295,518118,352072,392931,246236,315515,72444,132760,255240,244952,363974,331364,381552,370368,444366,449656,496974,497285,341290,380589,238905,305402,69563,126794,4041677,3799339,523753,500759,807862,762905,294733,509,438
2021-09-20T23:59:59+02:00,38887,36457,282232,271161,387505,357753,402477,395459,465534,474477,516807,517662,351822,392705,246122,315322,72394,132648,254125,243980,362998,330538,380773,369614,443646,449082,496518,496844,341068,380375,238799,305215,69528,126718,4034643,3792911,523617,500589,807848,762720,292317,509,437
2021-09-19T23:59:59+02:00,38730,36325,281643,270761,386938,357268,402078,395064,465194,474165,516545,517435,351735,392582,246083,315242,72382,132611,253621,243554,362511,330126,380358,369284,443287,448744,496243,496627,340964,380250,238741,305129,69518,126689,4031336,3790158,523486,500412,807826,762426,291134,509,437
2021-09-18T23:59:59+02:00,38679,36255,281488,270607,386749,357115,401907,394929,465086,474053,516482,517376,351719,392569,246075,315233,72380,132607,253310,243211,362265,329879,380124,369095,443126,448613,496152,496539,340933,380224,238722,305109,69515,126680,4030427,3788296,523373,500331,807823,762413,290685,509,437
2021-09-17T23:59:59+02:00,38350,35892,280595,269787,385963,356362,401181,394278,464477,473531,516104,517020,351573,392426,246014,315166,72356,132576,252573,242540,361587,329287,379543,368610,442669,448211,495820,496255,340815,380090,238672,305030,69502,126659,4025122,3784576,523042,499935,807813,762382,288669,508,437
2021-09-16T23:59:59+02:00,37787,35309,279022,268251,384623,354920,399995,392971,463471,472558,515339,516330,351257,392101,245888,314981,72309,132485,251441,241545,360642,328373,378729,367765,442005,447528,495308,495812,340589,379870,238573,304903,69471,126596,4014350,3778058,522313,499534,807758,762241,286169,508,437
2021-09-15T23:59:59+02:00,37411,35001,277916,267167,383731,353944,399149,392122,462797,471876,514808,515816,351031,391816,245713,314803,72270,132366,250594,240743,359869,327585,378052,367097,441446,447013,494807,495376,340377,379634,238436,304754,69446,126523,4006849,3772445,522029,499302,807745,762168,284104,508,437
2021-09-14T23:59:59+02:00,37101,34700,276953,266222,382802,353093,398424,391359,462199,471228,514289,515371,350795,391580,245580,314630,72225,132293,249819,239951,359145,326923,377447,366500,440905,446504,494387,494998,340183,379421,238327,304607,69423,126468,4000114,3767364,521702,499078,807715,762022,282302,507,437
2021-09-13T23:59:59+02:00,36721,34309,275727,264966,381864,352066,397656,390484,461504,470514,513771,514874,350570,391331,245458,314481,72187,132222,248701,238904,358333,326146,376851,365852,440347,445979,493930,494620,339989,379198,238227,304460,69392,126415,3991985,3760473,520995,498791,807682,761927,281031,506,437
2021-09-12T23:59:59+02:00,36582,34180,275165,264531,381400,351627,397275,390063,461181,470215,513560,514661,350467,391227,245412,314405,72176,132189,248178,238499,357836,325703,376487,365504,440049,445693,493683,494399,339867,379070,238169,304372,69376,126371,3988844,3757479,520837,498600,807646,761803,279976,506,437
2021-09-11T23:59:59+02:00,36505,34132,274974,264325,381176,351441,397117,389908,461049,470092,513491,514603,350437,391197,245403,314389,72174,132186,247898,238317,357614,325545,376339,365364,439902,445577,493618,494345,339844,379043,238161,304359,69376,126367,3987814,3756397,520749,498470,807645,761782,279377,506,437
2021-09-10T23:59:59+02:00,36185,33811,273908,263344,380236,350553,396251,389109,460257,469425,512938,514156,350236,391000,245316,314276,72156,132157,246995,237616,356795,324811,375558,364741,439212,445060,493130,493966,339683,378887,238080,304255,69354,126336,3982599,3752965,520610,498259,807639,761759,275448,506,437
2021-09-09T23:59:59+02:00,35766,33380,272639,262225,379208,349413,395342,388095,459479,468577,512362,513654,350000,390723,245187,314121,72119,132094,245935,236659,355888,323949,374754,363939,438526,444455,492541,493521,339468,378662,237958,304111,69323,126281,3974686,3746907,520307,497860,807599,761613,272777,499,435
2021-09-08T23:59:59+02:00,35369,32983,271690,261250,378432,348574,394654,387316,458867,467983,511925,513194,349792,390481,245082,313948,72090,132037,245014,235808,355086,323223,374076,363222,437932,443899,492092,493065,339269,378416,237837,303944,69289,126189,3968308,3741244,520085,497541,807548,761481,270706,499,435
2021-09-07T23:59:59+02:00,35001,32656,270677,260331,377609,347801,394011,386650,458339,467466,511482,512800,349601,390269,244984,313778,72057,131968,244141,235029,354286,322546,373434,362665,437430,443398,491648,492677,339060,378204,237748,303807,69261,126137,3962271,3736289,519847,497199,807535,761304,268806,499,435
2021-09-06T23:59:59+02:00,34606,32252,269571,259242,376683,346866,393338,385884,457755,466841,511048,512369,349383,390025,244897,313658,72028,131899,243376,234277,353554,321896,372822,362082,436972,442895,491237,492296,338849,377998,237664,303674,69232,126080,3955154,3731489,519711,496951,807490,761180,266968,499,435
2021-09-05T23:59:59+02:00,34457,32107,269176,258839,376388,346530,393056,385575,457522,466602,510873,512191,349311,389931,244855,313597,72012,131872,242949,233886,353162,321516,372477,361774,436715,442649,491040,492091,338748,377879,237618,303611,69215,126047,3952615,3728876,519616,496674,807463,761047,266178,499,435
2021-09-04T23:59:59+02:00,34399,32070,269021,258715,376272,346405,392932,385475,457448,466521,510822,512145,349300,389913,244849,313585,72012,131871,242788,233744,353005,321356,372332,361658,436625,442549,490975,492043,338726,377859,237610,303599,69215,126046,3951938,3728102,519560,496540,807458,761024,265776,499,435
2021-09-03T23:59:59+02:00,34082,31757,268140,257913,375539,345752,392353,384895,456877,466044,510365,511809,349131,389736,244785,313479,71989,131839,241779,232889,352214,320643,371662,361012,435976,441962,490486,491626,338529,377662,237523,303490,69195,126019,3947634,3723825,518867,495009,807428,760951,263532,499,435
2021-09-02T23:59:59+02:00,33726,31428,267104,257048,374693,344930,391634,384159,456198,465420,509837,511387,348869,389487,244663,313304,71963,131761,240763,232094,351331,319875,370932,360310,435263,441336,489923,491165,338280,377399,237414,303335,69168,125943,3941792,3718650,518584,494529,807392,760630,260814,499,435
2021-09-01T23:59:59+02:00,33402,31063,266259,256211,373947,344264,391098,383614,455728,464937,509457,511046,348691,389294,244575,313188,71939,131701,239681,231046,350478,319030,370251,359618,434655,440735,489403,490682,338050,377134,237282,303177,69140,125889,3936359,3711894,518403,493993,807360,760413,259263,499,431
2021-08-31T23:59:59+02:00,33005,30724,265397,255311,373223,343558,390535,383038,455225,464458,509012,510681,348500,389104,244478,313041,71908,131658,238730,230166,349677,318288,369592,358989,434102,440232,488885,490284,337846,376922,237191,303029,69106,125833,3930887,3706609,518214,493608,807334,759999,257391,498,431
2021-08-30T23:59:59+02:00,32458,30237,264097,254134,372232,342650,389721,382228,454472,463749,508450,510187,348271,388890,244385,312887,71872,131589,237574,229191,348683,317399,368810,358249,433407,439655,488327,489774,337589,376681,237065,302848,69066,125756,3923432,3700605,518098,493166,807288,759747,254656,498,431
2021-08-29T23:59:59+02:00,32272,30050,263531,253630,371758,342238,389342,381893,454179,463461,508221,509966,348174,388781,244336,312822,71862,131565,236858,228558,348079,316857,368315,357782,432982,439280,488018,489514,337445,376527,237005,302772,69047,125731,3920368,3696744,517981,492766,807261,759490,253434,498,431
2021-08-28T23:59:59+02:00,32183,29958,263306,253452,371585,342086,389185,381770,454054,463342,508147,509915,348150,388758,244325,312810,71861,131562,236541,228301,347830,316665,368093,357618,432800,439115,487890,489421,337403,376485,236985,302746,69045,125727,3919340,3695170,517941,492650,807255,759464,252876,498,431
2021-08-27T23:59:59+02:00,31954,29709,262658,252888,371071,341572,388715,381321,453603,462947,507777,509632,348020,388625,244266,312724,71842,131540,235938,227803,347220,316166,367618,357192,432352,438763,487586,489172,337268,376367,236931,302680,69034,125720,3915548,3691959,517873,492436,807197,759403,251207,498,431
2021-08-26T23:59:59+02:00,31575,29323,261654,251912,370226,340760,387965,380580,452920,462272,507230,509149,347788,388366,244145,312606,71814,131480,234466,226445,345996,314982,366506,356200,431482,437964,486919,488597,336986,376050,236768,302512,69004,125675,3909387,3683644,517629,491793,807155,759045,248549,498,430
2021-08-25T23:59:59+02:00,31216,28992,260732,251059,369483,339989,387310,379885,452285,461685,506677,508694,347550,388111,244019,312443,71779,131413,232424,224584,344519,313579,365324,355005,430486,437000,486116,487871,336600,375658,236613,302274,68959,125586,3903707,3671677,517501,491386,807126,758894,245943,496,426
2021-08-24T23:59:59+02:00,30899,28728,260002,250281,368878,339357,386773,379313,451804,461175,506265,508320,347341,387885,243903,312278,71753,131340,231214,223523,343557,312660,364542,354254,429812,436347,485556,487319,336321,375345,236478,302112,68934,125521,3898781,3664491,517215,490940,807106,758590,244146,496,422
2021-08-23T23:59:59+02:00,30378,28203,258618,248971,367852,338446,385943,378529,451025,460494,505617,507754,347060,387605,243765,312089,71726,131281,229735,222213,342247,311597,363594,353403,428951,435593,484853,486750,336014,375013,236340,301923,68908,125461,3891377,3657106,517074,490462,807072,758308,240783,496,421
2021-08-22T23:59:59+02:00,30237,28089,258213,248605,367503,338117,385669,378263,450791,460251,505431,507606,346964,387509,243724,312030,71710,131255,229016,221538,341564,310941,363057,352900,428511,435189,484534,486484,335851,374832,236272,301816,68884,125413,3889179,3652713,516926,490002,807033,758008,239778,496,419
2021-08-21T23:59:59+02:00,29986,27884,257716,248144,367186,337796,385414,378006,450586,460076,505283,507467,346909,387453,243702,311992,71707,131246,228274,220887,341080,310543,362658,352489,428147,434884,484306,486288,335767,374764,236245,301773,68878,125401,3886636,3649748,516782,488798,807026,757952,239058,496,419
2021-08-20T23:59:59+02:00,29794,27687,257057,247485,366446,337175,384741,377481,449994,459581,504811,507147,346766,387295,243647,311895,71691,131211,226474,219276,339677,309356,361542,351537,427191,434086,483588,485739,335524,374515,236143,301653,68853,125371,3883182,3641524,516461,487645,807013,757586,236196,496,419
2021-08-19T23:59:59+02:00,29464,27374,256079,246645,365458,336395,383957,376794,449280,458947,504254,506664,346527,387034,243539,311748,71657,131138,223716,216844,337375,307526,359842,350064,425789,432819,482436,484781,335104,374089,235951,301406,68819,125301,3877717,3627185,516095,485884,806974,757116,233111,496,418
2021-08-18T23:59:59+02:00,29179,27114,255284,245938,364764,335784,383382,376228,448682,458453,503782,506255,346255,386794,243420,311599,71625,131072,221247,214328,335323,305766,358200,348415,424268,431491,481288,483740,334581,373532,235717,301106,68767,125206,3872633,3613928,515918,481939,806946,756737,231055,496,418
2021-08-17T23:59:59+02:00,28860,26838,254502,245221,364149,335107,382823,375681,448196,457970,503353,505835,346054,386584,243303,311469,71598,131020,218499,211581,333253,303939,356514,346954,422835,430218,480165,482748,334087,372990,235481,300814,68713,125129,3867622,3598879,515617,479165,806920,756307,229344,496,417
2021-08-16T23:59:59+02:00,28573,26575,253807,244575,363577,334550,382360,375219,447758,457530,502933,505470,345868,386376,243206,311305,71567,130980,215338,208511,330963,301828,354997,345509,421630,429087,479215,481907,333695,372543,235293,300538,68673,125041,3863213,3581514,515462,478441,806895,755958,227598,496,415
2021-08-15T23:59:59+02:00,28377,26412,253314,244134,363151,334161,382001,374882,447462,457273,502694,505278,345753,386260,243157,311225,71556,130959,211332,204457,329069,300213,353737,344292,420609,428152,478432,481250,333362,372207,235170,300361,68649,124991,3860377,3563920,515320,477530,806861,755634,226430,496,414
2021-08-14T23:59:59+02:00,28311,26355,253071,243936,362920,333986,381828,374733,447306,457144,502576,505171,345704,386228,243139,311202,71553,130954,210261,203356,328250,299453,353022,343616,420115,427693,478043,480928,333222,372079,235132,300304,68640,124974,3859213,3557236,515249,477163,806857,755558,225737,496,414
2021-08-13T23:59:59+02:00,28057,26113,252367,243347,362420,333560,381392,374302,446871,456783,502238,504914,345576,386078,243074,311127,71541,130926,208375,201573,326824,298138,351758,342425,419066,426757,477293,480288,332979,371789,235019,300161,68622,124921,3855407,3545305,515178,476562,806847,755368,224197,492,414
2021-08-12T23:59:59+02:00,27856,25887,251644,242712,361800,332974,380864,373818,446336,456338,501817,504556,345393,385879,242972,311022,71527,130878,205781,199305,323943,295604,349747,340628,417556,425509,476058,479221,332524,371251,234768,299884,68582,124837,3851453,3527903,514991,475357,806810,754342,221959,492,412
2021-08-11T23:59:59+02:00,27623,25641,250914,242025,361177,332396,380340,373342,445874,455915,501410,504126,345167,385638,242856,310887,71499,130823,202741,196325,320762,292666,347575,338559,416055,424103,474775,477930,331981,370608,234519,299476,68531,124708,3846629,3506054,514773,474286,806770,753404,220423,490,411
2021-08-10T23:59:59+02:00,27377,25384,250082,241291,360464,331849,379800,372795,445374,455440,500956,503728,344971,385441,242770,310749,71476,130779,198540,192199,316099,288460,344591,335786,413940,422158,473177,476471,331294,369936,234220,299066,68474,124589,3841536,3475941,514492,473174,806735,752254,218904,490,411
2021-08-09T23:59:59+02:00,27181,25183,249456,240722,359887,331368,379360,372415,444966,455096,500611,503445,344812,385293,242704,310639,71456,130743,194000,187602,310388,283711,341832,333292,412023,420385,471558,475005,330643,369246,233940,298695,68415,124453,3837848,3445567,514314,470387,806704,751158,217411,490,407
2021-08-08T23:59:59+02:00,27012,25026,248975,240314,359493,331016,379013,372129,444666,454841,500371,503252,344706,385187,242641,310559,71439,130710,192652,186235,308761,282376,340522,332131,411149,419628,470995,474490,330383,368978,233811,298525,68390,124403,3835296,3436459,514158,469028,806653,750680,216180,490,407
2021-08-07T23:59:59+02:00,26862,24850,248446,239863,359095,330678,378678,371846,444373,454605,500145,503079,344634,385093,242607,310510,71431,130699,188976,182645,306717,280525,338804,330607,409816,418362,470069,473697,330028,368606,233680,298335,68356,124366,3832440,3416839,514051,467694,806643,750466,215297,490,404
2021-08-06T23:59:59+02:00,26637,24615,247575,239200,358311,330068,378004,371267,443717,454079,499608,502689,344401,384887,242508,310393,71420,130677,185243,179090,303253,277722,336684,328771,408212,417021,468769,472733,329647,368220,233520,298179,68331,124318,3829862,3397543,512688,465966,806631,749367,211812,490,402
2021-08-05T23:59:59+02:00,26315,24292,246401,238265,357413,329189,377181,370537,442977,453401,498940,502149,344116,384586,242392,310218,71379,130614,180766,175145,297871,273323,332569,325211,405406,414530,466515,470946,328977,367514,233255,297808,68270,124207,3823501,3369632,512424,461258,806568,745659,208803,490,401
2021-08-04T23:59:59+02:00,25941,23950,245250,237272,356415,328276,376404,369822,442347,452798,498368,501620,343841,384318,242271,310045,71351,130543,177286,171843,294107,270193,328160,321305,403151,412438,464807,469393,328280,366815,232980,297454,68211,124105,3816987,3342474,512081,459492,806532,743908,206161,485,400
2021-08-03T23:59:59+02:00,25477,23528,243885,236085,355504,327438,375692,369127,441688,452137,497771,501085,343547,384019,242142,309867,71307,130475,173802,168398,290005,266554,323048,316698,400405,409877,462467,467289,327435,365948,232629,296982,68142,123966,3809017,3310361,511920,457616,806491,741836,204274,485,400
2021-08-02T23:59:59+02:00,25160,23221,242832,235120,354658,326681,374991,368528,441119,451593,497245,500637,343284,383746,242024,309712,71281,130416,170165,164804,285308,262588,317173,311742,397654,407321,460230,465296,326663,365114,232332,296582,68078,123848,3802662,3276887,511671,455640,806434,739304,202408,484,398
2021-08-01T23:59:59+02:00,25005,23030,242203,234513,354061,326170,374549,368136,440685,451272,496901,500358,343145,383582,241948,309596,71267,130390,168613,163353,282821,260592,312543,308024,395796,405746,458751,464049,326232,364628,232161,296365,68049,123789,3798984,3258988,511368,453496,806342,736860,201040,483,395
2021-07-31T23:59:59+02:00,24896,22925,241861,234194,353779,325943,374310,367967,440496,451119,496793,500259,343112,383543,241928,309583,71266,130384,164839,159509,279996,258047,310453,306027,394398,404463,457604,463060,325913,364252,232027,296192,68023,123743,3797373,3236063,511178,452558,806336,736068,200393,483,395
2021-07-30T23:59:59+02:00,24606,22666,241063,233478,353204,325412,373820,367503,440033,450716,496432,499968,342974,383402,241883,309504,71253,130368,161092,155742,276597,254932,307426,303205,392167,402347,455754,461472,325404,363719,231817,295899,67990,123684,3793291,3210967,510810,451354,806319,732869,198785,482,394
2021-07-29T23:59:59+02:00,24259,22325,239525,232204,352040,324334,372849,366593,439179,449925,495618,499343,342640,383089,241746,309321,71216,130302,156235,151260,271213,250753,301515,298421,387809,398853,452697,459061,324571,362873,231504,295488,67928,123585,3785709,3177033,510132,446495,806235,727761,195347,481,394
2021-07-28T23:59:59+02:00,23960,22038,238372,231166,351152,323491,372092,365901,438541,449256,495052,498851,342387,382789,241611,309136,71181,130229,152472,147610,266713,247089,297077,294466,384541,395994,450606,457209,323911,362113,231234,295103,67864,123460,3778955,3146286,509590,444572,806156,725119,193420,480,391
2021-07-27T23:59:59+02:00,23688,21811,237364,230188,350307,322749,371388,365309,437954,448641,494525,498392,342143,382484,241477,308942,71146,130130,147445,142481,260786,241947,291772,289700,380522,392295,447422,454390,322923,361009,230867,294596,67773,123302,3772653,3104671,509033,442247,806098,721375,191771,479,389
2021-07-26T23:59:59+02:00,23456,21572,236389,229208,349514,322045,370781,364755,437397,448151,494074,498020,341912,382243,241349,308785,71122,130072,143097,138085,255234,237159,286600,285223,376048,388336,443903,451364,321970,360045,230535,294117,67698,123165,3766966,3065238,508400,439991,806018,717023,190374,477,389
2021-07-25T23:59:59+02:00,23097,21271,235049,228053,348568,321276,370101,364093,436819,447609,493615,497615,341713,382029,241259,308656,71101,130008,141251,136327,252550,234942,284091,283124,373911,386559,441818,449574,321456,359531,230332,293887,67673,123088,3759891,3050227,508023,437805,805952,712667,188975,477,389
2021-07-24T23:59:59+02:00,22848,21073,234118,227192,347843,320624,369525,363571,436292,447172,493254,497337,341597,381931,241215,308594,71098,129997,138353,133526,249817,232617,281525,280908,371652,384699,440580,448586,321105,359193,230187,293708,67654,123054,3755871,3031868,507255,434793,805936,712326,187125,477,389
2021-07-23T23:59:59+02:00,22431,20686,232612,225849,346517,319683,368478,362706,435411,446382,492555,496803,341362,381659,241126,308481,71077,129961,132867,128677,244447,228310,277048,277119,367961,381499,437926,446386,320406,358472,229933,293396,67600,122973,3748395,2996320,506784,433021,805880,710190,183617,477,389
2021-07-22T23:59:59+02:00,21926,20210,230506,223873,344763,318140,366968,361415,434090,445235,491571,495902,340928,381208,240948,308232,71033,129879,128520,124618,238443,223796,270658,272048,361064,375994,432463,441873,319222,357212,229494,292867,67506,122819,3735938,2954222,505196,427034,805750,703867,180831,476,388
2021-07-21T23:59:59+02:00,21419,19692,228619,222052,343062,316609,365345,359839,432512,443845,490346,494732,340374,380686,240699,307946,70979,129784,124755,121048,232981,219553,265123,267521,352928,369058,427850,438130,318102,356062,229031,292300,67425,122639,3724927,2918689,501433,416145,805525,699082,177538,476,387
2021-07-20T23:59:59+02:00,21117,19413,227148,220576,341823,315439,364378,358963,431648,443049,489624,494081,340031,380314,240551,307723,70951,129695,120419,116809,226631,214381,259292,262342,345813,362951,423152,433819,317008,354808,228617,291715,67328,122456,3715582,2874912,501029,408923,805393,694693,175399,476,386
2021-07-19T23:59:59+02:00,20803,19116,225413,218881,340505,314183,363343,357985,430835,442269,488950,493461,339735,379952,240400,307490,70906,129598,117663,114207,222250,210788,254673,258388,342095,359778,420530,431640,316281,354079,228317,291324,67253,122332,3704987,2849863,500605,403541,805300,690366,173810,476,386
2021-07-18T23:59:59+02:00,20649,18985,224116,217611,338887,312749,362274,357056,430016,441546,488413,492918,339500,379666,240271,307310,70884,129536,116164,112819,219596,208607,252317,256289,339843,357929,418493,429947,315790,353592,228156,291107,67232,122265,3695539,2837577,500066,399266,805225,686667,172432,476,385
2021-07-17T23:59:59+02:00,20253,18563,222961,216555,338309,312208,361684,356543,429497,441095,488000,492627,339395,379549,240229,307255,70881,129526,114091,110720,217139,206304,249854,254093,337418,355790,417045,428684,315455,353201,228021,290939,67208,122225,3689969,2820070,499862,396545,805209,685881,170965,473,385
2021-07-16T23:59:59+02:00,19710,18050,220412,214406,336566,310908,360175,355250,428028,439887,486900,491762,338990,379178,240056,307096,70856,129489,110974,107920,212370,202372,245315,250456,333115,352091,413696,425959,314534,352271,227670,290522,67154,122143,3679750,2792372,499104,394188,805047,682068,164688,472,384
2021-07-15T23:59:59+02:00,19068,17423,217629,211978,334656,309203,358584,353809,426688,438698,485956,490909,338590,378750,239853,306839,70814,129384,107065,104702,203996,196124,237819,244848,326501,346849,406615,419504,312787,350456,227120,289849,67082,121944,3664683,2745770,498505,385723,804929,674645,161555,471,384
2021-07-14T23:59:59+02:00,18222,16697,215180,209647,332946,307664,357172,352463,425460,437495,484921,489949,338133,378289,239612,306527,70760,129295,103455,101363,197520,190957,232104,240175,322205,343372,402439,415876,311475,349143,226711,289290,66999,121790,3649711,2712130,497915,380188,804798,667841,158845,470,381
2021-07-13T23:59:59+02:00,17571,16041,212991,207620,331338,306288,355833,351236,424284,436401,483959,489088,337692,377814,239410,306280,70725,129202,99693,97821,191033,185552,224962,234108,315527,337309,394039,408015,309677,347215,226106,288498,66886,121589,3635860,2669308,497356,367511,804637,658366,156753,468,377
2021-07-12T23:59:59+02:00,16551,15107,209706,204435,329274,304553,354252,349766,423039,435196,482975,488183,337275,377341,239230,306049,70686,129125,96595,95097,185751,181253,217982,228429,308690,331273,388936,403735,307946,345345,225513,287763,66787,121419,3617362,2630997,496799,360369,804457,649945,154953,467,376
2021-07-11T23:59:59+02:00,16042,14633,208348,203159,328531,303836,353591,349138,422474,434690,482527,487839,337084,377137,239170,305943,70664,129085,95175,93808,182977,178944,214986,226138,306000,329116,386107,401346,305475,342720,225132,287293,66732,121321,3611113,2616005,496159,358378,804328,639452,153123,462,374
2021-07-10T23:59:59+02:00,15567,14173,206501,201376,327065,302572,352450,348159,421745,434092,482051,487439,336914,376972,239104,305857,70654,129065,93874,92535,180443,176827,211950,223653,303475,326954,384941,400308,304828,342051,224952,287104,66716,121294,3602511,2599191,495520,358147,804092,637702,150460,461,374
2021-07-09T23:59:59+02:00,15243,13894,204597,199533,325457,301117,351379,347194,420839,433379,481479,486962,336707,376748,239007,305735,70639,129031,91082,89808,176911,173599,207602,219499,298452,322349,381495,397326,303731,340821,224648,286737,66679,121230,3593355,2570182,494655,356084,803896,630105,147855,460,374
2021-07-08T23:59:59+02:00,14776,13466,201099,196543,322141,298442,349001,345202,419127,431923,480040,485892,336268,376305,238827,305485,70594,128954,86775,86040,169659,167937,199466,213098,291075,316233,374540,391110,301007,337893,223866,285800,66562,120970,3577983,2523954,490603,347419,803372,619743,142922,459,374
2021-07-07T23:59:59+02:00,14275,13012,197359,192684,318970,295584,346682,343157,417568,430450,478838,484790,335790,375740,238637,305213,70556,128848,83092,82590,162359,162223,190416,205916,283087,309667,367491,384285,297692,334276,222956,284699,66422,120723,3556695,2475951,489236,333982,802985,609746,139985,456,371
2021-07-06T23:59:59+02:00,13816,12640,193922,189305,315714,292850,344208,340870,415853,428887,477567,483652,335288,375184,238439,304921,70503,128763,79518,79011,155681,156711,183003,199710,274144,301713,361000,378195,294494,331029,222071,283607,66313,120494,3536831,2423425,486167,327001,802566,600227,137561,453,371
2021-07-05T23:59:59+02:00,13419,12303,189534,185055,311664,289512,341696,338536,414173,427340,476423,482580,334815,374666,238261,304676,70470,128677,76453,76183,150562,152622,178238,195580,267226,295445,354892,372655,291218,327583,221183,282490,66204,120325,3513981,2384353,485008,322504,802071,589871,133476,450,369
2021-07-04T23:59:59+02:00,13241,12145,185690,181185,309027,287485,340379,337464,413289,426562,475843,482090,334590,374411,238171,304551,70444,128623,74265,74314,147463,150056,175906,193535,264777,293383,351776,370447,287912,324188,220598,281820,66148,120205,3501736,2370571,483717,320201,801502,578335,128967,450,367
2021-07-03T23:59:59+02:00,12046,11089,179255,175185,304764,284026,338046,335293,411471,424754,474629,481033,334191,373965,237996,304303,70420,128580,72485,72736,145038,148176,173468,191453,261713,290656,349495,368591,286158,322205,220330,281458,66116,120156,3475359,2354843,482311,320001,801319,573844,122775,450,367
2021-07-02T23:59:59+02:00,10948,9997,175542,171728,302349,281826,336301,333591,410221,423563,473853,480343,333930,373652,237882,304121,70392,128532,69789,70053,141115,144888,169034,187413,255657,285210,344274,363885,282905,318478,219689,280688,66067,120072,3457265,2321640,480832,317213,801133,561265,120254,448,348
2021-07-01T23:59:59+02:00,9853,9068,171874,168286,298307,278537,333808,331320,408425,421985,472756,479383,333510,373190,237681,303849,70346,128453,64907,65335,134801,139557,161747,180900,245400,276350,333478,354099,278119,313204,217836,278433,65888,119760,3434722,2265302,478733,304863,800785,543541,117101,448,344
2021-06-30T23:59:59+02:00,9364,8675,168604,165207,292685,273913,330136,327984,406654,420444,471729,478415,333087,372707,237490,303549,70312,128364,61779,62488,129161,134879,155108,174905,235356,267207,320076,340823,272907,307660,215945,276113,65720,119439,3409619,2210302,476567,292052,800491,524705,113344,447,343
2021-06-29T23:59:59+02:00,8828,8153,164807,161432,288147,269654,326570,324690,404554,418367,470185,477004,332497,372068,237237,303194,70257,128255,58992,59492,124218,130471,149089,169380,223510,256515,311522,332464,266444,300469,213973,273654,65517,119093,3382111,2151071,474571,287392,800166,507298,109742,446,339
2021-06-28T23:59:59+02:00,8423,7773,161483,157973,283116,265336,323264,321842,402412,416440,468697,475694,331976,371457,237004,302884,70213,128161,56720,57146,120316,126961,144744,165300,214283,248102,305734,327060,261500,295173,212210,271419,65370,118827,3358189,2115358,470599,278778,799506,490779,106533,446,336
2021-06-27T23:59:59+02:00,8275,7650,159978,156448,281012,263526,321458,320305,400712,415079,467800,474981,331683,371164,236901,302721,70194,128112,55524,56039,118195,125251,142179,163174,210175,244717,302369,324202,257692,291169,209750,268508,65259,118633,3348172,2099907,468520,275290,798456,474641,103531,445,336
2021-06-26T23:59:59+02:00,7121,6552,156712,153110,278908,261644,319043,318066,399522,413925,467101,474281,331414,370882,236794,302563,70170,128082,54978,55451,116859,124100,140754,161938,207929,242713,299839,321791,256156,289508,209417,268099,65232,118563,3329042,2083116,465699,275202,798450,472142,103397,417,314
2021-06-25T23:59:59+02:00,5899,5436,152400,148827,275517,258686,316985,316105,398212,412679,466100,473457,331125,370547,236666,302407,70142,128032,53690,53828,114385,121402,136673,157369,199165,234264,294151,315920,254435,287390,208828,267298,65161,118446,3304081,2040624,464271,273510,798393,465567,103172,417,314
2021-06-24T23:59:59+02:00,5047,4649,147959,144695,270694,254744,312711,312324,396021,410805,464722,472321,330701,370082,236497,302169,70108,127945,51047,51235,109265,116686,129348,150726,187131,223814,282738,305692,249058,281552,206992,264954,64958,118046,3272901,1978593,462264,261743,798224,451814,101494,416,313
2021-06-23T23:59:59+02:00,4826,4442,144794,141582,266999,251589,307466,307521,393528,408460,463316,471002,330174,369461,236267,301857,70060,127838,49105,49154,105471,112776,123679,145052,177242,215150,270764,293700,244446,276741,205659,263256,64797,117687,3245346,1922290,458742,251881,798063,441120,99718,414,312
2021-06-22T23:59:59+02:00,4576,4213,141720,138452,263285,248211,301339,302088,390894,405900,461777,469522,329626,368852,236047,301503,70012,127731,47417,47415,101863,109475,118888,140473,164654,204008,259854,283401,240383,272275,203738,260847,64545,117214,3213293,1863948,456812,244168,797871,430163,98445,412,305
2021-06-21T23:59:59+02:00,4317,3968,138458,135509,258581,244312,296094,297218,387853,403030,460303,468171,329109,368291,235823,301188,69971,127619,46183,46186,99480,107259,116151,137768,158436,198236,252972,276757,235032,266442,199803,256327,64358,116837,3181571,1832959,454772,238651,797657,410389,96480,411,305
2021-06-20T23:59:59+02:00,4173,3851,136949,134002,254344,240828,293513,294980,386462,401718,459512,467425,328884,368008,235711,301056,69951,127557,45062,45266,97224,105469,113878,135783,155403,195700,248665,272688,232032,262912,198816,255075,64277,116711,3164122,1812632,453011,235100,797502,402527,94947,411,298
2021-06-19T23:59:59+02:00,3756,3501,134801,131902,251590,238503,291731,293333,384621,400149,458670,466696,328662,367756,235607,300917,69930,127525,44523,44618,95953,104209,112406,134319,153900,194262,245444,269669,231314,262065,198645,254812,64255,116658,3147769,1796675,450193,233520,797493,402247,94845,411,298
2021-06-18T23:59:59+02:00,2806,2588,131520,128761,248067,235456,287724,289925,382224,398024,457331,465534,328286,367355,235452,300681,69903,127476,43735,43704,94376,102430,110116,131649,150350,190229,238587,262389,229590,260061,198160,254174,64180,116524,3121968,1767374,445757,232989,797466,395546,94569,411,297
2021-06-17T23:59:59+02:00,2573,2365,127804,125478,242045,231018,282500,285535,377439,394036,454999,463694,327690,366631,235208,300326,69838,127362,41493,41879,90324,98956,105221,126903,142485,182557,227190,251002,224390,254129,196510,252018,63921,116106,3087168,1711703,442774,228846,797203,384651,90103,345,289
2021-06-16T23:59:59+02:00,2302,2131,124573,122074,237150,226678,277812,281271,372268,389542,452401,461550,326942,365827,234917,299913,69772,127248,39662,40284,86787,95929,100872,123081,134253,175216,215091,239092,218162,247024,194589,249691,63669,115618,3053632,1651933,437246,223241,796697,376561,87496,343,288
2021-06-15T23:59:59+02:00,1915,1799,119658,117204,231166,221535,272460,276285,367203,384915,449551,459133,326071,364848,234564,299400,69690,127063,38045,38673,83466,92887,96907,119029,127205,168845,202745,227070,212136,240239,192629,247261,63359,115048,3008913,1594678,435322,217400,796129,368892,84779,343,285
2021-06-14T23:59:59+02:00,1652,1524,115608,113048,225943,216625,267100,271314,361911,380167,446432,456538,325286,363989,234253,299011,69628,126943,37065,37784,81188,90793,94201,116511,123091,165097,196148,220573,209028,236731,191494,245791,63140,114659,2966779,1565097,432970,215126,795870,361240,82028,341,282
2021-06-13T23:59:59+02:00,1579,1439,114116,111672,223499,214521,264559,269056,359654,378213,445259,455513,325010,363684,234117,298839,69596,126869,36198,37050,79330,89119,92189,114690,120265,162488,192276,216866,205937,233296,190463,244424,62908,114247,2951795,1551098,430533,207852,795567,353017,79969,341,280
2021-06-12T23:59:59+02:00,1430,1302,111463,108925,221606,212792,263173,267781,358217,376811,444362,454744,324723,363375,234025,298736,69578,126841,35829,36646,78343,88024,90938,113393,118686,160928,188712,213566,204903,232168,189063,242769,62898,114215,2935617,1537944,429554,207843,795543,345639,79837,340,279
2021-06-11T23:59:59+02:00,1282,1166,108921,106408,218711,210171,259506,264590,355081,374077,442643,453271,324287,362924,233889,298528,69551,126786,35153,35532,76335,84652,88704,109861,114583,155786,182013,206115,202808,229797,188459,241999,62836,114116,2911191,1510440,426757,207146,795361,332197,79143,339,278
2021-06-10T23:59:59+02:00,1120,1009,104165,102000,212638,205406,252449,258766,348987,368779,438145,449496,323426,361952,233566,298080,69467,126633,33573,34047,72333,80476,83784,104359,107915,147571,169669,192472,196732,222903,186730,239856,62582,113712,2867547,1463296,419655,205403,794521,305186,74999,336,273
2021-06-09T23:59:59+02:00,972,881,100248,98289,206676,200670,245635,253055,342330,362828,434465,446469,322745,361202,233294,297698,69402,126501,32041,32789,69100,77828,80083,101192,103194,143289,158518,181710,186106,210902,184867,237611,62309,113217,2828521,1409243,411134,201423,794003,293910,70348,315,268
2021-06-08T23:59:59+02:00,790,700,95722,93747,200041,195105,238675,247045,334081,355550,429353,441792,321905,360194,232920,297210,69322,126365,30968,31931,66511,75528,76799,98467,98616,139371,150919,174214,177392,201184,183061,235362,62077,112851,2776534,1370030,405370,196504,793408,283050,65832,315,259
2021-06-07T23:59:59+02:00,631,559,92503,90649,193977,190401,232118,241803,326248,349376,426304,439340,321356,359560,232703,296882,69268,126269,30098,31083,64047,73567,73845,96306,94850,136432,142830,166412,173341,196560,181628,233548,61855,112469,2737524,1342894,399206,193203,792834,271928,61001,314,259
2021-06-06T23:59:59+02:00,593,523,90926,89333,190692,187849,228763,239029,321963,345972,424864,438257,321083,359264,232595,296724,69244,126222,29495,30527,62275,71882,71766,94293,91656,133366,137141,160615,170803,193927,180517,232147,61626,112089,2722095,1331035,391810,183509,792350,261483,58251,312,254
2021-06-05T23:59:59+02:00,512,443,88981,87317,185818,183630,226295,236895,320146,344350,423865,437342,320797,358945,232447,296556,69230,126190,29036,29770,61073,69929,70368,92144,89980,131091,132380,155281,167798,190256,180032,231489,61592,112023,2698598,1307405,391679,183042,792223,256075,57864,311,253
2021-06-04T23:59:59+02:00,412,358,86627,84791,182153,180019,222289,232948,316551,340712,421503,435146,320340,358407,232250,296327,69191,126128,28569,29097,59953,68275,69082,90060,88187,128471,129009,151623,163564,185486,179040,230223,61544,111935,2669343,1288550,387854,182268,792106,245998,57442,311,252
2021-06-03T23:59:59+02:00,319,284,83339,81722,176425,175354,215031,226853,308835,334012,413743,428288,319304,357219,231879,295873,69135,125994,27678,28085,58059,66083,66685,87313,84550,124356,122243,144949,157218,177874,177466,228194,61430,111699,2620394,1259324,377607,176939,791684,233253,54501,308,245
2021-06-02T23:59:59+02:00,269,225,81257,79554,172341,171627,211386,223696,305251,330660,411698,426454,318894,356762,231725,295665,69107,125943,27210,27606,56930,64965,65086,86036,82490,122414,117264,140064,149336,168905,176745,227239,61345,111529,2591606,1227094,376221,174968,791657,229635,53598,305,238
2021-06-01T23:59:59+02:00,170,158,76991,75725,164057,165055,202025,215959,296156,322780,403488,418615,317378,355145,231183,294923,68993,125713,25659,26189,52616,62008,60248,82747,77062,117905,109829,132849,138229,155488,174640,224504,61137,111105,2532881,1176914,364576,170857,790898,217858,46706,303,233
2021-05-31T23:59:59+02:00,148,141,74244,73242,158395,160730,194715,209985,288762,316394,397744,413644,316380,354030,230795,294397,68903,125543,24744,25128,49988,59786,57073,80213,73454,114627,105328,128404,134076,150575,173270,222785,60967,110773,2492434,1154472,355184,168515,790255,207465,40852,302,231
2021-05-30T23:59:59+02:00,137,133,73194,72175,155913,158694,192091,207631,285977,313879,395857,411901,316017,353618,230634,294159,68865,125462,24140,24340,48395,58057,55332,78356,71223,112061,102672,125538,131920,148047,172477,221850,60875,110562,2476610,1144690,352663,167204,789621,196092,37971,301,226
2021-05-29T23:59:59+02:00,134,131,72585,71583,154402,157294,189790,205601,284138,312293,395020,411131,315795,353374,230553,294080,68854,125443,23817,23813,47475,56562,53990,76479,69297,109217,100351,122738,129113,144621,171824,220943,60848,110510,2462724,1131062,352502,167137,789555,185563,37946,301,225
2021-05-28T23:59:59+02:00,130,128,71497,70468,152004,155034,186131,202059,280866,309157,393159,409362,315383,352869,230406,293866,68835,125386,23285,22810,45866,54438,52164,73918,67255,105268,96021,116845,124733,139564,170847,219632,60801,110396,2438899,1108414,351448,166923,789344,171047,37567,299,221
2021-05-27T23:59:59+02:00,119,119,68185,67450,145516,150097,177944,195801,274470,303996,386844,403676,314114,351413,229942,293334,68763,125203,21963,21128,42611,51388,48283,70107,62698,99256,89665,109333,120800,134943,168044,215929,60628,110081,2394294,1079967,343824,164188,787534,150966,31837,298,215
2021-05-26T23:59:59+02:00,115,116,66030,65274,140563,146015,171844,190735,267717,298325,380102,396981,312590,349802,229450,292632,68660,124990,21218,20211,40788,49250,45927,67377,59660,95465,85077,104217,115814,129220,164244,210591,60418,109653,2356993,1048017,330624,162609,785711,139501,29101,297,214
2021-05-25T23:59:59+02:00,114,109,63998,63281,136360,142528,166790,186442,260650,292044,374677,391590,311293,348381,229037,291983,68577,124812,20641,19546,39389,47735,44095,65361,57184,92461,80994,99840,110875,123522,158701,203334,60248,109346,2319394,1016446,323114,159188,783173,130270,27468,293,209
2021-05-24T23:59:59+02:00,112,107,62756,62069,133601,140421,163511,184029,253700,286054,369741,386907,310464,347461,228750,291595,68505,124682,20300,19138,38370,46663,42748,63876,55504,90451,78762,97329,109449,121866,158093,202542,60136,109144,2295654,1007083,311997,157884,781367,123586,25921,293,205
2021-05-23T23:59:59+02:00,107,106,62258,61553,132500,139525,162315,182996,252459,285033,368152,385479,309844,346804,228577,291367,68485,124646,20067,18951,37819,46106,41992,63176,54340,89454,77271,95965,108272,120466,157115,201322,60065,109002,2284152,998900,311409,154807,781324,121986,25793,293,202
2021-05-22T23:59:59+02:00,104,104,61563,60933,131010,138451,159939,181373,249489,282744,365674,383255,309314,346210,228400,291101,68459,124596,19747,18531,37208,45505,41353,62648,53687,88729,76501,94819,106722,118663,156342,200352,60038,108948,2266176,992200,311394,154803,781284,118558,24331,293,202
2021-05-21T23:59:59+02:00,100,100,60232,59493,128102,135857,156649,178050,244251,277977,359577,377570,308379,345115,228104,290703,68398,124488,19387,18165,36594,44739,40702,61595,52734,87337,74777,92518,103481,114710,155202,198901,59946,108773,2230095,979177,309753,154475,779709,111962,24047,289,200
2021-05-20T23:59:59+02:00,91,98,57183,56703,122364,130982,149715,171731,233939,269223,350543,369286,305840,342369,227336,289691,68266,124269,18090,17229,34421,42495,38250,58700,49917,83562,70849,88022,99355,110062,152739,195883,59765,108417,2172089,959871,303089,152524,773750,94308,21145,281,200
2021-05-19T23:59:59+02:00,90,96,54972,54513,117357,126303,142546,165111,223404,259875,339989,358380,303194,339498,226586,288638,68115,123993,17508,16442,33197,40909,36841,56641,47910,80782,67608,84443,95472,105589,149110,191155,59503,107926,2106169,936470,296831,150545,770766,84802,19317,280,187
2021-05-18T23:59:59+02:00,86,91,52876,52551,112576,122044,136170,159538,211841,249516,330105,348580,300521,336530,225703,287433,67964,123740,16990,15835,31985,39447,35486,54844,46100,78372,64720,81217,91469,101053,145914,187090,59290,107492,2046304,916223,287464,147684,767173,76154,17335,276,187
2021-05-17T23:59:59+02:00,83,88,51843,51557,110240,119990,133354,156884,205319,243498,322532,341494,298728,334557,225112,286608,67857,123527,16533,15387,30935,38406,34314,53553,44620,76572,62460,78822,86629,95191,144451,185205,59142,107178,2019499,904526,275157,140215,763748,69472,15273,274,184
2021-05-16T23:59:59+02:00,82,85,51056,50902,108797,118666,131612,155221,202348,240818,315098,334540,297707,333424,224802,286123,67805,123429,16250,15015,30186,37626,33441,52635,43560,75259,61130,77351,83214,91114,143660,184128,59055,107038,2004158,898444,264731,133446,760507,65339,13520,271,180
2021-05-15T23:59:59+02:00,82,85,50517,50269,107798,117677,130598,154108,200410,238883,311527,331333,297086,332738,224606,285852,67785,123365,16110,14851,29932,37321,33155,52203,43075,74612,60281,76367,82617,90298,143146,183460,59019,106991,1987958,893207,264711,133299,759639,64211,12809,269,179
2021-05-14T23:59:59+02:00,81,84,49259,48846,105546,115588,127007,150657,192202,231816,305217,325452,296106,331601,224321,285403,67738,123270,15612,14421,29145,36500,32388,51012,41998,72830,58717,74414,80711,87811,142534,182470,58979,106905,1950706,883556,263013,132425,755098,58790,11762,267,178
2021-05-13T23:59:59+02:00,77,83,47346,46897,101711,112359,122302,146546,182188,223237,294618,315640,293139,328182,223509,284266,67638,123063,14752,13974,28290,35803,31627,50110,41055,71736,57206,72850,76936,83462,139769,178859,58869,106688,1899146,871010,254405,125375,748875,54940,10746,263,173
2021-05-12T23:59:59+02:00,75,81,46436,46190,99796,110931,120240,144886,179638,221128,289885,310314,291976,326915,223269,283945,67600,122978,14587,13823,27970,35584,31224,49821,40609,71362,56663,72284,75589,81831,138990,177726,58783,106528,1876079,865262,252241,123580,748385,54670,9946,259,172
2021-05-11T23:59:59+02:00,71,75,44192,44715,95771,107855,114437,140159,166279,209860,278244,299556,288575,323006,222314,282547,67450,122679,14159,13258,26961,34157,30094,48018,39305,69085,54953,70021,72504,78245,137633,175890,58624,106170,1817254,852985,242532,120893,739885,46810,8469,255,171
2021-05-10T23:59:59+02:00,70,71,42942,43739,93172,105850,111182,137528,157897,202839,270369,292448,286400,320555,221742,281686,67326,122437,13816,12815,26203,33172,29300,46760,38308,67231,53724,68293,70414,75690,136487,174381,58505,105883,1781708,844122,236484,119840,732918,39613,7493,251,163
2021-05-09T23:59:59+02:00,69,71,41819,42967,90489,104096,108521,135760,152885,199419,264848,287504,285160,319172,221366,281159,67260,122291,13501,12595,25510,32503,28573,45958,37515,66270,52793,67350,69187,74290,135890,173545,58450,105752,1762386,839552,229384,118862,726926,34843,6508,246,161
2021-05-08T23:59:59+02:00,68,71,41528,42664,89644,103365,107425,134903,151435,198203,262286,285439,284659,318630,221247,280980,67244,122259,13399,12533,25382,32411,28428,45829,37326,66075,52453,67032,68223,73369,134820,172181,58403,105659,1750334,834941,228874,118116,726700,34066,6495,235,147
2021-05-07T23:59:59+02:00,66,70,40603,41948,87707,102027,104599,132690,146816,194400,256033,279929,283320,317031,220899,280524,67191,122136,12654,12052,24557,31675,27664,44769,36463,64813,51269,65521,65974,70683,132595,169358,58313,105481,1724553,825264,225664,115846,722578,27283,5542,231,145
2021-05-06T23:59:59+02:00,62,69,37961,40226,82964,98574,98611,127939,136631,185891,239592,265516,278197,311239,219617,278836,67017,121823,11969,11535,23621,30570,26667,43420,35108,62814,49534,63548,63488,67556,130485,166597,58199,105263,1659020,814177,215761,112738,711690,18922,4630,219,144
2021-05-05T23:59:59+02:00,60,66,36074,39028,79308,95994,94012,124294,128814,179361,224845,251478,272017,304105,218046,276846,66771,121300,11735,11260,23082,29846,26064,42499,34183,61414,48381,62133,60877,64446,127541,162895,58101,105012,1592850,801890,210684,109170,705656,14947,3557,219,140
2021-05-04T23:59:59+02:00,60,64,34970,37922,76588,93675,90506,121258,123247,174631,214220,241216,266533,297662,216605,275002,66562,120832,11573,11056,22674,29305,25605,41726,33463,60325,47276,60862,58160,61268,125176,159959,57951,104776,1543828,790011,205564,106532,699581,11804,2904,217,138
2021-05-03T23:59:59+02:00,59,62,34099,36869,74300,91855,87634,118909,118810,170988,207570,235220,263256,293802,215805,273911,66441,120536,11326,10783,22280,28728,25124,41025,32775,59361,46253,59723,55372,57928,121401,155067,57694,104339,1512089,774162,202453,104820,694655,9051,1244,216,134
2021-05-02T23:59:59+02:00,59,62,33746,36554,73124,90949,86162,117817,116385,169121,204476,232703,262296,292713,215518,273501,66374,120428,11254,10711,22092,28515,24894,40739,32433,58955,45800,59247,54182,56466,118332,151387,57610,104208,1501483,769141,199657,99258,690783,8151,376,214,129
2021-05-01T23:59:59+02:00,58,62,33427,36180,72363,90155,85090,116775,114916,167757,201389,229675,261606,291888,215308,273221,66363,120389,11240,10695,22039,28485,24833,40701,32371,58898,45718,59170,53940,56174,118174,151191,57601,104191,1486392,767832,199649,99218,690517,8103,369,213,129
2021-04-30T23:59:59+02:00,55,60,32883,35579,71156,88932,83628,115045,111134,164190,193992,222560,259615,289519,214860,272611,66303,120281,10919,10499,21679,28207,24559,40280,32046,58337,45256,58539,53044,55010,117222,150005,57546,104072,1453493,764157,199322,97229,689720,5768,169,210,127
2021-04-29T23:59:59+02:00,53,59,31383,34629,68234,86908,79995,112441,106019,160078,181182,211016,251682,280424,213664,270979,66168,119938,10612,10285,21205,27759,24132,39783,31463,57596,44454,57609,51212,52816,115376,147768,57446,103877,1398617,755333,192041,94561,684349,3454,147,200,125
2021-04-28T23:59:59+02:00,52,57,30149,34020,66367,85597,77519,110619,102593,157221,171497,201852,240827,267828,212384,269294,65972,119612,10426,10125,20907,27407,23768,39313,31040,56938,43731,56786,49089,50196,112796,144533,57322,103665,1345987,745791,188675,90008,678983,2230,117,194,120
2021-04-27T23:59:59+02:00,49,56,29390,33335,64792,84134,75509,108810,99834,154824,166778,197133,232324,258025,211238,267682,65852,119389,10301,10014,20626,27118,23531,38983,30681,56441,43047,56099,47085,47653,110157,141099,57204,103465,1311971,735984,186368,86000,670997,1512,116,189,115
2021-04-26T23:59:59+02:00,48,56,28961,32949,63692,83251,74007,107644,97549,153110,158163,189129,228132,253184,210529,266685,65759,119190,10207,9924,20408,26930,23294,38769,30385,56100,42431,55530,45280,45506,108262,138619,57108,103311,1283029,728026,184923,82904,664271,1132,111,184,113
2021-04-25T23:59:59+02:00,48,55,28710,32709,62917,82728,72945,106908,95819,151883,152781,184263,223801,248304,209940,265905,65693,119067,10152,9891,20330,26852,23207,38687,30275,55973,42271,55371,44868,45010,107581,137714,57080,103240,1270270,726363,178788,81141,655602,1001,108,183,111
2021-04-24T23:59:59+02:00,48,54,28367,32283,61976,81506,71759,105460,94271,150224,147876,179117,221014,244971,209470,265231,65659,119017,10138,9873,20289,26810,23154,38620,30194,55887,42122,55235,44624,44702,107331,137418,57059,103212,1245403,725272,178758,80443,654321,958,107,183,109
2021-04-23T23:59:59+02:00,46,54,27621,31661,60408,79998,69972,103441,91681,147583,143095,174721,216466,239424,208814,264242,65596,118902,10085,9809,20179,26723,23023,38470,29961,55678,41759,54905,44008,43944,106270,136130,56903,102937,1220528,721921,177574,77964,645797,906,106,180,107
2021-04-22T23:59:59+02:00,44,53,27008,31061,58874,78564,67508,101230,87556,144092,135061,167236,207442,228435,206774,261615,65397,118506,9960,9713,19930,26425,22669,38038,29447,55165,41011,54270,42845,42621,104278,133679,56674,102540,1179038,714446,170126,74047,637463,782,106,175,103
2021-04-21T23:59:59+02:00,44,51,26515,30538,57544,77461,65627,99600,84517,141454,127878,160422,194367,213105,204627,258728,65171,118080,9829,9627,19699,26175,22382,37713,29091,54714,40459,53739,41998,41606,102085,130893,56420,102128,1127560,707896,167244,69963,631094,710,106,171,101
2021-04-20T23:59:59+02:00,43,50,26089,30068,56381,76317,63952,98020,81969,138882,122794,155360,182895,199655,202200,255592,64934,117651,9725,9537,19479,25987,22089,37445,28681,54300,39920,53207,41184,40675,99865,127910,56082,101591,1084945,700352,163758,66715,624318,630,104,168,94
2021-04-19T23:59:59+02:00,43,49,25722,29710,55410,75496,62666,96841,79842,136957,119272,151980,177144,192816,200490,253356,64749,117319,9617,9444,19248,25767,21845,37171,28367,53910,39408,52677,40388,39767,96769,123939,55677,100879,1060388,690004,161927,64297,617719,593,103,162,94
2021-04-18T23:59:59+02:00,42,44,25414,29449,54643,74950,61543,95895,77985,135530,115906,149588,172041,187264,199478,252127,64637,117125,9543,9369,19059,25592,21668,37006,28151,53634,39149,52428,40060,39384,95560,122395,55494,100580,1046403,686146,160258,62369,607166,578,103,159,93
2021-04-17T23:59:59+02:00,41,43,25306,29357,54272,74754,61027,95544,77332,134931,115058,148849,167789,182379,198943,251401,64603,117060,9498,9310,18921,25405,21481,36776,27924,53360,38885,52161,39761,39060,94795,121471,55429,100496,1035521,682133,160230,62055,603103,566,103,159,93
2021-04-16T23:59:59+02:00,41,43,24932,29107,53284,74145,59740,94666,75706,133601,110908,144707,160146,173612,197285,249198,64495,116851,9292,9135,18527,24972,20896,36202,26815,52456,36862,50566,36453,36124,91614,117949,55027,99841,1009611,667069,159437,55146,593583,537,102,158,92
2021-04-15T23:59:59+02:00,37,39,24457,28657,52035,72978,57778,92943,72433,130762,105449,139436,152286,164642,192630,243331,64198,116235,9118,8972,18158,24549,20404,35541,26136,51660,35470,49336,34345,34078,88501,114211,54519,98984,977436,653960,157384,49559,575667,487,101,156,89
2021-04-14T23:59:59+02:00,35,36,24118,28331,51101,72042,56436,91555,70048,128604,101454,135668,143090,154264,184896,233454,63856,115568,8710,8700,17684,24043,19869,34895,25227,50783,34183,48218,32303,31929,85523,110566,54027,98122,939583,639075,154715,45341,560420,392,100,151,88
2021-04-13T23:59:59+02:00,35,36,23881,28113,50403,71508,55491,90726,68413,127193,97732,132234,131276,141149,178506,225129,63518,114980,8475,8528,17338,23636,19445,34359,24561,49990,33118,47199,30920,30568,83368,108179,53669,97579,906368,629739,150197,40950,543919,270,100,149,86
2021-04-12T23:59:59+02:00,35,35,23672,27924,49849,70997,54625,89995,66943,125904,95103,129913,124168,133117,175282,221180,63246,114489,8238,8341,16975,23338,19073,33924,24091,49457,32453,46573,29395,29031,81705,106241,53343,97058,889958,621310,148654,37697,528027,256,98,146,84
2021-04-11T23:59:59+02:00,34,35,23498,27763,49323,70575,53894,89542,65800,125099,93246,128435,118684,127100,171365,216578,63076,114192,8104,8208,16679,23059,18756,33614,23733,49076,32008,46187,28760,28366,80689,104995,53134,96740,882492,616024,144246,35876,511670,241,93,141,81
2021-04-10T23:59:59+02:00,34,35,23437,27706,49156,70439,53694,89382,65472,124829,92723,128000,116601,124571,169926,214728,63034,114092,7516,7602,15791,22274,17798,32773,22613,48044,30896,45193,28101,27656,78601,102385,52867,96304,875498,600713,143391,35497,509142,236,88,141,81
2021-04-09T23:59:59+02:00,33,35,23189,27456,48656,69948,53057,88694,64475,123703,90900,126093,107774,113632,166543,210322,62835,113735,6557,6702,14261,20953,16078,31217,20472,46080,28689,43184,26330,25833,75099,98210,52322,95465,856070,573276,136339,33983,498846,224,80,137,78
2021-04-08T23:59:59+02:00,33,35,22893,27211,48080,69458,52302,87996,63166,122621,88480,123931,97465,101635,160993,203459,62499,113154,5913,6114,13073,19935,14820,29879,18833,44366,26199,40851,23313,22865,70451,92437,51178,93713,837349,541733,127446,32048,480800,194,71,135,78
2021-04-07T23:59:59+02:00,31,34,22581,26985,47277,69001,51374,87382,61780,121639,85338,121487,88284,91346,153988,194678,62205,112595,5533,5790,12413,19259,14003,29052,17794,43316,24298,38962,20784,20343,66492,87671,50184,92097,816964,518285,121848,29579,459382,166,64,129,75
2021-04-06T23:59:59+02:00,30,34,22371,26825,46748,68620,50784,86858,60750,120865,83231,119746,80531,82541,147626,186718,61861,111967,5339,5631,12062,18901,13650,28620,17261,42754,23441,38155,19659,19314,63338,83577,49263,90712,797701,504935,118637,26633,441960,156,59,125,72
2021-04-05T23:59:59+02:00,30,33,22272,26700,46436,68273,50397,86459,60203,120174,82051,118595,76053,77446,142623,180617,61660,111651,5199,5493,11801,18649,13356,28308,16938,42380,22996,37695,19197,18845,60457,80022,48563,89647,788258,495600,116884,23842,426724,152,56,122,72
2021-04-04T23:59:59+02:00,30,33,22224,26641,46315,68003,50227,86146,59923,119673,81542,117963,74610,75739,141919,179645,61623,111569,5195,5485,11783,18636,13344,28291,16919,42363,22899,37624,18791,18524,59020,78175,48357,89336,785721,490809,116777,23840,421526,146,52,120,70
2021-04-03T23:59:59+02:00,30,33,22162,26560,46192,67894,50063,85971,59607,119361,80974,117383,73264,74104,140803,178109,61540,111420,5186,5476,11770,18617,13321,28271,16886,42316,22793,37550,18656,18373,58671,77610,48268,89190,779357,489022,116735,23840,419577,146,51,119,70
2021-04-02T23:59:59+02:00,30,33,22084,26475,46031,67728,49845,85723,59139,118912,80095,116572,71709,72218,138524,175124,61343,111060,5167,5439,11722,18575,13266,28189,16797,42168,22521,37076,18300,18010,56338,74733,47456,88090,770234,480560,114962,23199,417650,146,47,118,68
2021-04-01T23:59:59+02:00,27,31,21889,26271,45614,67208,49199,84983,58264,117972,78216,114903,68443,68785,134430,169932,61017,110478,5020,5295,11450,18311,13042,27952,16476,41859,22017,36636,17482,17267,51494,68702,45782,85632,758541,462518,108863,21827,410463,134,42,114,67
2021-03-31T23:59:59+02:00,27,31,21561,26053,45212,66681,48702,84332,57536,117035,77057,113661,66397,66466,129664,163808,60613,109749,4942,5244,11352,18191,12883,27801,16237,41591,21431,36124,16355,16366,46280,62284,44400,83647,748759,444167,101695,20901,404341,131,37,112,62
2021-03-30T23:59:59+02:00,27,30,21384,25831,44812,66063,48196,83537,56828,115984,75919,112285,64556,64445,125283,158058,60145,108850,4875,5159,11248,18065,12691,27613,15909,41269,20857,35576,15524,15564,43523,58879,43288,81853,738575,432324,97470,19538,396404,104,33,108,61
2021-03-29T23:59:59+02:00,26,30,21186,25593,44350,65514,47720,82848,56094,114907,74686,110852,62069,61698,118546,149434,59375,107458,4777,5086,11143,17950,12538,27448,15665,40949,20402,35110,14875,15023,40938,55897,42181,80030,718055,421138,94049,18860,390499,89,31,107,60
2021-03-28T23:59:59+02:00,26,30,20980,25302,43850,64826,47204,82105,55415,113899,73743,109747,60811,60266,113838,143466,58932,106700,4722,5027,10998,17801,12281,27148,15473,40704,20235,34876,14636,14779,39862,54479,41832,79489,711525,416813,86738,17538,383094,69,31,106,57
2021-03-27T23:59:59+01:00,26,30,20860,25145,43558,64462,46840,81578,54915,113213,73069,109010,59656,59182,112353,141757,58865,106618,4709,5015,10971,17782,12263,27118,15112,40275,19835,34441,14345,14568,39377,53791,41359,78671,706251,412761,86036,16884,379064,65,31,106,57
2021-03-26T23:59:59+01:00,26,29,20608,24634,42752,62760,45871,79552,53582,110192,71053,105396,57644,57295,109598,138516,58536,106100,4690,4982,10948,17730,12193,27027,15034,40165,19494,33845,13876,13915,36307,49948,39304,75418,694839,398236,82719,16666,366798,52,28,106,57
2021-03-25T23:59:59+01:00,26,26,20176,23962,41878,60999,44776,77006,52071,106667,68664,101635,55049,54658,106289,134550,57966,105108,4644,4927,10857,17628,12072,26882,14852,39946,19221,33541,13407,13427,32465,44899,36310,70885,683418,379910,78524,16083,349778,47,25,104,57
2021-03-24T23:59:59+01:00,26,26,19772,23514,41096,59726,43757,75468,50692,104742,66563,99306,52268,51745,102037,129453,57326,104029,4589,4861,10767,17486,11905,26680,14626,39661,18858,33130,12959,12978,29901,41690,33193,66046,670612,364380,73649,14993,337504,40,20,102,56
2021-03-23T23:59:59+01:00,26,26,19525,23213,40537,58813,43032,74375,49657,103228,64903,97449,49976,49405,99285,126244,56768,103188,4530,4790,10668,17361,11760,26496,14382,39349,18449,32745,12470,12476,27471,38589,29522,60149,662484,346834,70307,14416,327079,39,19,100,56
2021-03-22T23:59:59+01:00,26,26,19303,22797,39896,57930,42366,73336,48712,101843,63430,95817,48149,47521,96891,123507,56296,102418,4472,4744,10580,17245,11631,26319,14224,39108,18209,32447,12161,12102,25639,36236,25552,53749,656181,330599,67504,13861,316799,36,19,97,54
2021-03-21T23:59:59+01:00,26,26,19164,22538,39404,57176,41816,72491,48059,100688,62486,94583,47103,46498,95248,121656,55924,101839,4456,4735,10544,17197,11584,26233,14164,39021,18127,32346,12041,11969,25211,35786,25199,53191,653600,328403,65477,13447,307866,35,17,95,52
2021-03-20T23:59:59+01:00,25,26,19106,22394,39193,56682,41576,71932,47749,100052,62047,93982,46450,45732,92650,118423,55636,101352,4447,4727,10535,17185,11556,26216,14122,38985,18048,32271,11887,11809,24570,35014,24436,52106,647130,324701,65029,13259,303063,35,17,95,52
2021-03-19T23:59:59+01:00,24,25,18751,21829,38061,54557,40295,69939,46014,97963,59167,91224,42013,41861,87433,112660,54934,100271,4426,4713,10502,17134,11491,26104,14030,38815,17815,31973,11538,11526,22900,32956,22754,49546,629377,315376,57816,12897,290042,30,17,91,52
2021-03-18T23:59:59+01:00,24,24,18357,21180,36886,52404,38757,67149,43860,93493,55325,85431,37986,38062,82704,107183,53845,98616,4406,4684,10436,17031,11413,25951,13885,38628,17602,31774,11306,11343,21657,31440,21043,46950,612454,307316,52072,12285,266969,28,16,90,50
2021-03-17T23:59:59+01:00,24,23,17933,20828,36162,51485,37990,66192,42781,92136,53536,83606,35313,35275,78681,102355,52900,97137,4383,4657,10374,16938,11339,25818,13773,38440,17408,31582,11068,11117,20416,30028,19452,44550,595767,299821,47671,11575,261123,24,16,88,50
2021-03-16T23:59:59+01:00,24,23,17574,20409,35416,50416,37177,64997,41683,90463,51695,81619,33112,33259,74647,97403,52019,95821,4333,4607,10300,16810,11247,25665,13673,38203,17276,31339,10897,10938,19138,28507,17971,42224,582501,292042,42983,11140,252475,24,12,86,50
2021-03-15T23:59:59+01:00,24,23,17294,20045,34707,49438,36385,63809,40780,88983,50434,80020,31389,31422,71360,93309,51324,94689,4311,4572,10234,16687,11181,25465,13557,37915,17128,31069,10732,10780,18406,27545,16717,40363,571372,286231,39659,10494,244611,24,2,84,50
2021-03-14T23:59:59+01:00,24,22,17025,19619,33852,48229,35485,62490,39722,87157,49179,78294,30224,30186,69367,90749,50880,94015,4287,4553,10189,16610,11125,25323,13497,37693,17038,30907,10660,10694,18226,27265,16455,39801,564262,285034,37781,9363,234684,15,0,80,50
2021-03-13T23:59:59+01:00,24,22,16208,18558,32353,46196,33912,60352,37682,84080,47044,75739,28874,28833,67352,88119,50611,93624,4287,4553,10187,16604,11122,25316,13488,37686,17031,30898,10623,10663,17478,26379,15410,38349,547902,280784,37497,9362,224376,15,0,80,50
2021-03-12T23:59:59+01:00,23,21,15109,17183,29913,43547,31246,57213,34819,79228,43829,71275,26037,25642,63045,82820,49627,92222,4274,4520,10168,16542,11104,25266,13444,37568,16940,30768,10348,10436,16593,25135,14339,36828,519871,274994,36185,9351,206924,12,0,78,49
2021-03-11T23:59:59+01:00,22,21,14066,15724,27660,40856,28926,54028,32229,74838,40076,66384,22639,22170,57053,75531,47712,89413,4233,4480,10088,16423,10991,25041,13327,37258,16775,30464,10047,10225,15962,24295,13673,35554,487914,271003,34595,7912,187001,9,0,77,45
2021-03-10T23:59:59+01:00,22,21,13471,15023,26253,39245,27273,52211,30665,72519,37558,63258,19886,19616,51145,68403,46160,87081,4199,4436,9989,16256,10872,24791,13179,36840,16576,30092,9808,10042,15218,23524,13014,34528,461504,266274,32549,7168,175918,7,0,74,45
2021-03-09T23:59:59+01:00,21,20,13190,14558,25130,38204,25857,51025,29599,70866,36180,61424,18703,18492,47636,63962,45037,85292,4175,4410,9904,16091,10768,24532,13026,36523,16400,29855,9684,9940,14553,22687,12516,33754,447900,262562,30017,6335,167427,7,0,74,43
2021-03-08T23:59:59+01:00,20,20,12858,13950,24050,37094,24589,49889,28665,69385,34949,59804,17623,17611,43514,58973,43809,83306,4160,4374,9843,15893,10665,24269,12893,36165,16273,29591,9600,9856,14058,22083,12202,33315,432436,259380,28011,5944,159807,2,0,73,42
2021-03-07T23:59:59+01:00,20,20,12625,13657,23458,36241,23891,49012,28064,68516,34342,59044,17360,17360,42445,57521,43444,82743,4148,4361,9821,15851,10638,24194,12863,35995,16216,29477,9578,9827,13860,21829,12068,33113,427669,258324,26197,5601,156040,0,0,71,41
2021-03-06T23:59:59+01:00,20,20,12512,13365,23056,35508,23359,48224,27015,66985,33242,57280,16972,17030,41800,56631,43143,82274,4145,4347,9810,15824,10620,24160,12853,35954,16198,29446,9561,9787,13814,21791,11965,32902,423598,257948,26133,5317,148845,0,0,71,39
2021-03-05T23:59:59+01:00,20,20,12099,12762,22373,34306,22677,46995,26259,65358,32008,54862,16325,16195,38337,52323,40989,78828,4118,4300,9740,15724,10570,24012,12785,35759,16112,29241,9467,9717,13629,21577,11593,32291,408397,256257,24680,4467,139792,0,0,71,37
2021-03-04T23:59:59+01:00,18,20,11340,11752,21186,32581,21463,44945,24904,62708,30313,52509,15597,15476,34336,47156,37912,74146,4069,4209,9627,15432,10467,23654,12652,35226,15970,28840,9288,9564,13471,21366,11508,32145,389965,253203,22604,4374,125923,0,0,71,34
2021-03-03T23:59:59+01:00,16,20,11030,11258,20498,31361,20689,43584,23996,60958,29268,50867,15118,14974,31724,43836,34826,69380,4029,4146,9546,15262,10388,23402,12546,34803,15791,28494,9103,9437,13344,21151,11362,31875,374523,250562,21808,4208,117202,0,0,67,31
2021-03-02T23:59:59+01:00,16,20,10769,10830,19855,30392,19976,42567,23211,59571,28298,49591,14492,14326,29049,40470,30939,63163,3981,4074,9484,15096,10319,23136,12442,34371,15690,28185,8978,9335,13206,20962,11285,31730,356340,248156,20300,4207,111019,0,0,66,31
2021-03-01T23:59:59+01:00,14,19,10597,10571,19342,29589,19413,41683,22622,58499,27583,48469,14078,13872,26977,37882,26683,56273,3965,4024,9429,14941,10255,22839,12361,33996,15585,27864,8895,9274,13023,20693,11170,31546,339116,245741,19187,4207,105983,0,0,65,31
2021-02-28T23:59:59+01:00,13,19,10429,10369,18875,28941,18877,40943,22141,57647,27094,47673,13870,13629,26370,37221,26278,55673,3949,4010,9404,14908,10236,22788,12345,33927,15558,27818,8868,9250,12892,20514,11107,31397,336652,244889,18330,4171,101197,0,0,65,30
2021-02-27T23:59:59+01:00,13,18,10250,9856,18547,28076,18619,40158,21858,56664,26769,46884,13599,13328,25700,36417,25355,54256,3937,3998,9382,14887,10205,22740,12306,33845,15512,27744,8847,9235,12873,20492,11085,31377,332750,244532,17607,4022,96124,0,0,65,30
2021-02-26T23:59:59+01:00,12,17,9456,9074,17650,26636,17839,37955,20930,53818,25310,44066,13134,12927,24112,34428,23828,51949,3856,3930,9304,14726,10131,22488,12226,33479,15398,27452,8769,9155,12807,20425,11046,31308,323624,242640,17354,3949,82271,0,0,65,29
2021-02-25T23:59:59+01:00,12,17,8301,8222,16334,25028,16573,35702,19696,50931,23604,41284,12660,12527,22833,32839,22332,49664,3732,3785,9138,14411,9912,21884,11973,32627,15073,26800,8573,9004,12544,20100,10906,31039,316006,238499,16581,3092,66074,0,0,64,28
2021-02-24T23:59:59+01:00,11,16,7937,7697,15681,23996,15946,34469,18983,49419,22813,40085,12267,12191,21533,31351,20653,47046,3660,3718,8997,14120,9736,21429,11769,32001,14811,26267,8432,8866,12402,19927,10841,30828,307794,235731,15614,2161,58785,0,0,64,27
2021-02-23T23:59:59+01:00,11,16,7454,7218,14866,22822,15261,33249,18263,48011,22096,39016,11959,11867,20193,29778,19039,44490,3619,3642,8877,13918,9598,21032,11580,31421,14512,25765,8264,8724,12275,19716,10770,30594,299678,232897,14814,1499,51212,0,0,64,25
2021-02-22T23:59:59+01:00,10,14,7347,7012,14484,22206,14910,32522,17799,47001,21601,38283,11760,11618,19444,28769,17725,42537,3590,3540,8740,13627,9435,20530,11325,30678,14143,25167,8018,8531,12076,19464,10664,30289,293808,229590,14203,314,47126,0,0,62,25
2021-02-21T23:59:59+01:00,10,14,7257,6886,14162,21760,14491,31939,17383,46350,21162,37789,11654,11516,19281,28556,17477,42204,3551,3500,8656,13503,9358,20314,11253,30386,14022,24898,7959,8469,12020,19356,10593,30125,292663,227749,13832,299,43490,0,0,60,25
2021-02-20T23:59:59+01:00,10,14,7140,6836,14037,21680,14375,31804,17264,46199,21003,37606,11555,11432,18498,27638,16419,40735,3549,3494,8646,13495,9348,20293,11239,30361,14008,24887,7954,8460,11956,19291,10539,30058,288402,227366,13635,298,42299,0,0,60,24
2021-02-19T23:59:59+01:00,8,13,6838,6585,13685,21242,14004,31137,16791,45402,20298,36737,10953,11030,17452,26308,15260,39127,3469,3471,8570,13467,9305,20236,11201,30268,13950,24793,7912,8400,11735,19019,10346,29727,282019,225660,13259,297,37681,0,0,57,22
2021-02-18T23:59:59+01:00,8,13,6441,6111,13059,20099,13365,29766,15975,43534,19425,35160,10725,10813,16860,25557,14684,38242,3284,3334,8236,12928,9012,19487,10851,29227,13582,23965,7708,8092,11149,18069,9850,28579,278445,217144,12678,297,28801,0,0,56,21
2021-02-17T23:59:59+01:00,8,12,6275,5769,12614,19219,12875,28577,15274,41814,18778,33835,10496,10562,16104,24744,13907,37054,3035,3174,7896,12412,8712,18697,10483,28181,13195,23116,7475,7857,10594,17218,9415,27764,273778,209014,11946,293,22274,0,0,56,21
2021-02-16T23:59:59+01:00,8,12,5950,5467,12078,18387,12373,27506,14730,40440,18185,32801,10342,10460,15434,23916,13399,36266,2854,3054,7593,11960,8405,17973,10088,27090,12737,22220,7206,7564,9885,16051,8690,26217,270247,199532,11450,137,16138,0,0,54,21
2021-02-15T23:59:59+01:00,8,12,5844,5286,11782,17743,12106,26724,14383,39447,17840,32033,10215,10349,14876,23266,13040,35732,2765,2973,7400,11638,8187,17466,9786,26245,12388,21538,6938,7281,9193,14995,8178,24938,267160,191901,10848,91,12762,0,0,51,20
2021-02-14T23:59:59+01:00,8,12,5576,5171,11532,17473,11882,26289,14151,39000,17649,31756,10171,10299,14642,22926,12875,35339,2715,2935,7287,11473,8059,17260,9610,25913,12209,21236,6843,7157,8971,14613,7991,24401,266156,188666,9915,89,10765,0,0,49,20
2021-02-13T23:59:59+01:00,8,12,5516,5133,11482,17436,11851,26257,14123,38968,17629,31737,10157,10271,14615,22893,12861,35321,2711,2932,7282,11466,8047,17238,9594,25878,12182,21193,6812,7123,8816,14401,7639,23774,265911,187161,9911,9,10534,0,0,48,19
2021-02-12T23:59:59+01:00,8,11,4999,4815,10913,17073,11534,25706,13805,38325,17298,31098,10047,10164,14434,22680,12780,35212,2660,2899,7187,11309,7947,17007,9447,25487,11969,20746,6629,6889,8453,13841,7046,22435,264222,182026,9900,7,6865,0,0,47,19
2021-02-11T23:59:59+01:00,8,11,4537,4514,10327,16393,11122,24900,13327,37066,16810,30239,9732,9903,14152,22232,12500,34526,2491,2624,6587,10117,7260,15273,8586,22868,10917,18662,5977,6179,7409,12228,6234,20123,260997,163609,8257,4,3130,0,0,45,15
2021-02-10T23:59:59+01:00,8,11,4291,4346,9992,15945,10814,24362,13016,36183,16395,29490,9514,9766,13970,22027,12408,34320,2129,2332,5649,8652,6456,13234,7601,19961,9792,16624,5435,5595,6423,10569,5462,18074,258347,144064,7757,3,839,0,0,42,3
2021-02-09T23:59:59+01:00,8,10,4227,4247,9868,15678,10704,23959,12843,35563,16183,29017,9336,9626,13775,21814,12266,34094,1733,1979,4867,7383,5683,11445,6684,17448,8711,14628,4861,4965,5376,9016,4733,15972,255891,125554,6978,1,434,0,0,41,3
2021-02-08T23:59:59+01:00,8,10,4193,4192,9774,15467,10595,23598,12724,35101,16039,28657,9242,9560,13573,21530,12158,33897,1568,1784,4308,6386,5019,9873,5868,14920,7693,12773,4304,4437,4400,7430,3972,13893,253510,108692,6464,1,428,0,0,39,3
2021-02-07T23:59:59+01:00,8,10,4028,4125,9617,15331,10493,23433,12644,34839,15927,28464,9201,9514,13426,21347,12084,33753,1354,1540,3889,5714,4606,8995,5444,13759,7208,11817,4052,4180,4172,7037,3812,13298,252411,100939,5919,1,0,0,0,35,2
2021-02-06T23:59:59+01:00,8,10,4019,4116,9606,15315,10480,23398,12622,34789,15909,28407,9182,9501,13409,21313,11978,33555,1202,1345,3657,5410,4421,8571,5228,13176,6929,11263,3918,4048,4047,6888,3535,12840,252070,96538,5633,1,0,0,0,35,1
2021-02-05T23:59:59+01:00,8,9,3946,4048,9534,15172,10414,23148,12536,34421,15795,28124,9098,9428,13338,21242,11628,32959,1061,1115,3376,4967,4162,7993,4913,12401,6547,10536,3665,3805,3889,6657,3029,11949,250191,90121,4741,0,0,0,0,35,1
2021-02-04T23:59:59+01:00,8,9,3888,3923,9413,14855,10238,22601,12349,33624,15577,27562,8975,9317,13113,20949,11513,32754,796,782,2553,3717,3228,6257,3962,9863,5229,8324,2994,3095,3277,5683,2641,10465,246237,72909,4516,0,0,0,0,33,1
2021-02-03T23:59:59+01:00,8,9,3819,3851,9311,14633,10134,22263,12216,33113,15427,27143,8866,9202,12972,20773,11436,32585,661,614,1926,2802,2496,4832,2992,7575,4004,6276,2184,2226,2392,4207,1915,7840,243504,54975,4343,0,0,0,0,32,1
2021-02-02T23:59:59+01:00,8,9,3751,3755,9212,14439,10036,21884,12074,32547,15225,26690,8740,9086,12850,20560,11352,32320,525,486,1458,2072,1907,3634,2251,5761,2986,4693,1544,1529,1631,2772,1333,5212,240283,39816,4341,0,0,0,0,30,1
2021-02-01T23:59:59+01:00,7,9,3711,3665,9134,14208,9929,21499,11934,31910,15042,26186,8621,8939,12741,20416,11302,32141,390,352,1015,1428,1256,2424,1468,3774,1857,2972,977,976,964,1691,763,3015,237140,25333,4341,0,0,0,0,28,1
2021-01-31T23:59:59+01:00,7,9,3693,3630,9080,14099,9860,21294,11866,31613,14939,25990,8566,8880,12689,20305,11257,32012,361,331,893,1239,1067,2052,1267,3221,1628,2605,880,885,863,1507,692,2708,235649,22208,4226,0,0,0,0,27,1
2021-01-30T23:59:59+01:00,7,9,3692,3627,9070,14086,9847,21271,11853,31593,14927,25976,8562,8875,12620,20236,11191,31935,345,307,833,1155,1011,1928,1203,3031,1553,2468,852,859,844,1467,677,2655,235330,21196,4133,0,0,0,0,27,1
2021-01-29T23:59:59+01:00,7,9,3632,3612,9009,14057,9818,21219,11820,31518,14880,25909,8538,8852,12435,20011,11011,31693,278,224,712,982,867,1568,1049,2642,1342,2143,763,768,795,1412,659,2602,234112,18812,4004,0,0,0,0,26,1
2021-01-28T23:59:59+01:00,7,8,3514,3525,8805,13669,9598,20706,11588,30936,14554,25412,8401,8751,12002,19391,10655,31116,131,57,293,360,374,610,459,1144,611,958,399,423,464,812,376,1570,229329,9045,3397,0,0,0,0,24,0
2021-01-27T23:59:59+01:00,7,8,3283,3390,8512,13251,9298,20082,11204,30102,14167,24676,8184,8540,11451,18588,10231,30353,80,33,202,222,241,414,305,798,432,656,301,307,343,604,281,1148,222623,6370,2786,0,0,0,0,24,0
2021-01-26T23:59:59+01:00,6,8,3119,3292,8230,12913,9035,19513,10900,29347,13771,24042,7946,8318,10875,17675,9584,29205,75,29,187,212,225,381,289,745,401,596,287,281,316,541,254,1018,215915,5840,1945,0,0,0,0,24,0
2021-01-25T23:59:59+01:00,6,8,3031,3198,7947,12432,8746,18810,10514,28347,13292,23280,7667,8117,10257,16857,9127,28304,67,21,166,191,191,322,250,624,350,493,251,236,262,463,205,831,209613,4926,408,0,0,0,0,22,0
2021-01-24T23:59:59+01:00,6,8,2987,3177,7862,12353,8672,18685,10405,28187,13163,23097,7623,8081,10192,16745,9079,28208,66,20,162,187,189,309,247,603,341,479,242,232,260,456,201,816,208306,4813,304,0,0,0,0,22,0
2021-01-23T23:59:59+01:00,6,8,2986,3176,7861,12350,8668,18675,10403,28173,13157,23092,7616,8078,10068,16580,8751,27621,65,20,162,187,188,308,245,603,339,479,242,232,260,456,201,814,207048,4804,302,0,0,0,0,21,0
2021-01-22T23:59:59+01:00,6,8,2923,3130,7737,12237,8585,18533,10293,28000,13076,22978,7585,8043,9871,16278,8233,26598,65,20,161,187,188,308,245,603,338,479,242,232,260,456,201,814,203897,4802,301,0,0,0,0,18,0
2021-01-21T23:59:59+01:00,6,8,2841,2960,7238,11324,8102,17387,9756,26374,12471,21763,7302,7717,9235,15334,7716,25547,59,18,146,173,171,277,219,528,301,439,218,207,233,379,176,692,192861,4239,301,0,0,0,0,16,0
2021-01-20T23:59:59+01:00,6,8,2481,2614,6356,9911,7357,15432,8805,23547,11363,19692,6702,7067,8142,13568,6902,23323,57,18,145,168,168,275,211,514,289,417,206,200,227,354,162,654,173049,4068,297,0,0,0,0,16,0
2021-01-19T23:59:59+01:00,6,8,2042,2259,5454,8524,6496,13542,7787,20767,10095,17458,5946,6188,6759,11380,5881,20276,41,11,96,124,114,169,148,351,190,289,131,114,141,237,114,488,150712,2759,216,0,0,0,0,16,0
2021-01-18T23:59:59+01:00,5,8,1770,1971,4697,7141,5543,11311,6590,17174,8670,14745,5071,5308,5381,9131,4811,16806,22,6,38,46,52,79,65,161,75,145,57,53,66,130,62,220,126096,1278,92,0,0,0,0,16,0
2021-01-17T23:59:59+01:00,4,8,1496,1681,4185,6346,5036,10180,6054,15607,8030,13483,4731,4959,5006,8456,4482,15800,8,2,8,15,16,28,20,50,28,56,23,23,20,31,13,47,115506,388,87,0,0,0,0,15,0
2021-01-16T23:59:59+01:00,4,7,1330,1478,3968,6025,4856,9742,5797,14944,7702,12790,4541,4731,4794,8181,4130,15197,0,0,0,1,1,2,1,1,1,2,0,1,1,0,0,1,110256,12,8,0,0,0,0,14,0
2021-01-15T23:59:59+01:00,4,7,1180,1252,3713,5604,4602,9177,5507,14109,7296,11992,4251,4439,4606,7875,3594,14150,0,0,0,0,0,0,0,0,0,0,0,0,0,0,0,0,103397,0,4,0,0,0,0,14,0
2021-01-14T23:59:59+01:00,3,4,906,941,2968,4420,3737,7362,4566,11365,5905,9646,3455,3570,3869,6650,3111,12345,0,0,0,0,0,0,0,0,0,0,0,0,0,0,0,0,84855,0,0,0,0,0,0,14,0
2021-01-13T23:59:59+01:00,3,3,771,788,2495,3688,3153,6140,3795,9425,4814,7770,2586,2658,2922,5069,2382,9445,0,0,0,0,0,0,0,0,0,0,0,0,0,0,0,0,67933,0,0,0,0,0,0,13,0
2021-01-12T23:59:59+01:00,2,3,639,658,2087,3025,2596,4990,3038,7585,3795,6104,1856,1841,1997,3434,1687,6449,0,0,0,0,0,0,0,0,0,0,0,0,0,0,0,0,51818,0,0,0,0,0,0,1,0
2021-01-11T23:59:59+01:00,1,1,495,523,1738,2448,2081,3991,2353,5765,2821,4427,1192,1138,1196,2020,931,3672,0,0,0,0,0,0,0,0,0,0,0,0,0,0,0,0,36816,0,0,0,0,0,0,1,0
2021-01-10T23:59:59+01:00,1,1,438,454,1478,2023,1742,3269,1945,4780,2344,3709,1052,1012,1052,1772,830,3219,0,0,0,0,0,0,0,0,0,0,0,0,0,0,0,0,31135,0,0,0,0,0,0,1,0
2021-01-09T23:59:59+01:00,1,1,407,409,1354,1846,1596,2979,1792,4332,2159,3378,980,942,997,1719,812,3176,0,0,0,0,0,0,0,0,0,0,0,0,0,0,0,0,28892,0,0,0,0,0,0,1,0
2021-01-08T23:59:59+01:00,1,1,310,280,1104,1501,1317,2309,1472,3553,1788,2761,846,834,909,1596,764,3021,0,0,0,0,0,0,0,0,0,0,0,0,0,0,0,0,24376,0,0,0,0,0,0,1,0
2021-01-07T23:59:59+01:00,1,0,145,75,397,506,481,792,592,1365,781,1202,466,481,560,964,465,1910,0,0,0,0,0,0,0,0,0,0,0,0,0,0,0,0,11186,0,0,0,0,0,0,0,0
2021-01-06T23:59:59+01:00,1,0,111,43,267,285,308,515,396,923,531,823,358,359,423,748,358,1443,0,0,0,0,0,0,0,0,0,0,0,0,0,0,0,0,7895,0,0,0,0,0,0,0,0
2021-01-05T23:59:59+01:00,1,0,87,30,189,230,242,429,318,814,448,701,342,346,407,716,351,1389,0,0,0,0,0,0,0,0,0,0,0,0,0,0,0,0,7043,0,0,0,0,0,0,0,0
2021-01-04T23:59:59+01:00,1,0,69,24,172,193,200,335,255,632,354,510,267,253,288,518,234,932,0,0,0,0,0,0,0,0,0,0,0,0,0,0,0,0,5239,0,0,0,0,0,0,0,0
2021-01-03T23:59:59+01:00,1,0,67,20,165,188,195,320,253,616,345,493,259,251,284,505,232,915,0,0,0,0,0,0,0,0,0,0,0,0,0,0,0,0,5111,0,0,0,0,0,0,0,0
2021-01-02T23:59:59+01:00,1,0,67,20,165,188,195,320,250,616,342,493,259,251,284,505,232,914,0,0,0,0,0,0,0,0,0,0,0,0,0,0,0,0,5104,0,0,0,0,0,0,0,0
2021-01-01T23:59:59+01:00,1,0,66,20,164,188,195,319,249,616,339,491,259,251,284,504,232,914,0,0,0,0,0,0,0,0,0,0,0,0,0,0,0,0,5094,0,0,0,0,0,0,0,0
2020-12-31T23:59:59+01:00,1,0,66,20,164,186,195,318,248,615,338,490,259,251,284,504,232,914,0,0,0,0,0,0,0,0,0,0,0,0,0,0,0,0,5087,0,0,0,0,0,0,0,0
2020-12-30T23:59:59+01:00,1,0,65,20,164,185,193,315,248,613,338,488,259,251,284,504,231,914,0,0,0,0,0,0,0,0,0,0,0,0,0,0,0,0,5075,0,0,0,0,0,0,0,0
2020-12-29T23:59:59+01:00,1,0,46,12,116,140,144,212,180,439,238,374,178,163,196,375,170,713,0,0,0,0,0,0,0,0,0,0,0,0,0,0,0,0,3698,0,0,0,0,0,0,0,0
2020-12-28T23:59:59+01:00,1,0,25,8,64,77,80,122,101,251,118,230,97,93,104,200,102,388,0,0,0,0,0,0,0,0,0,0,0,0,0,0,0,0,2062,0,0,0,0,0,0,0,0
2020-12-27T23:59:59+01:00,0,0,12,3,17,26,36,47,36,89,37,94,32,29,41,73,31,145,0,0,0,0,0,0,0,0,0,0,0,0,0,0,0,0,748,0,0,0,0,0,0,0,0
