Datum,<15_1_m,<15_1_w,15-24_1_m,15-24_1_w,25-34_1_m,25-34_1_w,35-44_1_m,35-44_1_w,45-54_1_m,45-54_1_w,55-64_1_m,55-64_1_w,65-74_1_m,65-74_1_w,75-84_1_m,75-84_1_w,>84_1_m,>84_1_w,<15_2_m,<15_2_w,15-24_2_m,15-24_2_w,25-34_2_m,25-34_2_w,35-44_2_m,35-44_2_w,45-54_2_m,45-54_2_w,55-64_2_m,55-64_2_w,65-74_2_m,65-74_2_w,75-84_2_m,75-84_2_w,>84_2_m,>84_2_w,bp_1,bp_2,mo_1,mo_2,az_1,az_2,ja,unb_1,unb_2
2021-12-06T23:59:59+01:00,99928,93675,360588,338016,466576,429288,465733,452244,516914,521438,552752,550698,365761,409285,252403,325219,74521,137653,52957,50218,316266,300056,423411,385686,429522,415404,484894,488070,527631,524811,354326,395374,245701,315209,71600,131238,4718055,4284893,545810,520836,810535,767396,340014,940,987
2021-12-05T23:59:59+01:00,98700,92564,360187,337627,466129,428700,465343,451830,516593,521094,552431,550361,365546,409022,252309,325040,74491,137556,52474,49738,315019,299023,421991,384518,428471,414490,484119,487284,527010,524223,354084,395095,245601,315064,71571,131162,4711284,4273890,545456,520458,810535,767387,339969,938,985
2021-12-04T23:59:59+01:00,97154,91241,359974,337431,465927,428471,465182,451682,516455,520970,552328,550255,365497,408955,252295,325012,74481,137537,52196,49497,314117,298288,421084,383767,427812,413945,483583,486849,526671,523923,354009,395007,245562,315007,71564,131148,4706751,4267137,545337,520328,810535,767386,339945,938,985
2021-12-03T23:59:59+01:00,93686,88042,359475,336987,465544,427971,464839,451273,516173,520632,552083,549948,365360,408785,252237,324901,74449,137489,51579,48926,312363,296809,419540,382396,426593,412840,482550,485945,525908,523312,353847,394825,245493,314891,71549,131123,4696067,4253971,545079,519991,810534,767379,339915,938,985
2021-12-02T23:59:59+01:00,90411,85003,358747,336320,464815,427100,464235,450559,515680,520051,551651,549375,365116,408460,252078,324651,74390,137338,50651,47997,310226,294917,417517,380468,424749,411187,480994,484574,524881,522312,353528,394426,245315,314624,71494,131025,4682755,4235085,544571,519351,810533,767378,339840,938,983
2021-12-01T23:59:59+01:00,88261,83017,358201,335777,464249,426312,463709,449942,515219,519535,551214,548863,364848,408073,251944,324406,74344,137203,50028,47425,308607,293575,415829,378842,423347,409948,479806,483527,524005,521463,353197,394020,245157,314387,71462,130923,4672305,4220243,544221,518918,810530,767374,339781,936,983
2021-11-30T23:59:59+01:00,85618,80603,357572,335211,463513,425435,463117,449238,514732,519014,550719,548286,364520,407687,251787,324141,74271,137034,49556,46964,307262,292432,414337,377481,422211,408855,478753,482605,523225,520727,352885,393686,245010,314187,71433,130842,4660233,4207542,543735,518583,810527,767372,339721,936,983
2021-11-29T23:59:59+01:00,82676,77918,357011,334744,462886,424715,462616,448663,514338,518515,550337,547834,364272,407352,251690,323918,74214,136889,49173,46556,305934,291350,412833,376224,421013,407903,477756,481724,522480,520038,352615,393396,244874,313968,71410,130763,4648742,4195554,543375,518205,810521,767352,339666,936,983
2021-11-28T23:59:59+01:00,80582,76044,356561,334324,462359,424112,462223,448200,513968,518109,550006,547472,364108,407125,251604,323750,74177,136803,48915,46298,305134,290679,411813,375442,420217,407294,477130,481172,522029,519614,352451,393190,244782,313850,71387,130714,4640057,4187993,543051,517939,810512,767326,339621,936,981
2021-11-27T23:59:59+01:00,78548,74182,356248,334081,462032,423785,461936,447940,513741,517911,549854,547316,364050,407036,251580,323709,74161,136788,48755,46145,304575,290206,411181,374971,419715,406948,476699,480860,521768,519407,352394,393126,244755,313821,71379,130708,4633678,4183519,542843,517757,810511,767325,339579,936,981
2021-11-26T23:59:59+01:00,75032,70889,355548,333458,461414,423088,461461,447378,513259,517471,549501,546937,363907,406833,251513,323585,74144,136728,48377,45795,303532,289352,410074,374207,418785,406181,475913,480229,521292,518989,352276,392981,244699,313747,71362,130692,4621227,4174979,542608,517440,810505,767312,339519,936,981
2021-11-25T23:59:59+01:00,71176,67499,354506,332439,460357,421757,460561,446342,512430,516551,548827,546169,363539,406408,251340,323312,74089,136610,47775,45203,301943,287973,408348,372712,417421,404926,474663,479104,520491,518261,352057,392708,244598,313582,71332,130624,4603665,4160842,542054,516928,810494,767310,339404,936,981
2021-11-24T23:59:59+01:00,69466,65763,353657,331699,459523,420775,459774,445497,511761,515833,548201,545502,363248,405939,251197,322990,74023,136446,47452,44887,300951,287078,407061,371615,416411,404066,473775,478313,519787,517647,351841,392405,244477,313399,71298,130549,4591496,4150557,541707,516611,810487,767298,339309,935,981
2021-11-23T23:59:59+01:00,67670,64185,352757,330893,458635,419684,458929,444621,511004,515042,547571,544825,362920,405481,250996,322667,73949,136298,47156,44623,300066,286372,405913,370707,415517,403326,472953,477603,519195,517117,351622,392122,244352,313200,71255,130458,4578892,4141516,541244,516307,810485,767288,339209,935,979
2021-11-22T23:59:59+01:00,66243,62882,351831,330118,457642,418661,458043,443791,510339,514270,546972,544176,362605,405052,250842,322392,73893,136148,46922,44373,299154,285677,404782,369874,414613,402650,472243,476940,518644,516695,351424,391871,244248,313053,71228,130387,4567152,4133075,540890,516111,810482,767276,339079,934,977
2021-11-21T23:59:59+01:00,65164,61813,351046,329463,456732,417775,457280,443155,509732,513670,546485,543662,362375,404721,250735,322224,73854,136051,46795,44250,298631,285292,404138,369417,414077,402212,471815,476566,518328,516413,351281,391713,244183,312942,71211,130349,4557647,4128229,540575,515923,810461,767267,338956,934,977
2021-11-20T23:59:59+01:00,64475,61179,350321,328929,455988,417078,456582,442636,509266,513241,546166,543313,362253,404570,250689,322150,73842,136024,46732,44170,298311,285036,403705,369141,413722,401960,471507,476322,518141,516273,351233,391643,244161,312914,71206,130346,4550767,4125353,540305,515793,810457,767263,338875,934,977
2021-11-19T23:59:59+01:00,63206,59902,348799,327563,454653,415753,455430,441521,508343,512307,545535,542649,362015,404283,250599,322024,73817,135967,46478,43921,297381,284391,402768,368423,412922,401338,470799,475773,517672,515941,351116,391492,244104,312842,71193,130326,4536979,4118131,539902,515525,810453,767254,338731,934,977
2021-11-18T23:59:59+01:00,61543,58295,346768,325712,452759,413623,453799,439828,507009,510973,544637,541666,361595,403768,250433,321729,73782,135833,45977,43433,296025,283221,401380,367291,411746,400331,469831,474879,516889,515361,350874,391190,243972,312651,71150,130250,4517166,4106357,539382,515159,810446,767242,338454,933,977
2021-11-17T23:59:59+01:00,60504,57270,345033,324250,451081,411857,452400,438454,505829,509894,543792,540732,361219,403311,250281,321454,73724,135691,45682,43135,295128,282438,400331,366393,410927,399574,469062,474197,516284,514845,350636,390887,243859,312468,71124,130166,4500855,4097573,538948,514861,810435,767231,338231,933,977
2021-11-16T23:59:59+01:00,59573,56416,343118,322707,449129,410038,450860,436989,504592,508717,542902,539830,360843,402851,250098,321145,73660,135556,45408,42881,294294,281745,399449,365594,410198,398940,468453,473597,515770,514390,350412,390635,243705,312287,71092,130084,4483888,4089905,538455,514619,810429,767227,337943,933,976
2021-11-15T23:59:59+01:00,58735,55631,340944,320966,446944,408093,449229,435494,503310,507484,541997,538947,360484,402462,249938,320912,73622,135455,45196,42703,293529,281162,398653,364951,409543,398376,467945,473098,515376,514023,350222,390413,243607,312128,71058,129990,4466191,4083485,538112,514408,810411,767219,337621,933,975
2021-11-14T23:59:59+01:00,57837,54754,339107,319587,445143,406462,447868,434312,502236,506470,541241,538275,360226,402164,249834,320758,73594,135385,44987,42495,292868,280631,397957,364339,409000,397881,467475,472672,515044,513683,350025,390259,243531,312027,71038,129958,4451480,4077841,537752,514259,810386,767208,337322,933,972
2021-11-13T23:59:59+01:00,57308,54261,337567,318290,443676,405221,446720,433349,501347,505726,540700,537841,360112,402027,249783,320691,73578,135368,44890,42413,292531,280340,397636,364057,408741,397642,467221,472461,514885,513541,349971,390200,243505,311990,71033,129947,4440179,4075254,537564,514174,810375,767203,337133,933,972
2021-11-12T23:59:59+01:00,56478,53436,334938,316168,441463,403387,444971,431775,500001,504439,539796,537091,359924,401775,249686,320545,73553,135337,44692,42196,291758,279729,396910,363471,408117,397145,466696,472014,514516,513255,349860,390063,243465,311928,71017,129924,4422081,4069498,537160,513992,810369,767190,336835,933,972
2021-11-11T23:59:59+01:00,55290,52224,331439,313406,438371,400567,442422,429512,498055,502622,538529,535940,359522,401281,249525,320288,73504,135239,44234,41742,290687,278817,395973,362515,407274,396328,466000,471288,513960,512760,349641,389825,243349,311769,70982,129846,4396440,4060710,536384,513632,810351,767172,336236,933,970
2021-11-10T23:59:59+01:00,54498,51558,328678,311212,435568,398149,440304,427663,496382,501076,537406,534874,359151,400834,249363,320029,73461,135138,43974,41458,289869,278059,395122,361718,406590,395650,465393,470686,513480,512314,349393,389564,243210,311600,70949,129777,4375161,4053380,535885,513402,810324,767144,335639,933,970
2021-11-09T23:59:59+01:00,53866,50911,326397,309372,433259,396275,438652,426149,494967,499792,536421,533983,358831,400491,249221,319826,73428,135041,43692,41198,289178,277482,394466,361092,406063,395106,464944,470155,513039,511876,349186,389319,243097,311441,70912,129695,4357752,4047500,535377,512979,810296,767105,335115,933,969
2021-11-08T23:59:59+01:00,53153,50223,323290,306972,430279,393854,436399,424307,493204,498269,535275,532926,358420,400091,249070,319602,73396,134956,43487,41005,288488,276847,393749,360440,405570,394575,464486,469654,512666,511484,348983,389088,243021,311307,70884,129631,4335948,4042016,534810,512697,810264,767089,334319,933,969
2021-11-07T23:59:59+01:00,52750,49839,321682,305773,428568,392393,435011,423225,492155,497438,534642,532347,358221,399853,248975,319503,73376,134907,43328,40841,288000,276426,393233,359932,405149,394190,464168,469290,512409,511238,348869,388954,242943,311220,70873,129593,4323817,4038044,534410,512470,810244,767059,333839,933,969
2021-11-06T23:59:59+01:00,52443,49547,320838,304970,427600,391621,434294,422654,491544,496949,534309,532060,358161,399782,248940,319471,73370,134898,43275,40799,287810,276259,393014,359762,405015,394065,464056,469173,512332,511172,348840,388924,242930,311204,70869,129587,4316902,4036686,534294,512436,810240,767057,333663,933,969
2021-11-05T23:59:59+01:00,51822,48925,319110,303509,425898,390034,432816,421418,490396,495921,533627,531507,358047,399622,248900,319399,73363,134878,43047,40578,287249,275832,392561,359328,404636,393712,463727,468850,512113,510981,348769,388839,242894,311155,70862,129571,4303721,4033059,533778,512248,810230,767046,333106,933,969
2021-11-04T23:59:59+01:00,51106,48229,316848,301522,423388,387936,430854,419776,488736,494552,532690,530792,357836,399371,248813,319264,73336,134816,42638,40131,286283,274950,391653,358389,403853,392947,463089,468214,511584,510516,348587,388641,242791,310982,70819,129503,4286324,4025599,533218,511969,810216,767016,331741,932,968
2021-11-03T23:59:59+01:00,50720,47845,315455,300377,421661,386636,429564,418766,487722,493709,532037,530274,357677,399198,248742,319161,73313,134767,42337,39843,285489,274278,390888,357667,403281,392401,462587,467762,511205,510182,348425,388431,242683,310831,70784,129419,4274920,4019234,532934,511816,810209,767005,331193,931,968
2021-11-02T23:59:59+01:00,50393,47519,314107,299403,419972,385420,428269,417889,486648,492983,531419,529777,357531,399013,248670,319061,73294,134701,41962,39500,284650,273582,390109,356958,402662,391843,462090,467278,510824,509790,348239,388222,242593,310686,70754,129329,4264336,4012688,532626,511625,810202,766989,330523,931,967
2021-11-01T23:59:59+01:00,49988,47139,312602,298273,418289,384285,426913,416986,485606,492247,530874,529392,357403,398883,248620,319000,73281,134666,41710,39218,283971,272970,389423,356407,402097,391390,461630,466904,510511,509525,348122,388101,242534,310571,70734,129268,4253975,4007907,532365,511405,810169,766974,329554,930,966
2021-10-31T23:59:59+01:00,49929,47104,312402,298153,418057,384156,426695,416847,485475,492157,530808,529343,357389,398871,248617,318994,73281,134664,41653,39171,283850,272902,389318,356327,402004,391331,461572,466867,510477,509499,348111,388092,242531,310566,70730,129263,4252714,4007304,532298,511365,810166,766970,329380,930,965
2021-10-30T23:59:59+02:00,49873,47065,312200,298025,417734,383996,426473,416687,485266,491996,530685,529284,357368,398847,248612,318984,73278,134658,41616,39162,283747,272830,389207,356256,401911,391265,461511,466806,510434,509480,348103,388084,242528,310560,70726,129259,4251017,4006757,532251,511303,810165,766967,329212,930,965
2021-10-29T23:59:59+02:00,49653,46832,311155,297307,416405,383109,425346,415979,484363,491367,530174,528996,357297,398774,248573,318940,73268,134637,41484,39056,283249,272460,388714,355863,401487,390968,461155,466522,510226,509323,348044,388029,242508,310521,70719,129245,4243328,4003884,531963,511145,810161,766962,328334,930,965
2021-10-28T23:59:59+02:00,49198,46403,309355,295965,414310,381682,423708,414810,483053,490380,529432,528468,357141,398606,248507,318858,73257,134595,41171,38763,282284,271612,387751,355041,400712,390308,460536,465989,509757,509000,347895,387841,242435,310421,70697,129189,4230962,3997687,531527,510838,810146,766930,326692,930,965
2021-10-27T23:59:59+02:00,48870,46078,308445,295180,413204,380801,422836,414087,482326,489838,529014,528158,357041,398433,248449,318762,73240,134559,40877,38472,281535,270928,387097,354426,400218,389815,460107,465553,509451,508714,347736,387664,242356,310297,70670,129126,4223472,3992144,531215,510646,810140,766901,326091,930,965
2021-10-26T23:59:59+02:00,48458,45665,307367,294217,412047,379860,421931,413401,481625,489237,528592,527833,356921,398306,248389,318678,73217,134510,40517,38103,280655,269991,386332,353688,399652,389250,459661,465094,509089,508411,347589,387501,242256,310141,70644,129056,4215312,3985584,530994,510483,810127,766885,325413,930,965
2021-10-25T23:59:59+02:00,48301,45528,306849,293756,411463,379427,421439,413052,481203,488946,528402,527666,356878,398248,248376,318652,73211,134503,40451,38042,280426,269800,386085,353509,399473,389112,459509,464975,508988,508333,347567,387468,242245,310122,70640,129045,4211565,3984333,530926,510439,810123,766875,324877,930,965
2021-10-24T23:59:59+02:00,48088,45344,306292,293270,410772,378909,420919,412630,480776,488622,528183,527475,356814,398161,248344,318626,73203,134490,40260,37881,279950,269327,385616,353103,399114,388789,459235,464716,508816,508150,347473,387369,242207,310056,70627,129025,4207340,3981012,530769,510302,810120,766856,324277,930,965
2021-10-23T23:59:59+02:00,48051,45313,306128,293136,410558,378763,420763,412488,480663,488531,528110,527425,356793,398136,248340,318620,73202,134486,40220,37837,279859,269219,385494,353030,399034,388711,459163,464652,508780,508117,347453,387355,242206,310050,70626,129024,4206150,3980347,530700,510237,810118,766853,324126,930,965
2021-10-22T23:59:59+02:00,47798,45079,305345,292568,409661,378072,420014,411929,480089,488052,527753,527173,356735,398066,248321,318586,73196,134474,39968,37594,279294,268692,384990,352589,398608,388343,458854,464375,508553,507945,347385,387290,242184,310008,70620,129014,4200481,3976660,530425,510070,810117,766836,323471,930,965
2021-10-21T23:59:59+02:00,47321,44622,304212,291684,408402,377085,419000,411113,479248,487392,527206,526791,356609,397926,248254,318481,73175,134420,39386,37032,278219,267630,384080,351708,397879,387569,458215,463800,508132,507580,347227,387088,242091,309849,70594,128962,4191764,3968757,530147,509693,810112,766822,322499,929,965
2021-10-20T23:59:59+02:00,47095,44367,303594,291135,407716,376458,418433,410648,478808,487011,526912,526554,356516,397802,248183,318389,73150,134360,38966,36654,277462,266871,383458,351040,397348,386958,457780,463347,507777,507254,347050,386885,241992,309707,70555,128885,4186474,3962260,529995,509516,810104,766809,322134,928,965
2021-10-19T23:59:59+02:00,46805,44089,303029,290650,407193,375979,418041,410294,478513,486733,526674,526346,356400,397672,248122,318298,73117,134306,38512,36199,276569,266034,382740,350325,396864,386414,457370,462886,507441,506930,346863,386654,241886,309558,70518,128802,4182096,3955382,529867,509341,810094,766790,321779,928,964
2021-10-18T23:59:59+02:00,46605,43891,302468,290171,406666,375527,417660,409932,478221,486487,526436,526137,356304,397565,248070,318203,73096,134264,38224,35939,275918,265343,382187,349675,396440,385921,457028,462494,507149,506654,346708,386502,241801,309431,70485,128752,4178059,3950041,529720,509156,810089,766770,321407,928,964
2021-10-17T23:59:59+02:00,46492,43772,302135,289911,406390,375268,417436,409766,478061,486325,526330,526007,356244,397510,248048,318155,73082,134227,37975,35684,275404,264834,381812,349294,396151,385580,456782,462260,506983,506480,346617,386389,241764,309363,70462,128701,4175812,3946332,529643,508994,810077,766733,321197,928,964
2021-10-16T23:59:59+02:00,46463,43739,302055,289847,406309,375208,417391,409720,478015,486286,526303,525990,356238,397501,248044,318149,73080,134225,37933,35639,275297,264724,381732,349223,396094,385507,456740,462215,506955,506456,346608,386380,241761,309358,70461,128696,4175312,3945710,529618,508933,810077,766731,321126,928,964
2021-10-15T23:59:59+02:00,46313,43579,301617,289499,405930,374882,417090,409457,477768,486058,526141,525856,356186,397461,248027,318118,73071,134210,37701,35392,274733,264136,381320,348826,395751,385162,456461,461931,506756,506285,346547,386305,241721,309311,70456,128675,4172448,3941936,529495,508719,810073,766721,320812,928,964
2021-10-14T23:59:59+02:00,45979,43241,300820,288792,405260,374211,416564,408986,477332,485638,525820,525572,356070,397331,247970,318024,73040,134147,37144,34828,273482,262866,380507,347857,395064,384325,455810,461283,506329,505864,346313,386080,241610,309154,70425,128624,4166869,3933198,529227,508215,810054,766663,320208,928,962
2021-10-13T23:59:59+02:00,45667,42961,300235,288233,404762,373691,416158,408579,476989,485299,525553,525320,355946,397185,247902,317927,73015,134089,36813,34544,272709,262055,379898,347107,394540,383688,455383,460816,505961,505496,346136,385879,241512,308962,70389,128545,4162208,3926817,529041,507942,810047,766617,319776,928,962
2021-10-12T23:59:59+02:00,45338,42682,299575,287683,404234,373150,415747,408190,476678,484988,525300,525087,355838,397047,247856,317838,72987,134039,36517,34255,271871,261191,379203,346381,393998,383120,454961,460384,505598,505146,345912,385658,241405,308812,70348,128435,4157497,3920191,528861,507713,810038,766593,319419,928,960
2021-10-11T23:59:59+02:00,45094,42455,298987,287195,403740,372686,415332,407825,476372,484679,525056,524886,355728,396926,247787,317744,72951,133975,36231,33999,271115,260456,378527,345701,393506,382564,454579,459934,505264,504841,345717,385461,241311,308669,70307,128353,4153304,3914295,528685,507432,810026,766567,318959,928,960
2021-10-10T23:59:59+02:00,44933,42320,298624,286908,403393,372375,415093,407572,476188,484482,524908,524754,355678,396871,247763,317706,72933,133946,36063,33872,270634,260036,378063,345230,393173,382221,454289,459648,505041,504664,345621,385359,241256,308599,70289,128320,4150858,3910662,528541,507310,810013,766532,318591,928,960
2021-10-09T23:59:59+02:00,44903,42293,298520,286829,403302,372316,415027,407517,476137,484433,524879,524734,355668,396856,247761,317702,72932,133945,36013,33817,270515,259931,377963,345131,393090,382145,454231,459594,505003,504633,345611,385345,241250,308591,70288,128318,4150323,3909951,528500,507237,810010,766520,318477,928,960
2021-10-08T23:59:59+02:00,44661,42084,298011,286418,402841,371938,414721,407220,475852,484193,524662,524564,355606,396795,247726,317650,72914,133931,35805,33539,269947,259366,377536,344698,392710,381764,453952,459266,504823,504474,345547,385261,241216,308546,70277,128306,4146894,3906106,528371,507073,810006,766501,318069,928,959
2021-10-07T23:59:59+02:00,44278,41652,297026,285540,402047,371161,414072,406597,475330,483696,524252,524237,355478,396622,247635,317540,72882,133865,35153,32878,268553,257967,376536,343512,391902,380762,453236,458514,504273,503973,345290,384980,241080,308370,70222,128225,4139941,3896412,528133,505879,809997,766459,317390,928,958
2021-10-06T23:59:59+02:00,44015,41388,296312,284942,401517,370648,413664,406163,474964,483375,523979,523985,355348,396470,247560,317421,72858,133789,34825,32565,267810,257155,375992,342847,391425,380217,452813,458064,503923,503615,345117,384769,240968,308223,70193,128146,4135030,3890296,527999,505764,809990,766424,316894,928,958
2021-10-05T23:59:59+02:00,43697,41090,295594,284254,400875,370020,413139,405675,474579,482968,523692,523680,355202,396313,247482,317274,72829,133694,34524,32250,266991,256309,375302,342106,390883,379606,452307,457596,503571,503256,344924,384549,240857,308051,70146,128072,4129574,3883837,527861,505618,809983,766402,316151,928,958
2021-10-04T23:59:59+02:00,43417,40849,294746,283541,400138,369414,412627,405189,474159,482566,523387,523405,355067,396137,247408,317153,72799,133603,34218,31932,266072,255373,374573,341323,390281,379004,451829,457058,503180,502886,344731,384318,240701,307886,70106,127985,4124252,3877114,527707,505505,809973,766361,315182,926,958
2021-10-03T23:59:59+02:00,43256,40698,294336,283118,399710,369041,412302,404928,473937,482328,523209,523239,354984,396038,247362,317071,72792,133566,34038,31797,265576,254945,374114,340911,389924,378607,451556,456746,502932,502653,344606,384172,240640,307790,70088,127955,4121336,3873527,527604,505388,809947,766305,314536,926,957
2021-10-02T23:59:59+02:00,43219,40661,294212,282991,399586,368949,412215,404845,473873,482268,523172,523207,354970,396014,247361,317068,72790,133564,33991,31758,265437,254813,374014,340821,389846,378528,451499,456692,502901,502615,344593,384148,240638,307783,70086,127955,4120616,3872829,527526,505331,809945,766278,314386,926,957
2021-10-01T23:59:59+02:00,43008,40405,293586,282425,399015,368435,411751,404454,473533,481995,522903,523022,354885,395935,247333,317019,72778,133546,33691,31465,264775,254162,373522,340381,389460,378151,451172,456375,502676,502417,344516,384081,240611,307737,70077,127938,4116629,3868927,527382,505173,809933,766222,313591,926,956
2021-09-30T23:59:59+02:00,42601,40003,292440,281316,397982,367440,410929,403648,472861,481310,522387,522599,354712,395726,247240,316889,72753,133476,33153,30919,263571,252989,372647,339448,388746,377321,450567,455719,502200,502015,344347,383857,240530,307578,70048,127885,4108747,3861819,527035,504165,809912,766138,312119,924,956
2021-09-29T23:59:59+02:00,42257,39696,291659,280565,397235,366720,410369,403063,472355,480814,522022,522285,354528,395521,247164,316755,72724,133410,32851,30609,262809,252222,371999,338786,388284,376741,450138,455259,501847,501671,344172,383676,240437,307415,70026,127827,4102773,3856301,526875,504013,809904,766069,311083,924,955
2021-09-28T23:59:59+02:00,41921,39381,290780,279730,396425,365992,409753,402491,471828,480299,521637,521925,354318,395301,247068,316599,72686,133307,32540,30339,261943,251428,371280,338139,387768,376206,449689,454799,501492,501320,343990,383472,240344,307273,69999,127774,4096426,3850754,526747,503863,809896,766013,309859,924,955
2021-09-27T23:59:59+02:00,41503,38999,289882,278882,395617,365271,409183,401900,471342,479771,521234,521595,354158,395102,246981,316479,72657,133219,32219,29979,260908,250497,370400,337328,387095,375524,449140,454251,501082,500958,343807,383239,240254,307139,69973,127710,4090728,3844526,526580,503711,809888,765901,308057,924,955
2021-09-26T23:59:59+02:00,41129,38693,289302,278340,395109,364820,408838,401548,471036,479476,521022,521405,354047,395002,246937,316409,72638,133178,32060,29845,260397,250031,369946,336925,386747,375149,448846,453955,500875,500770,343714,383147,240196,307066,69957,127674,4086989,3841524,526434,503560,809862,765785,307120,924,955
2021-09-25T23:59:59+02:00,41074,38632,289132,278171,394951,364696,408719,401456,470940,479391,520960,521362,354034,394982,246928,316400,72636,133175,32016,29790,260228,249875,369798,336798,386624,375048,448773,453852,500811,500736,343693,383124,240186,307052,69957,127672,4086222,3840798,526359,503498,809859,765752,306674,924,955
2021-09-24T23:59:59+02:00,40875,38417,288488,277512,394294,364122,408186,400968,470483,478981,520657,521117,353927,394897,246887,316348,72630,133150,31756,29531,259553,249185,369183,336249,386172,374605,448352,453489,500487,500489,343576,383018,240143,306998,69945,127648,4082416,3837056,526206,503394,809849,765681,304937,924,954
2021-09-23T23:59:59+02:00,40237,37743,286769,275838,392807,362750,406989,399750,469431,478011,519901,520430,353628,394621,246756,316132,72587,133032,31361,29111,258247,248092,368022,335254,385226,373770,447530,452749,499889,499972,343339,382773,240030,306849,69919,127572,4072471,3830924,525793,503119,809837,765581,300767,924,952
2021-09-22T23:59:59+02:00,39901,37424,285764,274846,391933,361895,406231,398972,468761,477403,519359,519988,353396,394351,246646,315935,72537,132945,31072,28847,257461,247339,367266,334560,384590,373172,447016,452224,499419,499621,343134,382560,239925,306710,69886,127509,4065549,3825776,525570,502946,809815,765465,298805,923,951
2021-09-21T23:59:59+02:00,39483,36942,284673,273756,390955,360980,405462,398209,468128,476811,518906,519554,353171,394083,246543,315759,72483,132831,30753,28568,256590,246479,366486,333839,383943,372562,446511,451737,499002,499220,342938,382350,239820,306545,69853,127422,4057903,3820104,525407,502747,809804,765384,297061,923,951
2021-09-20T23:59:59+02:00,39128,36664,283524,272672,389889,360034,404629,397393,467423,476189,518408,519095,352924,393854,246435,315577,72439,132734,30368,28197,255461,245488,365489,332988,383140,371785,445787,451149,498536,498775,342709,382133,239714,306357,69817,127344,4050800,3813560,525257,502571,809790,765179,294601,923,950
2021-09-19T23:59:59+02:00,38967,36529,282926,272258,389304,359539,404217,396993,467079,475874,518138,518859,352836,393729,246395,315498,72428,132696,30250,28077,254944,245047,364975,332558,382714,371441,445416,450803,498249,498551,342599,382004,239657,306271,69808,127313,4047436,3810699,525112,502388,809766,764880,293382,923,950
2021-09-18T23:59:59+02:00,38912,36457,282763,272097,389102,359375,404032,396849,466968,475760,518069,518799,352820,393716,246387,315489,72426,132692,30119,27946,254629,244698,364719,332303,382473,371249,445253,450669,498154,498462,342569,381978,239638,306252,69805,127305,4046473,3808806,524997,502307,809763,764867,292909,923,949
2021-09-17T23:59:59+02:00,38579,36091,281856,271263,388307,358616,403305,396192,466352,475233,517686,518436,352669,393570,246324,315418,72402,132660,29851,27679,253884,244013,364027,331703,381880,370744,444783,450257,497814,498173,342448,381841,239587,306174,69792,127283,4041110,3805002,524661,501903,809751,764836,290857,923,949
2021-09-16T23:59:59+02:00,38007,35493,280260,269686,386935,357156,402089,394863,465328,474250,516911,517737,352351,393242,246194,315229,72356,132568,29412,27256,252732,242993,363054,330765,381045,369877,444113,449559,497296,497723,342221,381620,239488,306045,69761,127223,4030153,3798349,523898,501501,809710,764689,288309,923,947
2021-09-15T23:59:59+02:00,37628,35182,279123,268586,386026,356175,401225,394001,464649,473559,516378,517220,352128,392952,246025,315056,72322,132455,29110,26967,251872,242179,362265,329963,380355,369198,443541,449040,496788,497280,342010,381380,239352,305900,69738,127146,4022584,3792660,523608,501266,809696,764615,286205,923,947
2021-09-14T23:59:59+02:00,37315,34874,278150,267617,385078,355308,400484,393227,464038,472902,515846,516765,351880,392709,245896,314886,72279,132387,28834,26728,251088,241384,361528,329289,379742,368596,442997,448526,496367,496894,341814,381164,239241,305754,69714,127091,4015710,3787511,523274,501042,809666,764465,284392,922,946
2021-09-13T23:59:59+02:00,36925,34479,276899,266346,384120,354261,399704,392342,463340,472177,515316,516259,351656,392456,245773,314731,72241,132314,28373,26304,249958,240329,360703,328501,379139,367941,442438,447998,495909,496514,341618,380935,239140,305608,69685,127037,4007452,3780558,522549,500757,809633,764368,283102,922,945
2021-09-12T23:59:59+02:00,36781,34350,276310,265904,383642,353812,399314,391911,463012,471874,515102,516042,351549,392343,245727,314657,72231,132279,28215,26185,249425,239915,360193,328054,378767,367585,442131,447702,495659,496289,341492,380800,239082,305520,69670,126994,4004236,3777506,522381,500564,809596,764240,282024,921,943
2021-09-11T23:59:59+02:00,36702,34301,276119,265693,383416,353623,399153,391753,462877,471750,515031,515980,351519,392312,245718,314641,72229,132276,28068,26086,249142,239729,359970,327896,378617,367442,441981,447584,495591,496234,341468,380772,239074,305507,69670,126990,4003197,3776418,522292,500431,809587,764219,281409,921,941
2021-09-10T23:59:59+02:00,36371,33963,275034,264695,382452,352717,398268,390943,462074,471065,514471,515531,351310,392112,245630,314528,72211,132246,27859,25886,248227,239015,359137,327154,377827,366811,441288,447059,495098,495852,341307,380617,238993,305402,69648,126960,3997819,3772929,522149,500212,809577,764195,277459,920,940
2021-09-09T23:59:59+02:00,35934,33513,273716,263533,381394,351531,397322,389902,461268,470181,513886,515014,351069,391828,245502,314373,72176,132186,27475,25496,247148,238050,358220,326280,377004,366001,440595,446450,494510,495407,341090,380383,238872,305260,69617,126908,3989563,3766797,521844,499813,809530,764042,274769,918,934
2021-09-08T23:59:59+02:00,35531,33111,272747,262538,380581,350676,396619,389113,460629,469574,513446,514548,350867,391585,245398,314197,72147,132128,27180,25207,246221,237186,357401,325541,376315,365272,439987,445878,494058,494948,340887,380138,238759,305099,69584,126831,3983049,3761085,521617,499491,809474,763907,272665,917,931
2021-09-07T23:59:59+02:00,35156,32774,271722,261609,379741,349887,395970,388436,460095,469047,513004,514150,350673,391373,245296,314033,72114,132057,26904,24996,245341,236399,356593,324855,375660,364709,439481,445374,493611,494556,340679,379920,238672,304962,69557,126777,3976915,3756067,521373,499152,809460,763727,270754,917,930
2021-09-06T23:59:59+02:00,34757,32366,270598,260498,378786,348931,395277,387655,459487,468405,512563,513716,350453,391127,245207,313910,72084,131987,26668,24784,244567,235636,355842,324193,375041,364116,439015,444866,493199,494170,340466,379710,238594,304830,69528,126721,3969646,3751220,521233,498908,809411,763596,268875,917,930
2021-09-05T23:59:59+02:00,34601,32217,270185,260079,378466,348581,394973,387336,459250,468160,512384,513537,350380,391033,245165,313848,72068,131960,26532,24629,244135,235240,355442,323806,374683,363798,438752,444616,492999,493960,340367,379591,238550,304766,69511,126689,3967009,3748567,521124,498632,809381,763457,268064,916,929
2021-09-04T23:59:59+02:00,34542,32178,270013,259945,378344,348453,394844,387230,459173,468074,512333,513491,350368,391015,245158,313836,72068,131959,26494,24576,243966,235095,355279,323638,374535,363681,438660,444514,492933,493912,340346,379571,238542,304754,69511,126688,3966288,3747775,521070,498496,809376,763433,267644,916,929
2021-09-03T23:59:59+02:00,34225,31863,269108,259138,377598,347782,394251,386640,458596,467588,511871,513156,350197,390836,245092,313729,72044,131924,26169,24233,242943,234232,354479,322920,373858,363026,438004,443923,492443,493495,340149,379371,238456,304648,69491,126660,3961889,3743451,520364,496955,809348,763359,265387,916,928
2021-09-02T23:59:59+02:00,33858,31521,268044,258247,376726,346936,393507,385877,457898,466949,511336,512724,349931,390583,244969,313550,72019,131845,25869,23966,241915,233425,353582,322135,373109,362309,437285,443293,491876,493037,339903,379107,238349,304496,69466,126582,3955857,3738235,520074,496470,809312,763031,262621,916,926
2021-09-01T23:59:59+02:00,33529,31152,267187,257400,375958,346260,392973,385323,457424,466463,510948,512374,349749,390389,244880,313431,71995,131784,25481,23564,240819,232361,352707,321274,372414,361612,436668,442688,491346,492552,339671,378840,238218,304344,69440,126528,3950358,3731408,519888,495924,809277,762815,261035,915,920
2021-08-31T23:59:59+02:00,33131,30808,266311,256478,375209,345534,392388,384733,456906,465973,510491,512006,349553,390192,244784,313284,71963,131740,25196,23268,239863,231458,351892,320514,371745,360971,436108,442173,490823,492149,339466,378624,238130,304193,69406,126472,3944746,3726055,519697,495536,809250,762389,259123,913,918
2021-08-30T23:59:59+02:00,32584,30321,265001,255288,374201,344608,391566,383913,456146,465257,509925,511505,349323,389970,244691,313130,71927,131671,24875,22948,238699,230468,350880,319609,370950,360225,435401,441586,490266,491632,339211,378378,238004,304014,69365,126395,3937208,3719972,519580,495092,809205,762135,256357,912,915
2021-08-29T23:59:59+02:00,32394,30130,264428,254776,373713,344189,391179,383570,455848,464967,509694,511279,349224,389860,244641,313066,71917,131647,24649,22733,237980,229823,350260,319060,370449,359749,434968,441206,489955,491370,339070,378221,237943,303938,69347,126370,3934087,3716052,519458,494690,809174,761874,255122,912,914
2021-08-28T23:59:59+02:00,32304,30034,264198,254597,373535,344034,391020,383446,455723,464847,509618,511226,349199,389837,244630,313054,71916,131644,24583,22629,237660,229563,350008,318861,370226,359581,434785,441041,489827,491278,339028,378180,237923,303912,69346,126366,3933040,3714469,519417,494573,809168,761847,254554,912,914
2021-08-27T23:59:59+02:00,32075,29784,263551,254029,373019,343511,390545,382992,455266,464447,509242,510940,349069,389701,244572,312968,71897,131624,24436,22476,237054,229061,349386,318351,369749,359145,434328,440682,489522,491028,338897,378061,237868,303848,69335,126359,3929224,3711220,519347,494357,809109,761787,252866,912,911
2021-08-26T23:59:59+02:00,31691,29396,262546,253045,372159,342692,389784,382245,454577,463770,508687,510457,348835,389440,244451,312850,71869,131563,24086,22111,235567,227691,348144,317150,368623,358140,433449,439864,488849,490450,338606,377740,237705,303678,69305,126314,3923005,3702799,519101,493707,809070,761424,250180,912,906
2021-08-25T23:59:59+02:00,31325,29062,261618,252178,371400,341908,389120,381544,453936,463176,508123,509995,348593,389180,244328,312686,71834,131495,23480,21535,233508,225819,346648,315741,367426,356938,432442,438901,488045,489716,338225,377349,237550,303444,69261,126226,3917233,3690765,518968,493297,809040,761270,247556,908,903
2021-08-24T23:59:59+02:00,31006,28794,260882,251396,370789,341271,388574,380961,453451,462659,507707,509619,348382,388955,244211,312522,71808,131423,23163,21219,232293,224750,345676,314818,366634,356180,431766,438244,487484,489167,337944,377034,237418,303285,69237,126162,3912258,3683553,518679,492845,809019,760963,245747,908,896
2021-08-23T23:59:59+02:00,30483,28263,259490,250075,369752,340350,387732,380165,452671,461977,507054,509047,348098,388671,244071,312332,71781,131362,22853,20920,230804,223422,344351,313736,365679,355325,430902,437481,486778,488596,337638,376699,237284,303091,69211,126103,3904763,3676081,518530,492366,808984,760673,242378,907,895
2021-08-22T23:59:59+02:00,30337,28149,259079,249703,369392,340013,387460,379898,452431,461730,506862,508895,347998,388574,244030,312274,71764,131336,22670,20737,230076,222737,343653,313068,365139,354816,430459,437073,486452,488324,337470,376513,237220,302986,69193,126068,3902509,3671646,518380,491897,808944,760369,241368,906,890
2021-08-21T23:59:59+02:00,30084,27944,258581,249238,369074,339692,387203,379637,452225,461552,506713,508756,347942,388518,244008,312236,71761,131327,22394,20483,229330,222082,343162,312667,364735,354403,430094,436764,486222,488127,337384,376445,237193,302943,69187,126056,3899943,3668646,518236,490691,808936,760312,240646,906,890
2021-08-20T23:59:59+02:00,29892,27745,257920,248570,368332,339056,386519,379103,451626,461051,506234,508430,347796,388356,243952,312139,71744,131292,21989,20142,227520,220456,341746,311464,363611,353438,429136,435960,485498,487573,337139,376196,237090,302823,69162,126026,3896428,3660352,517911,489524,808923,759945,237765,904,890
2021-08-19T23:59:59+02:00,29559,27431,256926,247717,367322,338260,385726,378407,450911,460411,505666,507943,347554,388090,243843,311991,71710,131219,21491,19649,224744,218017,339424,309617,361896,351950,427727,434686,484336,486615,336717,375767,236896,302576,69128,125957,3890865,3645919,517543,487753,808880,759468,234662,903,887
2021-08-18T23:59:59+02:00,29272,27170,256129,247009,366612,337636,385138,377830,450305,459906,505192,507527,347281,387847,243725,311843,71678,131153,21112,19275,222261,215487,337358,307850,360238,350290,426193,433352,483187,485575,336196,375212,236665,302278,69078,125863,3885709,3632596,517362,483803,808850,759084,232591,902,886
2021-08-17T23:59:59+02:00,28952,26894,255342,246284,365989,336951,384574,377267,449809,459419,504755,507108,347075,387634,243609,311711,71652,131100,20640,18840,219507,212727,335276,306017,358539,348819,424754,432074,482061,484585,335704,374672,236432,301987,69025,125786,3880623,3617499,517061,481018,808824,758654,230874,901,881
2021-08-16T23:59:59+02:00,28659,26631,254645,245629,365414,336393,384106,376801,449369,458975,504335,506743,346889,387425,243510,311547,71621,131060,20084,18356,216327,209644,332977,303890,357008,347360,423542,430925,481109,483738,335311,374220,236246,301716,68986,125696,3876183,3599999,516905,480309,808795,758303,229123,901,878
2021-08-15T23:59:59+02:00,28462,26468,254146,245181,364976,335999,383742,376461,449070,458713,504091,506540,346775,387305,243460,311467,71610,131039,19299,17625,212301,205576,331069,302260,355739,346127,422507,429978,480320,483073,334976,373882,236119,301539,68962,125646,3873294,3582279,516760,479392,808757,757971,227948,901,875
2021-08-14T23:59:59+02:00,28393,26409,253898,244982,364738,335820,383566,376310,448911,458582,503973,506432,346725,387272,243442,311444,71607,131034,18973,17327,211222,204468,330239,301493,355015,345444,422009,429516,479932,482751,334836,373754,236081,301482,68953,125629,3872108,3575554,516685,479018,808751,757893,227247,901,875
2021-08-13T23:59:59+02:00,28135,26166,253189,244391,364234,335390,383126,375872,448471,458214,503632,506173,346597,387122,243377,311366,71595,131005,18368,16770,209325,202676,328802,300166,353740,344245,420954,428571,479180,482103,334591,373462,235968,301339,68935,125575,3868258,3563548,516612,478412,808741,757700,225697,897,871
2021-08-12T23:59:59+02:00,27935,25939,252463,243753,363612,334794,382584,375379,447932,457761,503206,505814,346414,386920,243274,311259,71582,130957,17785,16271,206718,200395,325911,297609,351715,342434,419439,427311,477950,481032,334136,372924,235722,301062,68895,125492,3864255,3546034,516420,477231,808703,756668,223449,895,869
2021-08-11T23:59:59+02:00,27698,25691,251727,243056,362984,334207,382056,374892,447463,457329,502795,505382,346185,386679,243157,311125,71555,130902,16965,15583,203658,197397,322717,294651,349529,340363,417929,425897,476665,479738,333591,372277,235472,300655,68845,125363,3859362,3524077,516200,476155,808663,755723,221907,892,866
2021-08-10T23:59:59+02:00,27452,25432,250888,242311,362262,333639,381503,374337,446962,456845,502339,504976,345988,386481,243070,310986,71532,130858,16168,14797,199443,193246,318028,290409,346527,337574,415794,423944,475060,478276,332907,371599,235181,300248,68790,125245,3854231,3493814,515911,475071,808625,754567,220342,890,866
2021-08-09T23:59:59+02:00,27254,25231,250257,241734,361669,333147,381050,373951,446543,456494,501988,504685,345824,386331,243004,310874,71512,130822,15174,13852,194885,188634,312294,285643,343755,335067,413871,422157,473432,476803,332268,370905,234916,299879,68734,125110,3850457,3463305,515731,472318,808590,753472,218839,888,859
2021-08-08T23:59:59+02:00,27079,25072,249772,241317,361265,332780,380697,373657,446236,456228,501742,504492,345715,386220,242941,310792,71495,130787,14952,13657,193531,187256,310656,284293,342425,333889,412985,421394,472854,476280,332003,370632,234787,299709,68708,125058,3847821,3454091,515573,470946,808535,752979,217601,886,858
2021-08-07T23:59:59+02:00,26930,24896,249242,240868,360865,332439,380360,373370,445941,455991,501514,504315,345642,386125,242907,310741,71487,130776,13779,12613,189844,183659,308602,282432,340697,332358,411643,420124,471921,475482,331647,370256,234656,299520,68674,125021,3844949,3434388,515466,469608,808521,752766,216714,886,855
2021-08-06T23:59:59+02:00,26704,24661,248370,240195,360073,331824,379680,372788,445282,455463,500977,503921,345407,385919,242808,310625,71476,130754,12871,11786,186088,180092,305114,279604,338567,330511,410034,418775,470621,474513,331266,369868,234497,299366,68649,124974,3842341,3414982,514096,467874,808508,751662,213225,882,852
2021-08-05T23:59:59+02:00,26379,24336,247188,239250,359167,330940,378844,372048,444532,454766,500305,503374,345122,385613,242692,310449,71434,130691,11865,10852,181595,176132,299702,275169,334430,326932,407209,416275,468352,472724,330595,369162,234235,298992,68587,124863,3835901,3386919,513827,463143,808437,747942,210197,881,851
2021-08-04T23:59:59+02:00,26006,23993,246042,238256,358155,330016,378061,371334,443897,454162,499724,502838,344848,385345,242569,310277,71407,130620,11050,10138,178096,172815,295912,272016,330005,323011,404952,414171,466633,471167,329899,368463,233957,298640,68526,124761,3829348,3359637,513482,461367,808403,746187,207536,877,850
2021-08-03T23:59:59+02:00,25542,23571,244669,237065,357233,329175,377344,370636,443238,453496,499121,502297,344553,385042,242437,310100,71363,130552,10487,9637,174592,169358,291782,268348,324880,318385,402195,411604,464288,469064,329061,367595,233608,298169,68459,124622,3821365,3327438,513317,459480,808353,744107,205614,876,848
2021-08-02T23:59:59+02:00,25224,23264,243610,236099,356375,328412,376636,370032,442658,452940,498595,501847,344288,384762,242319,309945,71337,130494,9930,9095,170939,165754,287062,264358,318987,313414,399426,409038,462047,467059,328283,366749,233312,297770,68397,124505,3814969,3293841,513066,457490,808292,741567,203723,874,841
2021-08-01T23:59:59+02:00,25065,23073,242976,235487,355771,327895,376185,369630,442218,452616,498246,501565,344146,384595,242242,309829,71323,130468,9663,8886,169379,164291,284560,262342,314329,309688,397555,407451,460563,465805,327848,366262,233140,297552,68368,124446,3811236,3275830,512760,455336,808198,739111,202347,870,832
2021-07-31T23:59:59+02:00,24955,22968,242629,235166,355487,327667,375939,369457,442026,452462,498138,501461,344112,384554,242222,309815,71322,130462,8427,7789,165590,160433,281723,259783,312230,307680,396152,406164,459415,464814,327528,365883,233006,297378,68342,124400,3809601,3252817,512570,454395,808188,738316,201694,869,832
2021-07-30T23:59:59+02:00,24664,22708,241822,234438,354902,327133,375440,368983,441561,452056,497774,501170,343974,384414,242177,309735,71309,130446,7487,6919,161830,156655,278312,256653,309191,304850,393912,404039,457562,463222,327016,365350,232795,297086,68309,124341,3805469,3227626,512197,453187,808167,735112,200081,868,830
2021-07-29T23:59:59+02:00,24315,22365,240280,233158,353726,326053,374469,368062,440697,451256,496955,500543,343639,384096,242039,309547,71271,130379,6502,6043,156957,152151,272905,252442,303258,300042,389531,400523,454502,460801,326176,364500,232482,296675,68249,124241,3797825,3193522,511509,448299,808079,729990,196637,867,828
2021-07-28T23:59:59+02:00,24013,22076,239120,232111,352837,325208,373715,367364,440053,450583,496384,500049,343381,383796,241901,309359,71237,130305,6010,5600,153172,148485,268375,248755,298791,296059,386249,397644,452399,458943,325506,363725,232214,296286,68184,124115,3791026,3162579,510966,446365,808001,727332,194695,867,825
2021-07-27T23:59:59+02:00,23740,21849,238108,231131,351981,324460,373005,366764,439462,449964,495856,499589,343132,383487,241768,309165,71201,130206,5441,5073,148124,143342,262420,243597,293469,291269,382215,393930,449206,456119,324517,362619,231849,295782,68091,123956,3784678,3120796,510407,444056,807943,723576,193037,865,822
2021-07-26T23:59:59+02:00,23508,21609,237129,230143,351184,323744,372388,366202,438902,449474,495400,499213,342895,383245,241641,309006,71177,130148,5017,4712,143761,138927,256840,238783,288280,286778,377729,389951,445673,453078,323555,361649,231519,295299,68016,123818,3778946,3081182,509772,441792,807856,719208,191629,861,820
2021-07-25T23:59:59+02:00,23148,21307,235782,228982,350234,322964,371702,365534,438316,448928,494933,498805,342693,383025,241551,308875,71155,130084,4762,4479,141903,137156,254130,236547,285756,284664,375579,388158,443572,451276,323032,361124,231311,295068,67991,123741,3771806,3066019,509392,439602,807786,714829,190221,859,818
2021-07-24T23:59:59+02:00,22897,21110,234853,228110,349508,322305,371125,365011,437788,448487,494569,498527,342576,382926,241507,308813,71152,130073,4439,4194,138994,134346,251386,234216,283182,282435,373313,386293,442326,450286,322680,360786,231166,294886,67972,123707,3767755,3047600,508624,436571,807771,714484,188369,859,817
2021-07-23T23:59:59+02:00,22479,20721,233345,226760,348170,321352,370069,364137,436902,447695,493869,497991,342337,382653,241417,308701,71131,130037,4015,3802,133493,129483,245990,229884,278681,278624,369603,383074,439664,448072,321973,360059,230909,294574,67918,123625,3760234,3011882,508151,434791,807715,712338,184834,859,814
2021-07-22T23:59:59+02:00,21970,20245,231235,224774,346410,319798,368559,362836,435580,446542,492885,497089,341901,382201,241241,308451,71087,129956,3593,3457,129133,125404,239963,225354,272264,273532,362685,377557,434190,443541,320785,358790,230469,294050,67824,123470,3747729,2969620,506560,428784,807581,706006,182042,858,812
2021-07-21T23:59:59+02:00,21460,19721,229343,222948,344699,318252,366934,361257,434000,445152,491656,495914,341348,381673,240993,308165,71033,129861,3390,3259,125360,121818,234477,221098,266706,268991,354533,370600,429558,439791,319663,357639,230005,293483,67743,123289,3736658,2933949,502801,417866,807355,701218,178736,857,810
2021-07-20T23:59:59+02:00,21157,19442,227873,221458,343452,317067,365966,360376,433132,444357,490929,495267,341006,381298,240845,307944,71004,129771,3129,2968,121008,117562,228101,215897,260859,263797,347394,364477,424846,435461,318561,356376,229587,292894,67645,123105,3727275,2890007,502395,410620,807224,696805,176584,855,809
2021-07-19T23:59:59+02:00,20843,19145,226132,219759,342126,315804,364920,359394,432314,443573,490255,494642,340704,380928,240693,307712,70959,129674,2933,2759,118240,114946,223688,212299,256224,259830,343663,361292,422219,433267,317834,355644,229287,292501,67570,122981,3716631,2864844,501970,405222,807129,692471,174979,853,807
2021-07-18T23:59:59+02:00,20689,19010,224826,218479,340492,314367,363843,358457,431488,442845,489715,494095,340468,380640,240563,307536,70937,129612,2841,2665,116731,113552,221011,210100,253857,257712,341407,359429,420177,431566,317340,355151,229127,292283,67549,122913,3707108,2852466,501434,400929,807052,688760,173591,850,804
2021-07-17T23:59:59+02:00,20291,18586,223671,217418,339910,313824,363247,357940,430967,442392,489296,493806,340364,380522,240521,307480,70934,129601,2577,2408,114658,111444,218545,207788,251381,255508,338972,357282,418722,430299,317002,354760,228992,292115,67526,122873,3701517,2834894,501231,398196,807024,687972,172120,848,804
2021-07-16T23:59:59+02:00,19747,18072,221129,215272,338162,312515,361733,356640,429500,441186,488195,492948,339959,380151,240351,307322,70910,129565,2310,2167,111537,108628,213756,203843,246828,251861,334660,353567,415368,427573,316078,353825,228642,291698,67473,122792,3691288,2807102,500470,395828,806865,684146,165840,847,803
2021-07-15T23:59:59+02:00,19105,17444,218335,212843,336250,310799,360138,355193,428151,439994,487245,492089,339554,379723,240148,307067,70868,129460,2132,2026,107616,105383,205340,197560,239291,246231,328026,348306,408268,421105,314329,352002,228092,291026,67401,122593,3676171,2760285,499867,387346,806748,676685,162700,844,801
2021-07-14T23:59:59+02:00,18259,16719,215889,210511,334538,309263,358724,353842,426922,438792,486213,491129,339097,379258,239907,306755,70814,129372,1980,1881,103989,102018,198831,192357,233546,241542,323715,344806,404078,417468,313010,350683,227681,290465,67317,122437,3661194,2726463,499278,381784,806623,669861,159976,843,796
2021-07-13T23:59:59+02:00,17605,16061,213698,208479,332930,307878,357380,352600,425744,437698,485246,490266,338655,378782,239703,306508,70779,129279,1867,1772,100217,98461,192312,186922,226378,235458,317008,338724,395653,409582,311202,348753,227074,289667,67205,122235,3647290,2683466,498716,369062,806466,660352,157878,843,791
2021-07-12T23:59:59+02:00,16586,15125,210398,205287,330859,306133,355790,351121,424496,436487,484260,489366,338236,378305,239525,306279,70739,129202,1786,1701,97103,95727,187008,182599,219381,229758,310152,332674,390537,405293,309462,346878,226481,288930,67105,122065,3628722,2645003,498157,361906,806285,651907,156081,840,788
2021-07-11T23:59:59+02:00,16077,14648,209031,204007,330102,305403,355117,350485,423924,435976,483808,489018,338039,378096,239464,306174,70717,129162,1751,1675,95673,94433,184203,180274,216362,227450,307451,330510,387690,402897,306978,344245,226103,288459,67051,121967,3622400,2629913,497514,359905,806153,641377,154234,832,783
2021-07-10T23:59:59+02:00,15602,14188,207178,202213,328626,304128,353976,349502,423188,435378,483334,488618,337870,377930,239398,306088,70707,129142,1710,1628,94363,93156,181651,178146,213321,224957,304915,328343,386524,401855,306328,343568,225923,288270,67035,121940,3613773,2613051,496868,359672,805918,639609,151550,831,782
2021-07-09T23:59:59+02:00,15276,13907,205261,200366,327012,302663,352900,348530,422279,434659,482757,488137,337662,377706,239302,305968,70692,129108,1036,972,91561,90427,178105,174900,208965,220784,299876,323731,383068,398866,305227,342334,225617,287899,66997,121874,3604570,2583951,495995,357599,805722,631988,148935,827,781
2021-07-08T23:59:59+02:00,14808,13479,201762,197368,323681,299978,350505,346534,420562,433193,481321,487065,337213,377260,239124,305720,70647,129030,918,861,87249,86645,170844,169208,200807,214367,292487,317594,376090,392633,302489,339394,224836,286958,66880,121614,3589132,2537595,491939,348914,805204,621583,143989,823,779
2021-07-07T23:59:59+02:00,14306,13025,198013,193491,320497,297106,348180,344475,419000,431717,480110,485959,336730,376693,238932,305446,70608,128924,785,765,83558,83187,163516,163473,191733,207168,284477,311015,369034,385801,299166,335762,223921,285855,66738,121366,3567751,2489478,490565,335439,804817,611551,141041,823,776
2021-07-06T23:59:59+02:00,13846,12651,194573,190109,317224,294355,345697,342175,417276,430146,478837,484817,336221,376128,238737,305156,70554,128838,663,647,79978,79598,156811,157944,184306,200949,275516,303044,362523,379691,295956,332502,223031,284759,66630,121137,3547800,2436807,487489,328441,804400,602010,138599,821,775
2021-07-05T23:59:59+02:00,13449,12314,190163,185855,313151,291002,343178,339829,415590,428593,477686,483740,335746,375604,238557,304909,70521,128752,587,552,76901,76758,151672,153840,179530,196815,268583,296761,356400,374143,292673,329045,222142,283637,66520,120965,3524865,2397631,486316,323937,803903,591624,134492,815,771
2021-07-04T23:59:59+02:00,13271,12153,186315,181970,310504,288959,341857,338745,414703,427807,477099,483244,335520,375345,238469,304782,70495,128698,554,523,74709,74873,148550,151255,177185,194763,266120,294699,353267,371919,289351,325638,221560,282967,66464,120843,3512547,2383748,485018,321628,803339,580049,129964,814,770
2021-07-03T23:59:59+02:00,12074,11095,179878,175957,306222,285493,339512,336566,412882,425999,475882,482186,335119,374899,238295,304533,70471,128655,523,504,72924,73288,146115,149368,174740,192672,263046,291973,350979,370060,287590,323647,221292,282603,66432,120794,3486091,2367953,483608,321422,803159,575550,123770,814,770
2021-07-02T23:59:59+02:00,10975,10002,176156,172482,303789,283282,337749,334852,411627,424807,475105,481494,334860,374584,238181,304351,70442,128607,485,453,70220,70588,142176,146069,170278,188610,256978,286508,345741,365346,284328,319906,220649,281828,66383,120710,3467930,2334608,482124,318624,802975,562948,121224,806,757
2021-07-01T23:59:59+02:00,9877,9072,172472,169024,299741,279967,335245,332571,409826,423223,474005,480526,334440,374119,237980,304081,70396,128527,412,379,65313,65857,135829,140701,162968,182077,246688,277624,334913,355525,279528,314617,218792,279562,66204,120397,3445289,2278050,480022,306234,802629,545170,118053,805,751
2021-06-30T23:59:59+02:00,9387,8679,169192,165931,294104,275328,331555,329226,408053,421683,472983,479554,334016,373630,237788,303779,70362,128438,330,318,62168,62999,130170,136008,156307,176068,236617,268452,321484,342225,274301,309053,216899,277231,66036,120075,3420109,2222871,477846,293401,802341,526291,114278,804,749
2021-06-29T23:59:59+02:00,8849,8156,165380,162137,289547,271045,327983,325918,405934,419591,471431,478136,333426,372988,237532,303424,70307,128328,272,247,59370,59981,125203,131574,150264,170527,224742,257722,312905,333838,267835,301854,214918,274767,65832,119727,3392476,2163434,475844,288721,802015,508862,110645,802,745
2021-06-28T23:59:59+02:00,8444,7776,162041,158666,284492,266713,324668,323067,403787,417655,469941,476819,332907,372374,237299,303115,70263,128235,212,197,57088,57615,121277,128043,145896,166431,215501,249284,307101,328414,262881,296548,213152,272528,65684,119460,3368463,2127581,471869,280075,801355,492302,107426,802,742
2021-06-27T23:59:59+02:00,8296,7653,160523,157131,282380,264896,322860,321521,402082,416293,469039,476096,332615,372082,237196,302952,70244,128186,186,177,55880,56493,119137,126322,143318,164284,211370,245877,303720,325543,259058,292530,210689,269610,65573,119265,3358390,2112020,469791,276553,800306,476121,104405,801,739
2021-06-26T23:59:59+02:00,7141,6554,157251,153787,280266,263010,320439,319274,400888,415137,468341,475397,332346,371801,237089,302794,70220,128156,175,165,55332,55900,117784,125159,141885,163035,209122,243866,301181,323116,257519,290868,210352,269197,65546,119196,3339223,2095137,466958,276461,800299,473616,104264,783,721
2021-06-25T23:59:59+02:00,5918,5438,152939,149493,276862,260049,318379,317306,399575,413883,467338,474566,332056,371466,236962,302638,70193,128107,146,143,54034,54267,115286,122445,137774,158452,200332,235398,295474,317229,255789,288740,209756,268394,65475,119080,3314213,2052501,465526,274757,800247,466999,104028,783,716
2021-06-24T23:59:59+02:00,5052,4647,148481,145349,272005,256090,314091,313517,397370,411997,465957,473426,331626,371001,236793,302400,70159,128019,127,113,51378,51663,110120,117690,130403,151785,188253,224911,284043,306977,250392,282877,207915,266046,65271,118679,3282893,1990242,463513,262916,800080,453211,102320,782,710
2021-06-23T23:59:59+02:00,4831,4442,145305,142218,268291,252916,308843,308704,394875,409647,464551,472104,331096,370377,236563,302088,70111,127912,95,83,49432,49566,106311,113758,124706,146085,178331,216227,272047,294950,245768,278041,206574,264342,65108,118319,3255259,1933723,459982,253030,799918,442492,100531,780,705
2021-06-22T23:59:59+02:00,4578,4213,142223,139083,264567,249525,302709,303261,392234,407083,463007,470615,330544,369769,236343,301736,70064,127805,64,62,47732,47812,102685,110432,119888,141486,165718,205065,261117,284627,241693,273551,204648,261924,64856,117846,3223141,1875177,458040,245282,799726,431517,99249,779,695
2021-06-21T23:59:59+02:00,4318,3967,138957,136130,259849,245610,297455,298383,389179,404204,461529,469252,330022,369204,236123,301425,70024,127693,56,54,46491,46577,100285,108191,117133,138764,159479,199274,254214,277985,236330,267689,200702,257384,64671,117468,3191317,1844044,455989,239751,799522,411684,97277,774,693
2021-06-20T23:59:59+02:00,4174,3849,137440,134612,255579,242103,294858,296135,387783,402884,460734,468501,329797,368913,236011,301292,70004,127631,50,51,45351,45643,98011,106382,114840,136765,156440,196718,249894,273894,233316,264152,199710,256127,64589,117342,3173753,1823560,454218,236187,799363,403794,95738,771,686
2021-06-19T23:59:59+02:00,3758,3499,135282,132507,252822,239775,293069,294474,385935,401314,459890,467771,329576,368660,235908,301154,69984,127599,49,49,44802,44992,96729,105106,113354,135280,154928,195273,246659,270856,232583,263297,199537,255862,64567,117289,3157384,1807500,451385,234595,799352,403499,95616,771,685
2021-06-18T23:59:59+02:00,2806,2587,131989,129362,249289,236712,289047,291054,383527,399184,458547,466612,329200,368260,235752,300919,69958,127550,49,49,44014,44070,95144,103316,111043,132603,151370,191225,239776,263543,230846,261282,199048,255220,64491,117154,3131522,1778078,446943,234062,799323,396762,95324,770,682
2021-06-17T23:59:59+02:00,2570,2364,128271,126067,243245,232253,283805,286652,378724,395183,456215,464769,328604,367538,235507,300562,69893,127436,47,49,41764,42236,91076,99821,106116,127834,143479,183526,228355,252123,225621,255330,197394,253057,64231,116734,3096603,1722216,443942,229900,799062,385816,90836,725,671
2021-06-16T23:59:59+02:00,2299,2129,125026,122655,238336,227898,279097,282388,373548,390678,453618,462626,327863,366743,235215,300149,69827,127322,47,44,39925,40624,87520,96771,101744,123990,135211,176160,216228,240184,219369,248194,195466,250725,63978,116246,3063000,1662208,438389,224275,798573,377680,88223,722,669
2021-06-15T23:59:59+02:00,1911,1796,120106,117781,232343,222735,273733,277390,368476,386036,450763,460198,326989,365762,234864,299637,69744,127138,46,42,38306,39000,84178,93708,97759,119926,128137,169773,203850,228131,213319,241382,193495,248286,63668,115673,3018197,1604757,436448,218405,798008,369974,85495,721,666
2021-06-14T23:59:59+02:00,1648,1520,116044,113613,227103,217815,268360,272412,363180,381275,447638,457600,326201,364898,234554,299248,69682,127018,42,41,37326,38110,81892,91600,95033,117397,124006,166012,197229,221616,210193,237860,192355,246805,63449,115279,2975971,1575044,434087,216115,797747,362301,82730,721,662
2021-06-13T23:59:59+02:00,1574,1435,114549,112230,224646,215700,265811,270147,360922,379311,446464,456570,325925,364592,234417,299077,69650,126944,39,41,36454,37370,80025,89919,93007,115568,121173,163397,193340,217894,207095,234408,191316,245432,63215,114865,2960930,1560969,431646,208827,797446,354042,80660,720,659
2021-06-12T23:59:59+02:00,1425,1297,111896,109477,222748,213967,264422,268861,359482,377911,445569,455801,325636,364282,234325,298974,69632,126915,39,41,36083,36959,79035,88821,91743,114257,119587,161828,189765,214581,206060,233280,189918,243775,63205,114833,2944727,1547751,430667,208811,797424,346660,80517,718,658
2021-06-11T23:59:59+02:00,1278,1161,109339,106955,219842,211335,260743,265660,356335,375172,443849,454329,325199,363828,234188,298764,69605,126860,39,40,35402,35835,77013,85421,89494,110711,115465,156662,183034,207096,203956,230904,189310,243002,63142,114734,2920241,1520097,427863,208109,797242,333179,79798,717,656
2021-06-10T23:59:59+02:00,1115,1004,104581,102534,213756,206566,253674,259826,350229,369867,439350,450549,324343,362855,233869,298317,69520,126708,37,39,33817,34336,72996,81227,84550,105190,108766,148410,170633,193423,197850,223989,187576,240856,62885,114329,2876538,1472719,420745,206355,796409,306105,75644,712,649
2021-06-09T23:59:59+02:00,967,873,100653,98816,207767,201828,246846,254107,343551,363910,435662,447522,323660,362105,233596,297934,69456,126574,36,37,32277,33069,69745,78565,80841,102016,104026,144112,159456,182628,187186,211954,185704,238605,62611,113834,2837425,1418486,412203,202362,795897,294792,70967,695,642
2021-06-08T23:59:59+02:00,785,692,96116,94257,201119,196246,239878,248083,335278,356619,430550,442846,322822,361096,233220,297448,69376,126438,33,35,31198,32204,67150,76250,77543,99273,99423,140179,151823,175107,178442,202208,183892,236346,62380,113465,2785355,1379104,406421,197430,795312,283891,66425,691,633
2021-06-07T23:59:59+02:00,626,553,92887,91147,195037,191530,233311,242827,327436,350438,427493,440393,322275,360454,233004,297120,69322,126342,29,31,30319,31351,64672,74285,74579,97104,95641,137241,143712,167295,174370,197564,182457,234531,62156,113079,2746251,1351867,400235,194118,794749,272737,61584,689,632
2021-06-06T23:59:59+02:00,588,518,91304,89823,191737,188964,229947,240043,323145,347027,426051,439310,321995,360154,232896,296962,69299,126295,29,31,29714,30789,62888,72592,72486,95083,92431,134160,138000,161476,171828,194916,181344,233130,61927,112698,2730771,1339932,392828,184391,794257,262275,58811,688,624
2021-06-05T23:59:59+02:00,506,438,89356,87804,186847,184727,227474,237910,321324,345406,425052,438397,321711,359835,232746,296795,69285,126263,29,29,29251,30024,61676,70626,71079,92924,90737,131874,133224,156123,168812,191237,180861,232471,61893,112633,2707208,1316232,392694,183924,794166,256814,58408,686,621
2021-06-04T23:59:59+02:00,406,353,86994,85269,183168,181091,223449,233949,317723,341757,422684,436200,321251,359299,232551,296566,69246,126201,29,27,28777,29346,60541,68952,69764,90814,88933,129229,129837,152448,164558,186451,179868,231203,61845,112545,2677884,1297233,388862,183145,794048,246717,57947,684,616
2021-06-03T23:59:59+02:00,315,277,83702,82184,177413,176399,216150,227826,309980,335028,414915,429333,320210,358111,232181,296113,69191,126069,26,27,27884,28322,58624,66737,67343,88040,85256,125080,123036,145754,158187,178811,178287,229166,61730,112306,2628807,1267835,378593,177782,793623,233936,54933,681,604
2021-06-02T23:59:59+02:00,265,218,81613,80008,173293,172642,212486,224648,306373,331660,412856,427491,319796,357647,232027,295903,69163,126017,25,25,27412,27833,57480,65596,65716,86738,83162,123115,118037,140845,150286,169810,177561,228208,61645,112135,2599899,1235432,377200,175804,793597,230302,53962,674,592
2021-06-01T23:59:59+02:00,164,151,77333,76173,164994,166048,203095,216896,297256,323761,404637,419651,318283,356031,231485,295163,69051,125790,24,22,25858,26414,53150,62626,60853,83430,77709,118583,110594,133589,139147,156343,175445,225462,61438,111710,2541099,1185048,365515,171682,792842,218507,47028,668,576
2021-05-31T23:59:59+02:00,143,133,74580,73679,159323,161712,195766,210913,289859,317357,398887,414674,317280,354909,231096,294641,68961,125619,24,21,24941,25347,50519,60384,57667,80878,74086,115281,106068,129121,134969,151404,174068,223731,61269,111377,2500582,1162481,356097,169309,792195,208073,41155,667,568
2021-05-30T23:59:59+02:00,133,125,73526,72607,156829,159656,193129,208550,287055,314835,396998,412926,316917,354497,230934,294401,68923,125538,24,21,24334,24558,48914,58623,55909,79000,71823,112700,103391,126234,132801,148862,173272,222793,61175,111165,2484711,1152591,353566,167989,791563,196658,38228,665,554
2021-05-29T23:59:59+02:00,130,123,72913,72012,155313,158252,190827,206521,285211,313247,396158,412157,316692,354250,230853,294322,68912,125519,23,21,24005,24030,47988,57119,54560,77111,69888,109847,101058,123425,129977,145418,172612,221885,61148,111111,2470801,1138885,353403,167918,791500,186101,38196,663,545
2021-05-28T23:59:59+02:00,126,120,71825,70895,152904,155988,187141,202968,281927,310109,394296,410384,316279,353742,230706,294109,68893,125462,23,20,23469,23024,46367,54974,52711,74542,67828,105884,96708,117528,125566,140330,171633,220570,61101,110997,2446912,1116062,352346,167703,791292,171581,37806,660,534
2021-05-27T23:59:59+02:00,115,111,68501,67870,146399,151030,178944,196702,275517,304931,387977,404688,315006,352291,230244,293576,68821,125280,21,19,22140,21335,43104,51910,48809,70705,63242,99845,90323,109990,121612,135681,168814,216853,60926,110681,2402224,1087438,344707,164948,789481,151443,32053,657,523
2021-05-26T23:59:59+02:00,111,108,66339,65682,141434,146928,172829,191631,268755,299253,381235,397992,313476,350670,229748,292878,68716,125067,21,18,21393,20410,41266,49762,46444,67952,60192,96036,85717,104845,116605,129931,165001,211488,60715,110252,2364854,1055317,331478,163360,787653,139937,29310,653,513
2021-05-25T23:59:59+02:00,110,101,64310,63681,137216,143430,167774,187324,261680,292951,375798,392593,312189,349253,229334,292229,68633,124890,21,18,20811,19742,39851,48229,44596,65919,57710,93018,81620,100448,111627,124201,159425,204205,60543,109945,2327205,1023531,323962,159932,785098,130683,27664,649,503
2021-05-24T23:59:59+02:00,109,98,63061,62459,134446,141311,164486,184896,254727,286952,370850,387908,311354,348328,229046,291843,68562,124759,21,18,20462,19329,38817,47142,43240,64426,56021,91001,79367,97921,110184,122535,158812,203411,60430,109740,2303393,1014067,312832,158618,783289,123981,26101,649,493
2021-05-23T23:59:59+02:00,105,97,62558,61940,133343,140408,163279,183857,253476,285924,369255,386472,310729,347666,228873,291615,68542,124723,21,15,20227,19138,38258,46577,42468,63713,54845,89989,77859,96544,108996,121122,157828,202183,60359,109598,2291833,1005793,312238,155524,783243,122364,25963,649,478
2021-05-22T23:59:59+02:00,102,95,61861,61312,131843,139319,160900,182226,250497,283625,366767,384235,310199,347070,228696,291347,68516,124672,20,15,19907,18714,37636,45967,41827,63181,54185,89248,77082,95391,107444,119309,157054,201214,60331,109544,2273777,999058,312221,155517,783205,118909,24486,649,477
2021-05-21T23:59:59+02:00,99,93,60516,59867,128910,136702,157583,178894,245246,278848,360658,378537,309258,345970,228400,290948,68455,124564,20,15,19535,18344,37010,45187,41163,62122,53217,87843,75342,93084,104190,115350,155911,199759,60238,109367,2237550,985936,310574,155185,781625,112291,24191,643,471
2021-05-20T23:59:59+02:00,90,91,57458,57066,123155,131807,150625,172562,234914,270069,351613,370241,306711,343218,227630,289934,68323,124344,19,15,18234,17405,34823,42931,38692,59203,50378,84060,71398,88565,100041,110677,153434,196720,60054,109009,2179384,966468,303893,153218,775658,94588,21283,637,465
2021-05-19T23:59:59+02:00,88,89,55241,54861,118130,127114,143437,165932,224358,260694,341048,359320,304054,340351,226881,288886,68173,124067,19,15,17649,16616,33591,41330,37273,57128,48348,81265,68136,84970,96143,106192,149792,191968,59792,108517,2113317,942915,297620,151220,772673,85056,19457,633,446
2021-05-18T23:59:59+02:00,84,85,53134,52892,113335,122841,137033,160354,212777,250309,331150,349512,301380,337376,225999,287686,68023,123812,19,15,17126,16009,32368,39855,35903,55326,46524,78842,65233,81731,92115,101642,146580,187888,59580,108082,2053347,922547,288219,148341,769074,76380,17470,629,443
2021-05-17T23:59:59+02:00,80,79,52092,51891,110986,120770,134204,157691,206236,244278,323568,342408,299576,335398,225409,286863,67913,123599,18,15,16666,15557,31312,38804,34717,54022,45037,77035,62950,79320,87265,95763,145109,186001,59430,107769,2026431,910756,275889,140866,765639,69669,15401,623,432
2021-05-16T23:59:59+02:00,78,76,51301,51237,109532,119440,132454,156018,203255,241587,316125,335442,298548,334263,225099,286379,67860,123501,18,15,16382,15183,30558,38017,33839,53095,43965,75716,61608,77845,83846,91674,144316,184921,59344,107627,2011027,904611,265447,134093,762387,65528,13641,618,420
2021-05-15T23:59:59+02:00,77,75,50761,50600,108523,118444,131434,154892,201317,239647,312550,332221,297922,333578,224903,286107,67840,123437,18,15,16239,15017,30295,37700,33552,52661,43470,75063,60753,76853,83248,90855,143797,184255,59307,107578,1994766,899329,265420,133940,761516,64386,12928,617,417
2021-05-14T23:59:59+02:00,76,74,49499,49163,106252,116335,127822,151426,193083,232559,306226,326321,296937,332438,224616,285657,67791,123343,18,15,15737,14584,29496,36865,32762,51462,42378,73260,59170,74895,81326,88351,143183,183259,59266,107493,1957362,889566,263710,133052,756962,58939,11867,614,414
2021-05-13T23:59:59+02:00,73,72,47574,47194,102387,113081,123079,147299,183037,223955,295605,316482,293969,329013,223803,284518,67691,123135,16,14,14877,14134,28632,36154,31991,50553,41416,72155,57648,73318,77539,83987,140409,179645,59157,107277,1905630,876941,255044,125978,750723,55077,10838,608,403
2021-05-12T23:59:59+02:00,70,70,46656,46476,100455,111633,121003,145622,180463,221831,290866,311148,292805,327731,223563,284201,67653,123050,16,13,14711,13980,28305,35929,31579,50255,40964,71773,57101,72742,76182,82347,139624,178506,59070,107117,1882427,871123,252875,124173,750227,54801,10032,601,399
2021-05-11T23:59:59+02:00,66,66,44406,44995,96402,108541,115171,140884,167074,210541,279195,300373,289398,323811,222610,282804,67504,122751,15,12,14275,13413,27281,34493,30437,48440,39648,69490,55378,70461,73078,78748,138260,176664,58909,106755,1823456,858716,243132,121475,741697,46929,8545,596,397
2021-05-10T23:59:59+02:00,65,62,43146,44011,93787,106521,111900,138237,158659,203507,271304,293256,287220,321355,222037,281944,67380,122510,15,11,13930,12966,26515,33504,29637,47177,38638,67631,54146,68728,70983,76183,137115,175148,58790,106465,1787787,849791,237071,120413,734708,39723,7566,586,391
2021-05-09T23:59:59+02:00,64,62,42019,43234,91100,104747,109219,136458,153628,200074,265771,288302,285975,319957,221660,281414,67314,122363,15,11,13612,12742,25813,32831,28906,46368,37838,66665,53216,67780,69745,74774,136517,174305,58735,106334,1768372,845175,229960,119430,728688,34939,6573,575,387
2021-05-08T23:59:59+02:00,64,62,41726,42929,90246,104008,108110,135585,152169,198851,263201,286231,285472,319413,221540,281237,67298,122331,15,11,13511,12677,25676,32736,28759,46235,37647,66467,52874,67459,68779,73848,135444,172936,58688,106241,1756254,840531,229439,118676,728456,34156,6555,568,380
2021-05-07T23:59:59+02:00,63,62,40800,42209,88299,102657,105263,133356,147539,195029,256934,280711,284127,317806,221195,280784,67246,122209,15,11,12764,12193,24842,31992,27986,45168,36781,65200,51687,65938,66523,71149,133207,170105,58599,106064,1730360,830774,226223,116397,724325,27363,5605,563,375
2021-05-06T23:59:59+02:00,59,61,38150,40480,83537,99181,99249,128586,137324,186501,240456,266283,278995,312005,219905,279098,67071,121895,15,11,12078,11674,23897,30888,26981,43813,35415,63194,49943,63948,64023,68011,131097,167332,58485,105847,1664656,819623,216302,113271,713394,18986,4689,547,367
2021-05-05T23:59:59+02:00,57,59,36257,39277,79868,96586,94636,124928,129481,179952,225692,252224,272803,304861,218327,277105,66825,121373,15,10,11841,11395,23346,30158,26371,42883,34485,61789,48780,62524,61403,64888,128150,163622,58387,105596,1598343,807238,211210,109692,707336,15017,3619,543,359
2021-05-04T23:59:59+02:00,57,57,35144,38161,77124,94253,91114,121874,123891,175211,215040,241926,267310,298405,216877,275260,66616,120906,15,10,11675,11187,22930,29613,25901,42100,33751,60687,47661,61239,58668,61688,125777,160682,58238,105360,1549156,795234,206073,107050,701232,11864,2963,531,352
2021-05-03T23:59:59+02:00,56,56,34270,37108,74820,92422,88231,119512,119440,171556,208361,235913,264015,294529,216081,274169,66493,120611,15,10,11427,10914,22530,29022,25413,41395,33058,59716,46630,60091,55862,58336,121994,155779,57980,104921,1517297,779290,202956,105330,696274,9102,1309,524,341
2021-05-02T23:59:59+02:00,56,56,33914,36792,73631,91507,86744,118403,117000,169677,205252,233382,263048,293437,215796,273762,66426,120503,15,9,11352,10836,22335,28805,25178,41105,32708,59307,46171,59610,54667,56867,118918,152093,57895,104789,1506610,774217,200154,99758,692382,8195,435,514,329
2021-05-01T23:59:59+02:00,55,56,33595,36408,72865,90710,85669,117358,115525,168308,202158,230349,262355,292609,215586,273481,66415,120464,15,9,11337,10819,22279,28774,25113,41065,32645,59250,46089,59531,54424,56573,118761,151895,57886,104772,1491471,772891,200142,99716,692112,8147,428,513,327
2021-04-30T23:59:59+02:00,53,54,33049,35804,71653,89481,84197,115622,111739,164728,194744,223233,260361,290237,215137,272872,66355,120355,15,9,11011,10622,21914,28494,24835,40636,32313,58687,45619,58894,53525,55408,117809,150709,57831,104653,1458509,769186,199813,97721,691307,5801,226,509,321
2021-04-29T23:59:59+02:00,51,53,31546,34846,68717,87440,80546,112997,106607,160603,181904,211668,252416,281123,213940,271241,66221,120012,15,9,10700,10406,21433,28042,24402,40135,31722,57941,44814,57958,51683,53205,115956,148463,57730,104455,1403468,760315,192523,95032,685917,3474,201,495,314
2021-04-28T23:59:59+02:00,50,52,30310,34232,66841,86122,78059,111168,103170,157738,172192,202472,241556,268513,212657,269555,66025,119686,15,9,10509,10242,21124,27679,24031,39657,31286,57278,44072,57124,49530,50563,113369,145221,57604,104243,1350705,750645,189159,90463,680542,2248,168,486,295
2021-04-27T23:59:59+02:00,47,51,29549,33543,65253,84642,76038,109352,100396,155334,167443,197727,233037,258690,211512,267939,65905,119464,15,9,10384,10129,20836,27383,23791,39323,30923,56773,43377,56432,47518,48013,110726,141780,57485,104042,1316552,740794,186849,86445,672534,1522,166,473,274
2021-04-26T23:59:59+02:00,46,51,29116,33155,64149,83745,74527,108178,98092,153613,158813,189710,228839,253837,210803,266942,65812,119264,15,9,10288,10039,20615,27191,23551,39103,30621,56425,42758,55852,45706,45860,108830,139293,57389,103887,1287518,732798,185404,83332,665797,1140,159,458,264
2021-04-25T23:59:59+02:00,46,50,28863,32914,63362,83211,73451,107433,96345,152373,153407,184827,224500,248946,210212,266161,65746,119142,15,9,10232,10003,20533,27106,23460,39016,30511,56297,42592,55692,45291,45362,108149,138385,57361,103817,1274663,731107,179256,81558,657102,1008,156,450,263
2021-04-24T23:59:59+02:00,46,49,28516,32485,62417,81982,72263,105975,94782,150706,148492,179668,221712,245604,209744,265487,65712,119092,15,9,10217,9983,20490,27060,23403,38946,30429,56210,42441,55557,45047,45050,107899,138089,57340,103789,1249730,730000,179223,80854,655806,964,155,445,261
2021-04-23T23:59:59+02:00,46,49,27765,31860,60838,80456,70453,103949,92174,148048,143685,175264,217143,240038,209090,264499,65649,118977,15,9,10164,9918,20379,26973,23265,38792,30191,55998,42073,55225,44431,44290,106834,136801,57183,103512,1224711,726620,178033,78371,647261,912,150,441,258
2021-04-22T23:59:59+02:00,44,49,27145,31257,59296,79012,67971,101717,88028,144545,135623,167754,208105,229033,207053,261871,65450,118580,14,9,10037,9819,20125,26674,22908,38352,29673,55480,41311,54587,43266,42970,104831,134347,56954,103114,1183090,719100,170560,74437,638905,791,150,429,250
2021-04-21T23:59:59+02:00,44,45,26648,30734,57961,77894,66077,100076,84975,141894,128425,160927,195009,213686,204902,258982,65224,118154,14,9,9904,9730,19890,26419,22616,38024,29311,55024,40756,54049,42414,41945,102632,131550,56698,102696,1131484,712501,167669,70328,632520,716,150,424,242
2021-04-20T23:59:59+02:00,42,45,26218,30261,56784,76739,64387,98480,82413,139311,123325,155842,183529,200217,202471,255843,64988,117724,13,9,9799,9636,19668,26228,22318,37748,28896,54602,40211,53516,41592,41009,100405,128552,56359,102162,1088734,704895,164173,67071,625726,634,148,420,231
2021-04-19T23:59:59+02:00,42,44,25850,29899,55806,75919,63095,97301,80275,137379,119784,152437,177757,193371,200761,253612,64803,117395,13,9,9691,9542,19431,26006,22070,37472,28578,54208,39697,52981,40795,40104,97288,124551,55952,101447,1064106,694470,162333,64650,619109,594,147,412,229
2021-04-18T23:59:59+02:00,41,39,25540,29633,55029,75366,61962,96349,78408,135951,116410,150034,172638,187809,199746,252381,64691,117203,13,9,9617,9465,19240,25827,21888,37301,28360,53929,39435,52729,40466,39721,96073,122995,55768,101146,1050053,690565,160657,62718,608533,579,147,408,227
2021-04-17T23:59:59+02:00,40,38,25427,29536,54651,75163,61441,95991,77747,135341,115557,149291,168374,182916,199212,251657,64657,117138,13,9,9572,9406,19098,25638,21699,37071,28132,53653,39172,52461,40161,39394,95306,122066,55703,101062,1039121,686530,160620,62400,604449,566,147,407,226
2021-04-16T23:59:59+02:00,40,38,25049,29285,53656,74547,60145,95104,76111,134003,111401,145138,160719,174125,197550,249453,64549,116930,13,9,9366,9228,18700,25200,21108,36492,27016,52743,37138,50853,36820,36425,92102,118526,55300,100406,1013125,671342,159823,55451,594909,535,145,404,222
2021-04-15T23:59:59+02:00,38,34,24571,28834,52390,73374,58171,93375,72821,131153,105914,139849,152837,165134,192894,243575,64254,116313,13,9,9191,9062,18328,24768,20611,35823,26335,51938,35748,49619,34698,34366,88973,114774,54791,99549,980832,658152,157759,49850,576956,484,143,395,215
2021-04-14T23:59:59+02:00,36,31,24230,28506,51444,72432,56820,91974,70428,128985,101906,136060,143620,154733,185151,233695,63913,115649,13,9,8778,8784,17849,24256,20065,35164,25416,51058,34459,48498,32641,32201,85987,111117,54297,98686,942865,643154,155080,45622,561693,392,142,380,214
2021-04-13T23:59:59+02:00,36,31,23986,28281,50735,71891,55856,91130,68772,127559,98167,132609,131759,141579,178753,225366,63574,115060,13,9,8538,8604,17497,23838,19625,34612,24737,50258,33378,47473,31248,30831,83816,108707,53936,98141,909451,633660,150555,41224,545164,269,141,374,212
2021-04-12T23:59:59+02:00,36,30,23776,28088,50175,71372,54983,90388,67294,126263,95521,130274,124639,133542,175527,221418,63303,114569,13,9,8301,8415,17130,23536,19251,34170,24260,49721,32710,46845,29710,29283,82150,106764,53609,97619,892985,625166,149002,37966,529246,257,139,363,207
2021-04-11T23:59:59+02:00,35,30,23600,27919,49641,70945,54240,89926,66142,125452,93647,128783,119144,127511,171608,216811,63133,114271,13,9,8164,8281,16829,23255,18930,33853,23899,49338,32262,46459,29070,28611,81130,105515,53400,97300,885449,619840,144586,36134,512853,242,133,350,203
2021-04-10T23:59:59+02:00,35,30,23538,27859,49468,70801,54032,89763,65806,125175,93120,128341,117056,124975,170166,214957,63091,114171,13,9,7575,7674,15933,22465,17968,33010,22776,48298,31145,45457,28405,27897,79034,102905,53132,96865,878408,604465,143727,35755,510306,239,124,349,202
2021-04-09T23:59:59+02:00,34,30,23290,27607,48955,70301,53376,89060,64805,124043,91286,126425,108219,114020,166781,210547,62891,113813,12,9,6613,6770,14397,21139,16243,31449,20633,46326,28923,43443,26620,26062,75520,98708,52587,96025,858896,576918,136663,34234,499987,227,112,344,200
2021-04-08T23:59:59+02:00,34,30,22990,27359,48370,69805,52612,88359,63487,122953,88853,124249,97887,101998,161231,203693,62561,113246,12,9,5967,6180,13199,20118,14978,30108,18991,44605,26422,41108,23594,23083,70842,92896,51429,94255,840143,545207,127751,32291,481899,201,100,337,198
2021-04-07T23:59:59+02:00,32,29,22672,27126,47555,69330,51673,87728,62086,121954,85683,121789,88659,91676,154214,194903,62267,112688,12,9,5586,5854,12534,19439,14157,29275,17948,43555,24505,39211,21047,20552,66865,88104,50431,92634,819588,521644,122136,29809,460429,176,91,320,192
2021-04-06T23:59:59+02:00,31,29,22458,26966,47017,68940,51082,87198,61049,121175,83565,120039,80887,82853,147831,186927,61921,112061,12,9,5388,5695,12178,19074,13801,28837,17412,42985,23643,38394,19914,19520,63691,83993,49507,91241,800242,508210,118914,26842,442974,164,85,306,187
2021-04-05T23:59:59+02:00,31,28,22358,26840,46703,68589,50687,86789,60493,120480,82379,118881,76400,77755,142847,180830,61720,111745,12,9,5249,5554,11917,18818,13507,28521,17092,42607,23194,37933,19450,19048,60794,80427,48810,90172,790764,498835,117157,24047,427745,159,79,296,186
2021-04-04T23:59:59+02:00,31,28,22308,26775,46579,68312,50515,86473,60212,119977,81862,118246,74949,76041,142144,179856,61683,111663,12,9,5243,5545,11898,18801,13495,28503,17071,42591,23095,37860,19043,18726,59352,78573,48602,89860,788195,494023,117046,24041,422536,152,73,290,181
2021-04-03T23:59:59+02:00,31,28,22246,26694,46451,68201,50349,86294,59896,119661,81292,117664,73603,74406,141028,178320,61600,111515,12,9,5232,5536,11885,18781,13473,28483,17037,42544,22989,37785,18907,18575,58997,78006,48513,89713,781819,492224,117002,24041,420581,150,72,289,181
2021-04-02T23:59:59+02:00,31,28,22166,26607,46286,68031,50124,86044,59421,119200,80402,116850,72047,72519,138745,175340,61406,111155,12,9,5211,5498,11835,18737,13416,28399,16947,42394,22716,37306,18550,18212,56657,75115,47699,88609,772668,483719,115218,23397,418644,150,68,285,177
2021-04-01T23:59:59+02:00,28,27,21971,26400,45866,67510,49475,85300,58546,118255,78513,115179,68779,69083,134652,170158,61089,110585,12,9,5064,5354,11559,18470,13190,28161,16625,42085,22209,36862,17716,17456,51784,69055,46006,86128,760990,465541,109114,22021,411444,137,63,280,170
2021-03-31T23:59:59+02:00,27,27,21639,26180,45462,66977,48973,84643,57809,117313,77349,113939,66724,66754,129891,164037,60682,109861,11,9,4984,5301,11458,18344,13023,28005,16384,41815,21610,36344,16577,16547,46549,62621,44619,84133,751187,447095,101929,21072,405312,134,53,277,167
2021-03-30T23:59:59+02:00,27,26,21459,25955,45058,66357,48463,83838,57095,116258,76208,112558,64877,64731,125511,158281,60215,108967,11,9,4917,5214,11351,18216,12827,27813,16052,41490,21034,35797,15738,15740,43780,59198,43504,82331,740979,435186,97698,19704,397364,107,46,266,162
2021-03-29T23:59:59+02:00,26,26,21262,25716,44594,65806,47982,83140,56355,115174,74968,111116,62376,61978,118775,149654,59445,107574,11,9,4817,5142,11243,18096,12669,27645,15803,41166,20570,35328,15083,15196,41172,56200,42396,80501,720410,423923,94273,19013,391446,90,44,261,159
2021-03-28T23:59:59+02:00,26,26,21058,25423,44091,65111,47458,82391,55671,114164,74014,110003,61114,60538,114064,143680,59002,106817,11,9,4760,5081,11097,17944,12409,27345,15610,40919,20401,35093,14841,14948,40094,54778,42044,79959,713840,419579,86959,17685,384013,69,44,257,148
2021-03-27T23:59:59+01:00,26,26,20937,25264,43793,64745,47092,81859,55164,113473,73337,109263,59959,59448,112574,141973,58935,106735,11,9,4745,5069,11070,17923,12390,27314,15248,40487,20001,34655,14546,14737,39608,54091,41572,79142,708554,415514,86252,17032,379956,64,44,254,146
2021-03-26T23:59:59+01:00,26,25,20685,24750,42981,63037,46115,79832,53820,110444,71318,105641,57938,57557,109820,138734,58607,106218,9,9,4724,5036,11048,17871,12318,27221,15169,40375,19656,34060,14074,14082,36520,50237,39511,75882,697126,400932,82929,16812,367654,52,41,247,146
2021-03-25T23:59:59+01:00,26,22,20253,24076,42101,61269,45014,77273,52306,106909,68922,101872,55339,54916,106503,134764,58037,105225,9,9,4678,4980,10957,17767,12194,27076,14979,40157,19375,33750,13593,13586,32670,45176,36505,71324,685663,382521,78723,16215,350606,45,38,242,142
2021-03-24T23:59:59+01:00,26,22,19849,23624,41314,59991,43987,75725,50919,104976,66815,99535,52548,51995,102247,129672,57398,104149,9,9,4622,4911,10863,17624,12026,26873,14748,39869,19008,33328,13133,13136,30093,41958,33379,66467,672820,366904,73840,15117,338301,39,33,238,138
2021-03-23T23:59:59+01:00,26,22,19601,23315,40752,59063,43255,74621,49870,103459,65141,97670,50244,49644,99490,126458,56841,103312,9,9,4561,4839,10762,17495,11876,26687,14501,39553,18590,32938,12628,12624,27654,38841,29675,60524,664621,349210,70490,14527,327843,35,31,236,136
2021-03-22T23:59:59+01:00,26,22,19375,22893,40103,58172,42580,73574,48921,102068,63666,96038,48407,47749,97094,123716,56372,102547,6,8,4504,4793,10674,17376,11744,26510,14340,39313,18348,32636,12312,12249,25809,36469,25670,54034,658271,332801,67684,13970,317535,30,31,234,134
2021-03-21T23:59:59+01:00,26,22,19235,22629,39604,57409,42012,72719,48259,100904,62717,94800,47357,46720,95450,121863,55999,101967,6,8,4488,4784,10637,17328,11694,26422,14279,39224,18266,32535,12190,12111,25379,36020,25316,53474,655626,330589,65649,13556,308584,30,26,232,130
2021-03-20T23:59:59+01:00,26,22,19174,22484,39389,56911,41772,72158,47943,100266,62273,94194,46699,45951,92855,118631,55711,101483,6,8,4479,4775,10627,17315,11665,26405,14236,39189,18185,32459,12035,11950,24738,35248,24551,52391,649142,326878,65198,13368,303766,30,26,230,130
2021-03-19T23:59:59+01:00,25,21,18817,21917,38257,54781,40487,70161,46205,98175,59385,91433,42255,42075,87631,112869,55012,100405,6,8,4458,4760,10594,17265,11600,26292,14144,39015,17948,32159,11679,11667,23057,33182,22866,49818,631365,317501,57981,13004,290728,28,25,226,129
2021-03-18T23:59:59+01:00,25,20,18422,21264,37075,52622,38947,67368,44047,93699,55534,85630,38216,38259,82897,107389,53922,98749,6,8,4438,4731,10526,17162,11521,26136,13997,38825,17738,31958,11443,11484,21810,31658,21150,47217,614397,309408,52242,12389,267604,26,24,221,125
2021-03-17T23:59:59+01:00,24,19,17994,20909,36343,51697,38180,66408,42963,92339,53744,83802,35532,35465,78881,102556,52981,97278,5,8,4415,4703,10462,17062,11446,26001,13883,38635,17542,31768,11206,11259,20555,30237,19559,44810,597687,301880,47837,11674,261743,24,22,218,118
2021-03-16T23:59:59+01:00,23,19,17634,20488,35590,50623,37362,65206,41862,90657,51901,81814,33321,33445,74839,97589,52098,95964,5,6,4364,4651,10390,16932,11355,25848,13783,38394,17407,31523,11025,11074,19272,28710,18077,42482,584376,294063,43143,11239,253067,23,18,215,116
2021-03-15T23:59:59+01:00,23,19,17353,20121,34874,49635,36567,64012,40954,89175,50638,80207,31592,31603,71543,93490,51405,94833,5,6,4342,4616,10322,16809,11287,25645,13664,38104,17258,31249,10856,10913,18541,27743,16809,40618,573209,288217,39811,10589,245186,23,6,208,111
2021-03-14T23:59:59+01:00,23,18,17081,19693,34017,48428,35663,62691,39889,87347,49381,78476,30421,30357,69544,90923,50961,94155,5,6,4317,4597,10277,16731,11230,25503,13603,37882,17165,31084,10782,10827,18362,27462,16547,40056,566068,287011,37931,9456,235232,14,3,203,111
2021-03-13T23:59:59+01:00,23,18,16261,18628,32516,46379,34081,60547,37844,84263,47238,75912,29065,28997,67524,88296,50693,93765,5,6,4317,4596,10275,16725,11225,25494,13594,37874,17157,31074,10747,10792,17612,26572,15500,38598,549693,282743,37647,9455,224851,13,3,203,106
2021-03-12T23:59:59+01:00,22,17,15158,17249,30069,43729,31410,57403,34971,79408,44017,71435,26222,25805,63210,82984,49708,92362,5,5,4304,4561,10255,16663,11205,25441,13547,37756,17068,30942,10467,10565,16717,25316,14427,37069,521587,276908,36334,9441,207389,11,3,198,104
2021-03-11T23:59:59+01:00,21,17,14114,15785,27803,41028,29080,54215,32374,75013,40251,66541,22805,22321,57180,75653,47779,89531,5,5,4261,4519,10173,16544,11091,25214,13428,37445,16903,30634,10164,10349,16089,24470,13757,35790,489449,272883,34739,8008,187433,9,3,190,91
2021-03-10T23:59:59+01:00,21,17,13519,15084,26389,39411,27419,52387,30806,72689,37720,63410,20046,19756,51259,68509,46228,87192,5,5,4224,4475,10074,16376,10969,24959,13279,37024,16703,30257,9919,10158,15347,23696,13096,34763,462973,268122,32691,7261,176308,5,3,186,88
2021-03-09T23:59:59+01:00,20,16,13235,14618,25258,38368,26000,51205,29738,71034,36338,61572,18856,18626,47744,64055,45104,85403,5,5,4199,4449,9989,16207,10865,24699,13124,36706,16525,30019,9792,10052,14681,22856,12597,33987,449340,264395,30146,6423,167803,5,3,183,80
2021-03-08T23:59:59+01:00,19,16,12903,14006,24176,37252,24728,50063,28799,69549,35095,59951,17780,17742,43619,59072,43877,83418,5,5,4184,4413,9927,16009,10762,24435,12989,36346,16393,29753,9707,9967,14184,22248,12281,33542,433861,261188,28136,6026,160166,1,3,179,79
2021-03-07T23:59:59+01:00,19,16,12669,13711,23579,36395,24025,49183,28194,68676,34477,59188,17515,17485,42551,57618,43511,82859,5,5,4171,4398,9904,15966,10734,24359,12957,36176,16336,29639,9685,9938,13985,21992,12146,33336,429075,260117,26318,5680,156380,0,3,170,78
2021-03-06T23:59:59+01:00,18,16,12554,13420,23175,35654,23488,48389,27140,67141,33373,57422,17127,17154,41904,56727,43211,82391,5,5,4168,4384,9892,15939,10716,24325,12947,36134,16318,29608,9667,9897,13938,21954,12043,33125,424990,259736,26254,5396,149158,0,3,169,76
2021-03-05T23:59:59+01:00,18,16,12139,12817,22490,34447,22800,47159,26382,65504,32133,55003,16477,16318,38441,52425,41058,78950,5,5,4141,4334,9822,15836,10665,24177,12879,35938,16231,29399,9571,9826,13753,21743,11671,32511,409793,258032,24799,4548,140077,0,1,169,71
2021-03-04T23:59:59+01:00,16,16,11379,11802,21300,32716,21583,45107,25023,62849,30436,52643,15746,15597,34435,47256,37979,74262,5,5,4091,4241,9707,15540,10562,23819,12745,35403,16085,28994,9390,9669,13593,21533,11586,32365,391330,254958,22715,4450,126189,0,1,168,66
2021-03-03T23:59:59+01:00,15,16,11067,11301,20612,31497,20804,43743,24107,61096,29389,50997,15267,15090,31817,43930,34888,69490,5,5,4049,4176,9626,15366,10482,23563,12636,34979,15904,28645,9204,9541,13466,21313,11441,32089,375849,252285,21916,4282,117447,0,1,164,61
2021-03-02T23:59:59+01:00,15,16,10805,10871,19960,30520,20088,42721,23318,59701,28411,49719,14636,14436,29139,40561,30991,63268,5,5,4001,4103,9563,15199,10412,23294,12527,34544,15799,28335,9077,9438,13326,21121,11364,31944,357609,249857,20402,4276,111249,0,0,161,61
2021-03-01T23:59:59+01:00,13,15,10632,10610,19445,29712,19523,41836,22725,58630,27695,48594,14212,13981,27064,37977,26719,56361,5,5,3985,4053,9507,15041,10343,22993,12443,34166,15689,28010,8992,9376,13143,20851,11248,31760,340338,247408,19285,4276,106203,0,0,158,61
2021-02-28T23:59:59+01:00,13,15,10461,10407,18975,29057,18983,41094,22243,57772,27203,47797,14000,13735,26457,37315,26313,55758,5,5,3968,4038,9481,15008,10324,22941,12425,34096,15661,27962,8965,9352,13010,20671,11184,31610,337861,246545,18420,4238,101397,0,0,157,58
2021-02-27T23:59:59+01:00,13,15,10282,9892,18646,28191,18724,40305,21959,56787,26876,47008,13727,13434,25787,36514,25389,54340,5,5,3954,4025,9459,14987,10291,22894,12386,34013,15614,27888,8944,9335,12989,20646,11162,31590,333949,246179,17697,4087,96319,0,0,157,56
2021-02-26T23:59:59+01:00,12,14,9485,9108,17743,26754,17942,38098,21026,53935,25416,44183,13260,13032,24194,34523,23860,52033,5,5,3873,3956,9379,14827,10216,22638,12306,33647,15497,27595,8864,9254,12922,20577,11122,31520,324810,244270,17442,4013,82437,0,0,154,54
2021-02-25T23:59:59+01:00,12,14,8329,8256,16420,25142,16671,35842,19786,51047,23704,41399,12782,12631,22915,32932,22361,49750,5,5,3749,3810,9213,14507,9992,22031,12049,32783,15165,26937,8667,9102,12660,20252,10982,31252,317177,240106,16666,3135,66213,0,0,150,52
2021-02-24T23:59:59+01:00,11,13,7963,7732,15768,24108,16045,34603,19071,49532,22912,40201,12386,12295,21608,31436,20686,47123,4,5,3676,3740,9069,14212,9813,21572,11842,32151,14902,26397,8524,8960,12516,20079,10917,31040,308939,237311,15700,2187,58913,0,0,150,51
2021-02-23T23:59:59+01:00,11,13,7480,7254,14953,22928,15357,33384,18348,48121,22189,39126,12069,11967,20266,29862,19072,44567,4,5,3634,3663,8948,14008,9672,21173,11654,31569,14598,25892,8353,8815,12387,19867,10845,30802,300797,234447,14898,1521,51326,0,0,149,50
2021-02-22T23:59:59+01:00,10,11,7373,7048,14570,22310,15003,32656,17881,47112,21694,38392,11864,11717,19517,28849,17752,42611,4,5,3604,3561,8810,13717,9509,20670,11399,30820,14226,25290,8103,8618,12185,19611,10739,30491,294908,231113,14290,327,47223,0,0,145,48
2021-02-21T23:59:59+01:00,10,11,7281,6922,14242,21863,14584,32072,17464,46460,21253,37898,11755,11612,19355,28635,17504,42278,4,5,3564,3521,8724,13591,9428,20450,11326,30526,14103,25017,8043,8557,12127,19500,10668,30327,293753,229249,13920,309,43578,0,0,140,47
2021-02-20T23:59:59+01:00,10,11,7164,6872,14115,21783,14466,31934,17343,46306,21091,37715,11655,11525,18571,27717,16445,40806,4,5,3562,3514,8713,13583,9418,20429,11311,30501,14088,25006,8038,8548,12062,19436,10614,30258,289485,228860,13723,308,42375,0,0,135,46
2021-02-19T23:59:59+01:00,8,10,6862,6619,13760,21343,14092,31263,16868,45510,20385,36841,11048,11122,17521,26386,15288,39197,4,5,3482,3489,8637,13552,9375,20370,11273,30408,14028,24911,7996,8488,11843,19164,10421,29928,283087,227147,13346,306,37742,0,0,132,45
2021-02-18T23:59:59+01:00,8,10,6462,6145,13131,20197,13451,29889,16051,43641,19506,35261,10814,10901,16928,25632,14710,38310,4,5,3294,3351,8302,13013,9081,19617,10921,29363,13658,24077,7788,8176,11254,18208,9923,28770,279487,218582,12766,303,28848,0,0,124,43
2021-02-17T23:59:59+01:00,8,9,6296,5802,12685,19318,12958,28699,15349,41920,18855,33934,10580,10644,16172,24817,13934,37125,3,5,3044,3190,7960,12495,8780,18825,10551,28314,13270,23224,7552,7938,10696,17354,9485,27954,274812,210419,12032,297,22315,0,0,118,42
2021-02-16T23:59:59+01:00,8,9,5970,5500,12148,18483,12454,27625,14803,40544,18260,32899,10422,10537,15502,23988,13426,36341,3,5,2862,3070,7655,12039,8474,18099,10154,27220,12805,22323,7277,7638,9974,16174,8752,26397,271279,200860,11535,141,16167,0,0,108,37
2021-02-15T23:59:59+01:00,8,9,5862,5316,11851,17838,12187,26842,14452,39550,17909,32127,10292,10424,14943,23335,13065,35803,3,5,2773,2990,7459,11713,8255,17590,9850,26370,12450,21639,6996,7350,9272,15114,8237,25114,268165,193168,10932,95,12781,0,0,102,33
2021-02-14T23:59:59+01:00,8,9,5594,5198,11603,17566,11962,26407,14220,39103,17718,31850,10245,10373,14708,22994,12901,35410,3,5,2722,2952,7342,11544,8125,17382,9673,26036,12272,21336,6898,7223,9048,14731,8050,24577,267158,189914,9993,92,10782,0,0,101,28
2021-02-13T23:59:59+01:00,8,9,5534,5160,11552,17528,11931,26375,14191,39070,17698,31830,10231,10344,14681,22962,12887,35392,3,5,2718,2949,7336,11535,8113,17360,9656,26001,12245,21291,6867,7187,8893,14517,7697,23945,266908,188397,9990,9,10550,0,0,100,26
2021-02-12T23:59:59+01:00,8,8,5017,4842,10983,17164,11614,25823,13871,38429,17367,31190,10119,10236,14497,22749,12806,35282,3,5,2667,2916,7240,11376,8011,17128,9508,25609,12032,20844,6684,6950,8529,13953,7103,22599,265212,183239,9977,7,6882,0,0,97,25
2021-02-11T23:59:59+01:00,8,8,4556,4539,10394,16480,11201,25015,13389,37166,16878,30329,9803,9973,14216,22300,12525,34595,3,5,2498,2641,6638,10180,7319,15392,8645,22989,10972,18757,6028,6232,7477,12334,6285,20281,261970,164760,8334,3,3138,0,0,92,17
2021-02-10T23:59:59+01:00,8,8,4307,4372,10060,16030,10889,24477,13076,36280,16464,29579,9584,9834,14033,22095,12432,34385,3,5,2135,2348,5700,8710,6505,13341,7656,20078,9840,16710,5484,5642,6488,10668,5508,18218,259309,145125,7832,2,841,0,0,85,4
2021-02-09T23:59:59+01:00,8,8,4244,4272,9936,15760,10780,24068,12901,35662,16249,29105,9405,9693,13837,21881,12289,34160,3,5,1740,1996,4915,7438,5730,11539,6736,17554,8753,14712,4905,5011,5436,9098,4773,16095,256844,126518,7050,1,434,0,0,83,1
2021-02-08T23:59:59+01:00,8,8,4210,4218,9840,15549,10667,23706,12778,35202,16103,28746,9309,9625,13634,21596,12182,33963,3,5,1575,1799,4351,6441,5063,9958,5919,15024,7735,12849,4351,4479,4458,7501,4010,14005,254451,109598,6534,1,428,0,0,80,1
2021-02-07T23:59:59+01:00,8,8,4045,4151,9683,15414,10565,23541,12697,34940,15988,28550,9268,9578,13490,21416,12107,33819,3,5,1361,1552,3928,5768,4643,9076,5490,13854,7245,11885,4097,4218,4226,7105,3849,13405,253352,101780,5988,1,0,0,0,75,0
2021-02-06T23:59:59+01:00,8,8,4035,4141,9672,15398,10552,23506,12675,34890,15969,28494,9249,9565,13472,21381,12001,33622,3,5,1208,1357,3695,5462,4457,8650,5271,13269,6966,11327,3961,4083,4099,6955,3569,12948,253007,97351,5703,1,0,0,0,75,0
2021-02-05T23:59:59+01:00,8,7,3962,4072,9599,15255,10485,23255,12590,34522,15855,28210,9165,9490,13401,21306,11651,33027,3,4,1067,1126,3413,5014,4198,8066,4956,12490,6582,10599,3704,3837,3938,6723,3058,12056,251122,90896,4810,0,0,0,0,73,0
2021-02-04T23:59:59+01:00,8,7,3904,3947,9477,14936,10306,22706,12402,33725,15641,27646,9042,9378,13175,21011,11537,32820,3,2,804,791,2586,3758,3263,6316,4001,9939,5257,8377,3027,3123,3318,5735,2669,10559,247157,73575,4582,0,0,0,0,72,0
2021-02-03T23:59:59+01:00,8,7,3834,3874,9373,14713,10203,22369,12269,33216,15493,27230,8932,9262,13034,20834,11461,32655,3,2,667,622,1955,2834,2522,4877,3022,7635,4024,6313,2209,2248,2418,4242,1933,7896,244432,55456,4408,0,0,0,0,70,0
2021-02-02T23:59:59+01:00,8,7,3767,3778,9273,14517,10104,21990,12128,32652,15289,26778,8804,9144,12911,20627,11378,32390,2,2,531,491,1484,2098,1930,3668,2274,5808,3005,4725,1568,1549,1654,2797,1347,5253,241214,40209,4404,0,0,0,0,68,0
2021-02-01T23:59:59+01:00,7,7,3727,3686,9194,14286,9997,21603,11990,32015,15104,26273,8682,8994,12801,20483,11330,32211,1,0,394,357,1037,1449,1273,2449,1485,3805,1871,2999,998,986,980,1709,772,3038,238062,25615,4403,0,0,0,0,64,0
2021-01-31T23:59:59+01:00,7,7,3706,3650,9139,14176,9925,21395,11922,31716,15001,26077,8626,8935,12749,20370,11285,32081,1,0,363,336,911,1258,1083,2072,1283,3250,1636,2628,899,895,878,1525,701,2730,236556,22459,4286,0,0,0,0,62,0
2021-01-30T23:59:59+01:00,7,7,3705,3647,9128,14162,9910,21371,11909,31696,14989,26063,8622,8930,12680,20301,11218,32003,1,0,347,311,850,1174,1025,1948,1219,3060,1561,2492,870,869,859,1485,686,2677,236231,21443,4192,0,0,0,0,62,0
2021-01-29T23:59:59+01:00,7,7,3644,3630,9067,14132,9881,21319,11877,31620,14940,25996,8598,8907,12494,20075,11036,31759,1,0,280,227,726,998,880,1585,1064,2671,1349,2165,779,777,811,1431,668,2624,235001,19043,4063,0,0,0,0,61,0
2021-01-28T23:59:59+01:00,7,6,3526,3543,8861,13745,9660,20803,11643,31033,14608,25496,8461,8801,12060,19456,10679,31180,1,0,133,60,308,371,386,625,470,1164,616,974,412,430,477,827,384,1592,230204,9233,3442,0,0,0,0,58,0
2021-01-27T23:59:59+01:00,7,6,3295,3405,8567,13324,9360,20174,11254,30197,14220,24755,8242,8586,11510,18648,10254,30416,1,0,82,35,215,231,251,428,312,810,439,673,313,314,354,617,289,1168,223480,6534,2817,0,0,0,0,53,0
2021-01-26T23:59:59+01:00,6,6,3130,3307,8283,12981,9096,19602,10947,29436,13821,24121,8001,8360,10932,17730,9604,29262,1,0,76,31,200,221,235,393,296,756,408,611,298,288,326,553,262,1038,216735,5995,1973,0,0,0,0,46,0
2021-01-25T23:59:59+01:00,6,6,3042,3213,7999,12498,8804,18895,10559,28432,13341,23354,7717,8157,10315,16911,9148,28362,1,0,68,23,176,198,201,334,256,635,355,506,260,243,272,475,213,851,210420,5069,424,0,0,0,0,41,0
2021-01-24T23:59:59+01:00,6,6,2998,3192,7912,12418,8729,18767,10450,28272,13210,23171,7673,8118,10247,16797,9100,28267,1,0,67,22,171,193,198,320,253,613,346,492,251,239,270,468,209,836,209105,4951,319,0,0,0,0,34,0
2021-01-23T23:59:59+01:00,6,6,2997,3191,7910,12414,8724,18756,10447,28258,13204,23165,7665,8114,10122,16631,8771,27680,1,0,66,21,170,192,198,318,251,612,344,492,251,239,270,468,209,834,207839,4938,315,0,0,0,0,31,0
2021-01-22T23:59:59+01:00,6,6,2934,3145,7785,12298,8640,18613,10337,28084,13122,23050,7634,8077,9923,16327,8253,26655,1,0,66,20,169,191,197,317,251,611,342,492,251,239,270,468,209,834,204674,4930,313,0,0,0,0,26,0
2021-01-21T23:59:59+01:00,6,6,2848,2973,7284,11383,8156,17464,9799,26456,12515,21834,7347,7753,9290,15389,7739,25611,1,0,60,18,151,177,179,283,225,536,305,450,227,212,237,384,176,695,193639,4318,312,0,0,0,0,19,0
2021-01-20T23:59:59+01:00,6,6,2488,2628,6401,9972,7404,15502,8845,23627,11405,19757,6745,7101,8191,13621,6925,23390,1,0,58,18,149,172,176,281,216,522,292,428,214,205,231,359,162,657,173795,4143,308,0,0,0,0,16,0
2021-01-19T23:59:59+01:00,6,6,2049,2273,5499,8583,6541,13606,7824,20839,10133,17518,5989,6219,6811,11435,5904,20356,0,0,41,12,98,127,119,171,150,358,192,298,137,117,144,242,114,491,151445,2812,225,0,0,0,0,14,0
2021-01-18T23:59:59+01:00,5,6,1776,1984,4742,7196,5584,11371,6625,17240,8704,14798,5099,5339,5427,9184,4835,16875,0,0,22,7,39,48,54,79,66,164,76,148,63,56,69,135,62,223,126763,1312,99,0,0,0,0,14,0
2021-01-17T23:59:59+01:00,4,6,1501,1697,4225,6400,5074,10237,6087,15674,8064,13534,4762,4992,5052,8511,4508,15874,0,0,8,2,9,15,16,29,20,50,29,58,25,23,20,31,13,47,116176,395,91,0,0,0,0,13,0
2021-01-16T23:59:59+01:00,4,6,1335,1494,4008,6078,4894,9796,5828,15011,7734,12839,4570,4762,4837,8233,4154,15271,0,0,0,0,0,1,1,2,1,1,1,2,0,1,1,0,0,1,110905,12,10,0,0,0,0,13,0
2021-01-15T23:59:59+01:00,4,6,1185,1267,3752,5653,4637,9227,5537,14170,7326,12038,4279,4466,4647,7924,3617,14225,0,0,0,0,0,0,0,0,0,0,0,0,0,0,0,0,0,0,104011,0,5,0,0,0,0,13,0
2021-01-14T23:59:59+01:00,4,4,912,952,3004,4462,3769,7407,4592,11423,5928,9688,3477,3593,3902,6692,3134,12417,0,0,0,0,0,0,0,0,0,0,0,0,0,0,0,0,0,0,85401,0,0,0,0,0,0,13,0
2021-01-13T23:59:59+01:00,4,3,776,797,2531,3722,3181,6179,3817,9472,4833,7801,2605,2677,2942,5101,2399,9492,0,0,0,0,0,0,0,0,0,0,0,0,0,0,0,0,0,0,68364,0,0,0,0,0,0,12,0
2021-01-12T23:59:59+01:00,3,3,643,665,2119,3051,2621,5024,3056,7624,3812,6130,1875,1855,2015,3462,1700,6488,0,0,0,0,0,0,0,0,0,0,0,0,0,0,0,0,0,0,52183,0,0,0,0,0,0,0,0
