Datum,<24_1_m,<24_1_w,25-34_1_m,25-34_1_w,35-44_1_m,35-44_1_w,45-54_1_m,45-54_1_w,55-64_1_m,55-64_1_w,65-74_1_m,65-74_1_w,75-84_1_m,75-84_1_w,>84_1_m,>84_1_w,<24_2_m,<24_2_w,25-34_2_m,25-34_2_w,35-44_2_m,35-44_2_w,45-54_2_m,45-54_2_w,55-64_2_m,55-64_2_w,65-74_2_m,65-74_2_w,75-84_2_m,75-84_2_w,>84_2_m,>84_2_w,bp_1,bp_2,mo_1,mo_2,az_1,az_2,ja
2021-05-18T23:59:59+02:00,60045,62134,112838,121103,134217,161443,221572,259139,327205,345878,287776,325118,211009,273494,55691,105643,18984,18642,31256,38582,34381,54894,46405,78544,64291,77140,93494,104476,142573,185900,48317,91231,2016396,898018,281795,144622,750826,71051,15507
2021-05-17T23:59:59+02:00,58864,61042,110623,119164,131516,158825,215437,253435,320217,339381,286276,323443,210540,272809,55623,105510,18502,18173,30348,37769,33364,53855,45090,77067,62282,74990,88856,98851,141492,184484,48204,91022,1990895,887533,270482,137513,747716,65560,13831
2021-05-16T23:59:59+02:00,58028,60339,109234,117930,129807,157204,212671,250971,313340,332874,285471,322506,210271,272383,55577,105433,18190,17849,29659,37161,32588,53136,44084,75952,61063,73692,85480,94833,140905,183662,48137,90910,1976062,881718,261262,131001,744589,62325,12345
2021-05-15T23:59:59+02:00,57439,59649,108269,116974,128820,156058,210588,248921,310353,330135,284936,321897,210099,272137,55564,105379,18040,17677,29412,36898,32327,52764,43622,75394,60336,72890,84844,93985,140490,183096,48108,90874,1960102,876612,261250,130861,744232,61519,11853
2021-05-14T23:59:59+02:00,56008,58043,105981,114879,125185,152518,202078,241634,305061,325093,284163,320966,209851,271763,55524,105305,17491,17238,28676,36171,31611,51683,42539,73758,58785,71142,83098,91589,139978,182306,48079,90804,1923442,867275,259880,130031,740066,56848,10882
2021-05-13T23:59:59+02:00,53798,55816,102209,111722,120459,148392,191649,232685,295113,315741,281715,318102,209168,270786,55445,105134,16545,16744,27913,35510,30888,50803,41633,72726,57249,69488,78958,86798,137898,179552,47988,90619,1872836,855114,251467,123158,733945,53225,9903
2021-05-12T23:59:59+02:00,52771,54980,100342,110353,118474,146795,189178,230591,290211,310118,281024,317366,208961,270513,55415,105060,16364,16585,27626,35303,30533,50524,41232,72375,56696,68902,77662,85174,137248,178622,47913,90484,1850363,849670,249331,121448,733476,53014,9199
2021-05-11T23:59:59+02:00,50299,53316,96251,107213,112752,142034,175312,218962,279491,299945,278220,314061,208174,269323,55297,104814,15866,15893,26641,33902,29460,48772,39948,70081,54956,66710,74690,81663,136098,177054,47793,90188,1792772,837781,239767,118827,725341,45394,7801
2021-05-10T23:59:59+02:00,48893,52213,93715,105204,109627,139446,166543,211601,272359,293314,276383,311981,207671,268549,55195,104615,15532,15386,25994,32988,28788,47570,39028,68211,53727,65068,72685,79156,135105,175728,47693,89947,1758060,829146,233796,117820,718540,38598,7130
2021-05-09T23:59:59+02:00,47602,51312,91147,103545,107033,137725,161418,208037,267113,288519,275446,310906,207335,268080,55142,104485,15163,15116,25327,32341,28094,46774,38277,67283,52747,64145,71538,77774,134601,175017,47648,89841,1739436,824728,226760,116870,712713,34023,6153
2021-05-08T23:59:59+02:00,47252,50959,90282,102831,105996,136869,159896,206774,264742,286571,275014,310446,207228,267919,55130,104458,15048,15047,25207,32252,27948,46653,38084,67074,52339,63793,70531,76746,133701,173852,47609,89762,1727703,820210,226240,116123,712494,33254,6147
2021-05-07T23:59:59+02:00,46215,50144,88356,101525,103166,134588,154945,202713,259198,281491,273898,309101,206948,267514,55085,104362,14232,14487,24441,31538,27235,45579,37204,65796,51111,62244,68169,73962,131873,171491,47536,89628,1702679,810873,223090,113907,708396,26534,5300
2021-05-06T23:59:59+02:00,43406,48189,83666,98068,97285,129866,143640,193229,244292,267925,269611,304245,205879,266073,54942,104110,13490,13898,23554,30494,26273,44224,35833,63861,49358,60273,65636,70743,130124,169199,47444,89434,1638375,800141,213620,110853,698250,18535,4397
2021-05-05T23:59:59+02:00,41327,46813,79969,95470,92682,126139,134892,185876,230323,254303,264373,298042,204546,264390,54751,103676,13222,13561,23054,29798,25680,43295,34907,62451,48200,58849,62859,67438,127653,166049,47366,89239,1573438,788356,208607,107351,692393,14655,3347
2021-05-04T23:59:59+02:00,40063,45523,77249,93190,89194,123080,128923,180681,219721,243819,259866,292652,203331,262830,54582,103281,13036,13322,22673,29262,25228,42540,34181,61331,47039,57506,60055,64171,125665,163571,47252,89048,1525516,776914,203539,104763,686424,11573,2718
2021-05-03T23:59:59+02:00,39055,44329,74898,91351,86349,120749,124148,176760,213292,237848,257086,289330,202660,261886,54485,103027,12765,13008,22285,28698,24756,41821,33500,60352,45949,56312,56896,60229,122481,159490,47045,88682,1494334,761354,200449,103078,681592,8836,1089
2021-05-02T23:59:59+02:00,38655,43942,73690,90495,84901,119687,121562,174784,210459,235510,256308,288413,202418,261522,54426,102931,12685,12934,22098,28485,24529,41520,33165,59955,45466,55777,55132,58202,120133,156550,46973,88574,1484184,756464,197699,97611,677798,7959,232
2021-05-01T23:59:59+02:00,38280,43523,72903,89672,83817,118646,120069,173371,207433,232511,255727,287705,202242,261270,54417,102902,12667,12918,22050,28457,24474,41483,33099,59900,45384,55693,54880,57889,119999,156392,46965,88559,1469248,755178,197697,97574,677525,7917,228
2021-04-30T23:59:59+02:00,37642,42814,71694,88441,82341,116941,115622,169306,200635,225709,254084,285737,201851,260750,54368,102814,12304,12705,21727,28184,24209,41052,32788,59326,44905,55088,53911,56627,119194,155388,46924,88466,1436775,751601,197375,95602,676736,5611,72
2021-04-29T23:59:59+02:00,35944,41724,68745,86438,78793,114331,110104,164867,187369,213327,247487,278138,200900,259377,54261,102517,11974,12455,21257,27749,23804,40544,32196,58591,44089,54137,51960,54274,117622,153480,46840,88298,1382759,742989,190206,92968,671512,3348,53
2021-04-28T23:59:59+02:00,34559,41031,66873,85110,76302,112494,106566,161884,177102,203329,237667,266672,199809,257944,54102,102250,11777,12270,20958,27403,23463,40083,31774,57929,43317,53278,49672,51432,115391,150678,46740,88115,1330748,733707,186888,88493,666235,2137,30
2021-04-27T23:59:59+02:00,33683,40228,65301,83648,74354,110735,103740,159441,172342,198363,229589,257354,198906,256618,54003,102070,11643,12140,20680,27121,23246,39759,31399,57434,42607,52526,47450,48641,113089,147659,46648,87955,1297465,724054,184615,84537,658472,1464,29
2021-04-26T23:59:59+02:00,33173,39777,64205,82779,72876,109580,101269,157611,163350,189749,226152,253335,198345,255797,53930,101896,11541,12044,20485,26951,23020,39551,31099,57102,41947,51882,45507,46286,111500,145551,46571,87831,1268978,716302,183189,81539,651836,1087,27
2021-04-25T23:59:59+02:00,32869,39499,63416,82262,71813,108840,99484,156358,156798,183394,223334,250095,197823,255125,53876,101790,11481,12005,20414,26884,22938,39469,30997,56986,41782,51714,45040,45716,110914,144753,46548,87770,1256489,714694,177081,79812,643385,966,26
2021-04-24T23:59:59+02:00,32454,38983,62471,81047,70645,107390,97882,154681,151522,177810,221110,247374,197441,254565,53846,101749,11467,11988,20369,26841,22889,39407,30909,56901,41627,51558,44788,45405,110697,144498,46531,87744,1231965,713639,177061,79120,642124,922,25
2021-04-23T23:59:59+02:00,31578,38248,60898,79529,68891,105345,95146,151982,146580,173085,217118,242454,196860,253730,53799,101649,11414,11925,20252,26758,22755,39254,30673,56689,41265,51212,44113,44586,109714,143290,46408,87533,1207488,710340,175896,76693,633687,871,24
2021-04-22T23:59:59+02:00,30849,37536,59331,78066,66393,103081,90510,148127,138590,165278,208761,232226,195179,251543,53629,101316,11274,11796,20020,26486,22417,38840,30162,56192,40505,50580,42889,43194,107867,140969,46237,87223,1166614,703012,168555,72942,625423,760,24
2021-04-21T23:59:59+02:00,30285,36955,57961,76926,64509,101477,87336,145340,130886,157707,196472,217763,193430,249155,53437,100952,11140,11695,19789,26249,22140,38518,29805,55749,39960,50058,41956,42075,105806,138311,46044,86888,1115931,696627,165691,68920,619145,698,24
2021-04-20T23:59:59+02:00,29785,36409,56785,75787,62835,99856,84663,142674,125402,152079,185571,204881,191436,246599,53246,100592,11030,11602,19571,26053,21858,38249,29387,55322,39442,49557,41077,40996,103670,135478,45786,86449,1074085,689268,162243,65699,612447,623,23
2021-04-19T23:59:59+02:00,29385,35998,55808,74972,61544,98668,82438,140646,121698,148454,180127,198305,189998,244719,53093,100311,10896,11496,19361,25838,21615,37978,29064,54924,38944,49037,40198,39984,100697,131625,45473,85869,1049920,679141,160434,63333,605984,588,23
2021-04-18T23:59:59+02:00,29030,35701,55027,74424,60394,97704,80445,139168,118251,145868,175350,193065,189153,243651,53007,100153,10812,11408,19169,25667,21448,37816,28853,54652,38699,48800,39822,39544,99522,130126,45331,85639,1036148,675371,158869,61423,595548,577,23
2021-04-17T23:59:59+02:00,28910,35609,54628,74220,59900,97351,79767,138543,117188,144831,171376,188462,188702,243064,52981,100098,10756,11332,19035,25482,21254,37593,28619,54361,38444,48554,39511,39189,98798,129247,45283,85573,1025437,671425,158848,61110,591519,559,23
2021-04-16T23:59:59+02:00,28472,35306,53620,73600,58633,96460,78066,137140,112786,140345,164178,180064,187334,241234,52896,99940,10524,11128,18639,25076,20697,37023,27458,53419,36388,46938,36278,36293,95907,125992,44962,85038,1000019,656927,158093,54362,582136,533,23
2021-04-15T23:59:59+02:00,27921,34782,52327,72396,56627,94685,74644,134134,106982,134619,156550,171263,183381,236166,52655,99421,10332,10933,18264,24638,20207,36390,26741,52588,34975,45686,34130,34209,92997,122406,44568,84352,968190,644169,156048,48830,564487,479,23
2021-04-14T23:59:59+02:00,27522,34392,51423,71475,55269,93288,72218,131911,102617,130444,147418,160817,176481,227265,52379,98867,9877,10621,17817,24138,19677,35760,25778,51674,33721,44582,31961,31908,90269,118995,44182,83658,930866,629651,153382,44646,549710,384,22
2021-04-13T23:59:59+02:00,27244,34135,50717,70921,54353,92470,70489,130432,98235,126288,135929,147862,170920,219964,52105,98381,9614,10417,17476,23721,19260,35232,25090,50872,32666,43577,30565,30513,88295,116800,43911,83217,898199,620747,148905,40279,533513,263,22
2021-04-12T23:59:59+02:00,27006,33905,50155,70403,53499,91734,68951,129069,95311,123591,128683,139636,168484,216912,51879,97962,9353,10199,17121,23429,18896,34785,24610,50346,31963,42941,29007,28926,86745,114941,43653,82794,882031,612472,147389,37045,517931,253,22
2021-04-11T23:59:59+02:00,26788,33723,49640,69991,52780,91266,67757,128224,93221,121840,122391,132748,165837,213675,51747,97715,9202,10049,16818,23149,18596,34483,24237,49965,31548,42579,28333,28224,85781,113752,43485,82529,874690,607273,143024,35277,501801,241,21
2021-04-10T23:59:59+02:00,26709,33655,49486,69867,52573,91112,67424,127944,92643,121310,119890,129714,164945,212473,51710,97625,8530,9369,15923,22393,17656,33628,23080,48914,30510,41641,27657,27499,83756,111195,43260,82147,867764,592069,142179,34912,499308,237,21
2021-04-09T23:59:59+02:00,26418,33369,49012,69389,51922,90421,66366,126755,90579,119061,110838,118426,162286,208985,51548,97338,7445,8365,14392,21034,15912,32066,20854,46904,28472,39729,25823,25648,80401,107114,42833,81469,848591,564876,135170,33423,489125,223,19
2021-04-08T23:59:59+02:00,26105,33100,48436,68890,51188,89716,64987,125637,87945,116531,100316,106137,157511,203052,51285,96858,6698,7700,13213,19997,14647,30713,19151,45158,25968,37378,22862,22638,75883,101530,41958,80073,830189,533927,126340,31505,471341,197,16
2021-04-07T23:59:59+02:00,25738,32838,47635,68449,50287,89108,63482,124571,84398,113628,91130,95692,151408,195330,51041,96380,6281,7330,12541,19312,13832,29894,18094,44059,23980,35403,20338,20126,72067,96840,41172,78763,810130,510865,120785,29064,450373,164,16
2021-04-06T23:59:59+02:00,25484,32654,47132,68075,49728,88588,62368,123757,82051,111548,82889,86264,146071,188567,50771,95848,6065,7151,12188,18961,13496,29450,17531,43482,23102,34628,19214,19038,68881,92689,40452,77654,791205,497726,117595,26165,433168,153,15
2021-04-05T23:59:59+02:00,25366,32512,46826,67726,49346,88181,61785,123038,80693,110224,77904,80553,141905,183362,50596,95582,5913,6993,11912,18712,13212,29141,17209,43113,22671,34182,18739,18534,65917,89015,39962,76859,781876,488560,115806,23435,418087,150,15
2021-04-04T23:59:59+02:00,25318,32444,46699,67448,49172,87868,61513,122525,80128,109566,76462,78795,141302,182524,50568,95515,5910,6984,11899,18705,13201,29126,17194,43094,22533,34093,18352,18184,64441,87120,39829,76656,779375,483805,115709,23435,412933,142,15
2021-04-03T23:59:59+02:00,25246,32358,46577,67336,49015,87694,61162,122182,79577,108964,74992,77035,140353,181188,50500,95393,5902,6975,11883,18690,13179,29103,17156,43049,22429,34011,18209,18037,64085,86547,39767,76545,773060,482051,115671,23435,411011,142,15
2021-04-02T23:59:59+02:00,25162,32266,46415,67173,48784,87434,60653,121709,78687,108104,73255,74878,138335,178543,50347,95109,5880,6936,11839,18649,13126,29023,17060,42869,22153,33550,17833,17681,61637,83522,39135,75654,764013,473665,113901,22802,409110,142,14
2021-04-01T23:59:59+02:00,24928,32004,45992,66668,48140,86680,59766,120758,76771,106417,69286,70532,135099,174391,50101,94656,5704,6751,11585,18412,12904,28801,16739,42555,21645,33098,16985,16895,56658,77207,37802,73650,752436,455891,107885,21437,402038,127,12
2021-03-31T23:59:59+02:00,24575,31743,45582,66153,47664,86041,59020,119759,75595,105183,66966,67828,130734,168755,49769,94056,5621,6695,11482,18288,12755,28655,16480,42259,21027,32577,15810,15978,51370,70560,36715,72083,742790,437799,100814,20497,395989,124,11
2021-03-30T23:59:59+02:00,24382,31477,45177,65528,47171,85238,58291,118670,74457,103822,64859,65510,126691,163345,49398,93302,5551,6601,11377,18167,12557,28474,16141,41926,20453,32016,14955,15166,48553,67014,35830,70571,732678,426159,96627,19164,388184,96,8
2021-03-29T23:59:59+02:00,24155,31190,44718,64984,46704,84537,57544,117551,73193,102389,61845,61977,120598,155525,48781,92149,5455,6530,11285,18063,12397,28311,15898,41590,19986,31551,14305,14615,45817,63780,34976,69096,712332,415103,93242,18538,382437,81,8
2021-03-28T23:59:59+02:00,23908,30845,44225,64300,46202,83802,56857,116548,72260,101280,59922,59785,116609,150355,48421,91526,5396,6462,11141,17919,12145,28006,15730,41370,19820,31324,14063,14380,44692,62281,34723,68695,705884,410879,85972,17271,375160,64,8
2021-03-27T23:59:59+01:00,23771,30653,43939,63936,45824,83263,56350,115859,71532,100533,58819,58698,115227,148758,48372,91464,5383,6450,11111,17898,12127,27976,15323,40880,19452,30933,13783,14183,44100,61406,34376,68087,700680,406864,85276,16620,371212,51,8
2021-03-26T23:59:59+01:00,23478,29985,43102,62267,44874,81193,54964,112680,69526,97203,56679,56711,112746,145739,48117,91046,5364,6413,11089,17848,12057,27884,15240,40773,19088,30305,13305,13569,40585,56953,32860,65541,689407,392487,81984,16406,359086,48,8
2021-03-25T23:59:59+01:00,23027,29171,42207,60480,43806,78617,53401,109081,67187,93683,53997,54015,109707,141985,47673,90245,5313,6352,10997,17740,11939,27746,15061,40541,18798,29999,12803,13049,36180,51089,30626,62090,678061,374532,77821,15814,342567,44,7
2021-03-24T23:59:59+01:00,22555,28629,41455,59216,42812,77090,51945,107128,65127,91424,51102,50992,105747,137135,47158,89349,5253,6281,10901,17599,11772,27544,14824,40234,18439,29601,12347,12588,33086,47088,28155,58185,665390,359210,72970,14718,330675,41,2
2021-03-23T23:59:59+01:00,22280,28247,40875,58325,42122,75994,50883,105581,63474,89598,48789,48545,103117,134154,46726,88644,5190,6208,10803,17467,11627,27363,14568,39918,18029,29198,11834,12109,30151,43216,25139,53236,657437,341957,69672,14131,320415,40,1
2021-03-22T23:59:59+01:00,21996,27766,40257,57451,41473,74959,49934,104155,62017,87998,46933,46647,100876,131534,46359,88005,5119,6154,10728,17342,11495,27200,14405,39686,17786,28882,11534,11743,27787,40120,21823,47743,651255,325999,66884,13583,310391,38,0
2021-03-21T23:59:59+01:00,21832,27436,39758,56697,40944,74103,49276,102998,61076,86824,45855,45592,99320,129758,46060,87516,5104,6145,10693,17292,11448,27112,14349,39595,17702,28779,11411,11621,27331,39619,21524,47259,648716,323848,64868,13171,301627,38,0
2021-03-20T23:59:59+01:00,21763,27253,39548,56179,40703,73574,48958,102332,60626,86250,45141,44774,96818,126601,45816,87087,5096,6138,10682,17282,11421,27095,14304,39556,17608,28695,11251,11459,26610,38754,20871,46287,642295,320162,64426,12982,296867,38,0
2021-03-19T23:59:59+01:00,21340,26525,38388,54110,39436,71588,47124,100190,57663,83479,40671,40877,91936,121076,45262,86203,5075,6125,10651,17223,11358,26990,14216,39384,17359,28394,10915,11193,24652,36326,19523,44147,624666,310948,57246,12620,284118,36,0
2021-03-18T23:59:59+01:00,20882,25703,37146,51967,37904,68684,44854,95542,53819,78027,36672,37071,87422,115788,44398,84828,5049,6088,10585,17122,11280,26838,14066,39190,17141,28213,10677,11009,23145,34402,18125,42005,607897,302956,51519,12019,261451,32,0
2021-03-17T23:59:59+01:00,20407,25290,36429,51037,37129,67728,43729,94098,52005,76244,33863,34107,83637,111134,43617,83609,5020,6058,10527,17027,11210,26702,13949,39003,16926,28024,10460,10789,21696,32697,16816,39978,591391,295605,47157,11318,255673,29,0
2021-03-16T23:59:59+01:00,20000,24795,35665,49967,36333,66516,42550,92410,50159,74298,31645,32017,79808,106349,42900,82518,4965,6000,10456,16898,11120,26547,13852,38765,16783,27797,10294,10609,20199,30894,15592,37989,578412,287915,42479,10886,247193,28,0
2021-03-15T23:59:59+01:00,19677,24353,34945,48994,35556,65278,41617,90928,48893,72747,29901,30126,76576,102307,42366,81574,4941,5956,10395,16774,11053,26351,13737,38477,16637,27542,10127,10452,19289,29699,14560,36397,567384,282189,39163,10242,239442,25,0
2021-03-14T23:59:59+01:00,19367,23827,34052,47795,34694,63968,40526,89047,47703,71140,28715,28886,74626,99782,42019,81021,4916,5933,10345,16694,10996,26202,13681,38254,16547,27403,10052,10367,19106,29396,14315,35871,560314,281021,37300,9109,229703,17,0
2021-03-13T23:59:59+01:00,18455,22709,32605,45964,33211,62007,38483,86107,45738,68936,27461,27589,72650,97200,41841,80747,4916,5933,10343,16689,10992,26196,13676,38248,16542,27395,10005,10326,18237,28321,13414,34624,544021,276800,37018,9108,220806,17,0
2021-03-12T23:59:59+01:00,17172,21103,30109,43311,30619,58786,35512,81060,42635,64784,24666,24457,68385,91895,41107,79652,4905,5897,10325,16630,10973,26140,13633,38133,16444,27242,9737,10127,17197,26864,12532,33342,516138,271072,35709,9098,203546,16,0
2021-03-11T23:59:59+01:00,15978,19374,27876,40705,28359,55550,32827,76582,38942,60123,21295,20975,62391,84496,39587,77361,4858,5853,10248,16513,10862,25899,13510,37817,16270,26965,9443,9910,16523,25962,11936,32165,484299,267120,34125,7666,184130,13,0
2021-03-10T23:59:59+01:00,15300,18530,26404,39095,26768,53722,31229,74166,36336,57058,18610,18462,56437,77184,38388,75513,4815,5795,10153,16344,10751,25641,13360,37400,16067,26637,9218,9728,15701,25079,11386,31268,458059,262426,32090,6969,173185,13,0
2021-03-09T23:59:59+01:00,14972,17967,25214,38070,25435,52514,30150,72466,34967,55316,17451,17380,52873,72604,37488,74010,4784,5757,10070,16168,10641,25385,13198,37081,15911,26423,9091,9623,14979,24163,10973,30599,444587,258762,29578,6137,164835,12,0
2021-03-08T23:59:59+01:00,14588,17273,24067,37002,24247,51358,29213,70953,33754,53776,16385,16537,48633,67357,36526,72413,4768,5704,10004,15968,10538,25128,13059,36722,15793,26192,9020,9534,14432,23508,10723,30229,429208,255635,27631,5748,157364,4,0
2021-03-07T23:59:59+01:00,14330,16915,23465,36166,23547,50481,28641,70087,33203,53109,16131,16296,47497,65816,36263,71984,4754,5689,9984,15927,10511,25040,13026,36550,15737,26100,9000,9500,14217,23228,10611,30063,424498,254591,25824,5410,153728,0,0
2021-03-06T23:59:59+01:00,14194,16549,23034,35455,23029,49665,27532,68465,32142,51466,15825,16060,46784,64801,36055,71661,4750,5669,9972,15906,10496,25006,13016,36508,15719,26069,8980,9463,14170,23187,10513,29859,420456,254218,25761,5129,146618,0,0
2021-03-05T23:59:59+01:00,13730,15840,22352,34305,22373,48395,26752,66800,30922,49136,15203,15307,42871,59861,34446,68924,4720,5608,9903,15808,10441,24858,12949,36313,15637,25868,8887,9408,13979,22967,10168,29274,405316,252556,24316,4296,137698,0,0
2021-03-04T23:59:59+01:00,12929,14698,21177,32619,21208,46340,25366,64061,29315,47075,14491,14592,38243,53762,32139,65332,4669,5504,9794,15515,10348,24495,12820,35794,15500,25521,8741,9278,13826,22759,10102,29144,387018,249667,22247,4206,124194,0,0
2021-03-03T23:59:59+01:00,12594,14131,20492,31431,20456,44975,24450,62322,28346,45588,14026,14119,35109,49639,29676,61468,4625,5429,9711,15336,10268,24244,12713,35362,15309,25213,8589,9159,13692,22532,9971,28894,371703,247065,21479,4045,115748,0,0
2021-03-02T23:59:59+01:00,12317,13636,19861,30488,19754,43954,23659,60929,27426,44390,13404,13514,31898,45447,26450,56211,4571,5347,9649,15173,10202,23969,12617,34936,15207,24934,8471,9064,13549,22339,9907,28766,353698,244719,20029,4044,109716,0,0
2021-03-01T23:59:59+01:00,12120,13303,19368,29679,19211,43111,23074,59851,26748,43321,13000,13080,29250,42063,22853,50245,4548,5289,9599,15016,10135,23681,12539,34533,15112,24673,8395,9010,13352,22041,9816,28621,336628,242378,18968,4044,104785,0,0
2021-02-28T23:59:59+01:00,11944,13070,18904,29041,18720,42346,22592,59011,26284,42577,12802,12875,28622,41350,22511,49728,4529,5274,9579,14984,10115,23633,12523,34467,15088,24638,8372,8988,13211,21837,9767,28503,334234,241560,18112,4010,100133,0,0
2021-02-27T23:59:59+01:00,11722,12424,18588,28244,18467,41576,22306,57998,25958,41859,12540,12593,27840,40404,21732,48479,4518,5261,9555,14965,10083,23572,12484,34393,15049,24573,8354,8972,13199,21822,9766,28499,330337,241217,17392,3910,95101,0,0
2021-02-26T23:59:59+01:00,10847,11505,17740,26797,17700,39303,21373,55085,24494,39285,12177,12305,25984,38072,20515,46554,4427,5176,9480,14811,10013,23302,12399,34019,14932,24319,8279,8901,13133,21742,9732,28444,321257,239333,17139,3837,81438,0,0
2021-02-25T23:59:59+01:00,9600,10507,16450,25193,16467,36999,20103,52083,22864,36770,11785,12018,24482,36131,19291,44663,4299,5015,9323,14501,9821,22672,12144,33175,14632,23765,8105,8763,12873,21403,9615,28223,313663,235373,16371,3017,65468,0,0
2021-02-24T23:59:59+01:00,9161,9887,15817,24154,15856,35732,19362,50535,22096,35723,11430,11705,22971,34304,17892,42441,4217,4917,9187,14224,9645,22207,11954,32550,14377,23279,7978,8635,12738,21229,9558,28032,305546,232671,15411,2115,58203,0,0
2021-02-23T23:59:59+01:00,8604,9296,15012,23001,15201,34484,18611,49124,21411,34773,11165,11406,21380,32403,16563,40252,4174,4831,9059,13998,9507,21788,11762,31980,14070,22833,7833,8495,12620,21018,9497,27816,297482,229877,14614,1463,50682,0,0
2021-02-22T23:59:59+01:00,8466,9037,14627,22385,14848,33758,18140,48083,20942,34116,10988,11167,20435,31142,15475,38587,4140,4706,8912,13694,9336,21261,11497,31236,13693,22290,7622,8316,12423,20767,9410,27532,291665,226599,14005,294,46617,0,0
2021-02-21T23:59:59+01:00,8359,8861,14289,21946,14436,33178,17720,47401,20536,33694,10889,11078,20267,30916,15248,38275,4092,4652,8833,13563,9259,21042,11425,30942,13581,22043,7561,8265,12360,20655,9349,27381,290535,224779,13637,281,43011,0,0
2021-02-20T23:59:59+01:00,8225,8804,14173,21861,14321,33053,17596,47230,20381,33533,10783,10991,19372,29818,14331,37005,4089,4646,8824,13554,9248,21021,11410,30916,13568,22037,7558,8257,12288,20579,9306,27332,286300,224410,13441,280,41825,0,0
2021-02-19T23:59:59+01:00,7887,8515,13827,21414,13946,32360,17117,46426,19666,32691,10255,10660,18163,28273,13372,35642,3997,4621,8758,13527,9205,20958,11378,30822,13503,21952,7516,8201,12043,20266,9142,27045,280014,222711,13066,280,37219,0,0
2021-02-18T23:59:59+01:00,7434,7912,13203,20302,13312,30955,16279,44483,18820,31286,10083,10479,17507,27440,12877,34864,3790,4435,8421,12983,8914,20191,11031,29772,13152,21227,7314,7889,11415,19236,8719,26027,276461,214292,12493,280,28365,0,0
2021-02-17T23:59:59+01:00,7239,7477,12761,19435,12812,29723,15583,42703,18212,30156,9879,10258,16643,26485,12229,33833,3510,4219,8077,12478,8626,19355,10647,28698,12785,20497,7090,7657,10807,18305,8350,25322,271770,206197,11763,279,21977,0,0
2021-02-16T23:59:59+01:00,6844,7100,12255,18597,12330,28622,15047,41373,17658,29264,9738,10156,15914,25568,11802,33150,3301,4066,7772,12011,8316,18608,10240,27588,12347,19701,6831,7352,10029,17038,7708,23920,268207,196754,11268,127,16023,0,0
2021-02-15T23:59:59+01:00,6721,6858,11962,17965,12060,27819,14686,40370,17332,28573,9620,10055,15296,24847,11519,32693,3201,3959,7576,11677,8098,18094,9932,26736,12004,19059,6557,7077,9293,15881,7259,22791,265122,189164,10667,83,12667,0,0
2021-02-14T23:59:59+01:00,6429,6717,11722,17687,11839,27374,14455,39924,17147,28333,9578,10006,15044,24477,11378,32338,3146,3913,7461,11512,7965,17890,9761,26389,11833,18786,6450,6946,9072,15478,7097,22297,264124,185965,9733,83,10669,0,0
2021-02-13T23:59:59+01:00,6357,6671,11681,17656,11808,27342,14431,39895,17129,28311,9565,9982,15015,24450,11371,32323,3141,3908,7454,11507,7955,17870,9743,26354,11804,18745,6427,6914,8907,15246,6759,21696,263890,184476,9733,6,10442,0,0
2021-02-12T23:59:59+01:00,5762,6309,11160,17285,11503,26794,14110,39230,16814,27715,9465,9908,14822,24225,11309,32231,3085,3861,7361,11354,7850,17621,9586,25965,11594,18305,6246,6693,8523,14641,6209,20435,262203,179376,9723,5,6793,0,0
2021-02-11T23:59:59+01:00,5231,5943,10608,16625,11091,25948,13625,37993,16350,26940,9174,9662,14538,23773,11055,31584,2888,3490,6728,10141,7181,15834,8714,23307,10565,16452,5635,6017,7440,12866,5503,18362,259041,161168,8086,3,3089,0,0
2021-02-10T23:59:59+01:00,4959,5732,10263,16176,10800,25407,13298,37089,15967,26288,8986,9534,14366,23562,10968,31392,2468,3096,5807,8678,6387,13719,7724,20402,9528,14706,5125,5446,6397,11111,4847,16499,256409,141979,7628,1,826,0,0
2021-02-09T23:59:59+01:00,4883,5608,10141,15903,10693,24996,13119,36446,15756,25863,8812,9406,14165,23350,10850,31189,2030,2634,5011,7412,5611,11873,6822,17842,8479,12966,4575,4809,5317,9435,4225,14637,253980,123713,6851,1,424,0,0
2021-02-08T23:59:59+01:00,4841,5540,10053,15681,10582,24631,13001,35954,15624,25565,8725,9346,13946,23033,10766,31037,1827,2359,4454,6423,4966,10241,5992,15305,7490,11355,4069,4289,4295,7758,3574,12771,251640,107198,6338,1,421,0,0
2021-02-07T23:59:59+01:00,4653,5460,9914,15546,10481,24453,12915,35686,15522,25397,8690,9302,13791,22824,10707,30926,1582,2044,4035,5765,4566,9335,5556,14145,7025,10499,3829,4043,4070,7354,3437,12223,250545,99535,5794,1,0,0,0
2021-02-06T23:59:59+01:00,4644,5446,9903,15531,10467,24413,12895,35635,15504,25346,8672,9285,13769,22791,10607,30732,1400,1797,3810,5488,4387,8880,5331,13543,6746,9982,3710,3938,3948,7198,3166,11781,250201,95131,5511,1,0,0,0
2021-02-05T23:59:59+01:00,4562,5362,9834,15392,10402,24144,12804,35260,15391,25090,8597,9218,13698,22711,10263,30146,1235,1512,3526,5061,4128,8287,5027,12753,6353,9313,3472,3718,3791,6961,2684,10933,248324,88779,4620,0,0,0,0
2021-02-04T23:59:59+01:00,4495,5211,9705,15066,10238,23565,12603,34455,15182,24607,8482,9111,13465,22400,10169,29974,914,1066,2674,3794,3218,6496,4040,10138,5060,7347,2849,3049,3198,5937,2339,9553,244400,71690,4398,0,0,0,0
2021-02-03T23:59:59+01:00,4417,5115,9591,14844,10133,23191,12466,33921,15029,24226,8378,8992,13307,22194,10100,29762,751,833,2017,2868,2484,5019,3086,7768,3851,5566,2063,2208,2349,4447,1711,7197,241505,54231,4231,0,0,0,0
2021-02-02T23:59:59+01:00,4346,5008,9489,14635,10030,22786,12315,33340,14828,23821,8272,8872,13184,21979,10022,29510,598,655,1523,2122,1909,3785,2330,5920,2865,4170,1452,1480,1600,2967,1193,4797,238277,39377,4229,0,0,0,0
2021-02-01T23:59:59+01:00,4301,4896,9398,14397,9924,22361,12176,32690,14648,23368,8159,8736,13083,21843,9979,29344,455,469,1048,1463,1260,2519,1500,3836,1782,2658,911,944,964,1816,682,2769,235143,25084,4229,0,0,0,0
2021-01-31T23:59:59+01:00,4279,4849,9344,14283,9852,22158,12108,32384,14558,23191,8107,8686,13030,21727,9940,29224,415,431,918,1269,1076,2131,1293,3259,1554,2353,824,854,859,1622,619,2484,233670,21966,4118,0,0,0,0
2021-01-30T23:59:59+01:00,4279,4846,9334,14270,9836,22133,12096,32364,14545,23181,8105,8681,12964,21651,9899,29176,397,399,853,1184,1022,2005,1224,3069,1483,2229,802,831,840,1582,606,2435,233355,20965,4073,0,0,0,0
2021-01-29T23:59:59+01:00,4209,4832,9284,14238,9804,22081,12066,32290,14498,23120,8083,8654,12753,21391,9746,28974,320,299,730,1007,878,1631,1071,2682,1277,1937,723,745,791,1526,591,2389,232143,18600,3948,0,0,0,0
2021-01-28T23:59:59+01:00,4073,4710,9077,13842,9587,21558,11822,31704,14191,22676,7954,8560,12279,20696,9447,28479,152,81,291,375,371,629,467,1166,588,860,391,416,468,887,337,1446,227368,8925,3354,0,0,0,0
2021-01-27T23:59:59+01:00,3813,4528,8773,13431,9288,20900,11447,30863,13819,22021,7750,8354,11682,19809,9089,27829,93,51,199,229,244,429,306,813,421,591,294,302,346,656,254,1058,220702,6286,2756,0,0,0,0
2021-01-26T23:59:59+01:00,3626,4402,8489,13072,9026,20317,11131,30081,13426,21467,7529,8132,11049,18816,8514,26781,88,47,185,219,226,390,292,756,388,541,282,276,316,583,232,943,214004,5764,1916,0,0,0,0
2021-01-25T23:59:59+01:00,3527,4270,8194,12580,8734,19588,10733,29073,12946,20780,7285,7941,10382,17904,8123,26007,79,37,164,195,196,331,250,630,339,449,243,236,264,500,187,765,207739,4865,389,0,0,0,0
2021-01-24T23:59:59+01:00,3478,4243,8110,12498,8663,19465,10622,28897,12821,20624,7252,7903,10313,17795,8082,25915,78,35,160,191,194,318,248,609,330,436,235,233,262,492,183,751,206448,4755,293,0,0,0,0
2021-01-23T23:59:59+01:00,3476,4241,8110,12497,8659,19456,10621,28885,12814,20619,7248,7902,10176,17612,7767,25348,78,35,160,191,193,318,247,609,329,436,235,233,262,492,183,751,205199,4752,292,0,0,0,0
2021-01-22T23:59:59+01:00,3405,4189,7987,12384,8578,19305,10513,28725,12742,20512,7218,7872,9948,17267,7281,24369,78,35,159,191,193,318,247,609,329,436,235,233,262,492,183,751,202063,4751,292,0,0,0,0
2021-01-21T23:59:59+01:00,3287,3942,7467,11451,8108,18128,9955,27053,12154,19403,6952,7567,9249,16185,6840,23441,71,32,143,175,177,285,222,534,292,399,211,206,229,405,156,631,190948,4168,292,0,0,0,0
2021-01-20T23:59:59+01:00,2866,3493,6580,10012,7361,16096,8985,24198,11099,17580,6390,6907,8091,14323,6148,21429,70,32,142,169,174,284,214,517,281,381,200,198,220,379,146,596,171320,4003,290,0,0,0,0
2021-01-19T23:59:59+01:00,2368,3019,5663,8629,6483,14115,7965,21346,9861,15565,5656,6022,6660,11952,5263,18683,46,22,95,123,117,175,151,351,181,269,122,112,141,260,99,441,149083,2705,211,0,0,0,0
2021-01-18T23:59:59+01:00,2052,2616,4874,7216,5525,11772,6742,17648,8474,13173,4820,5154,5232,9543,4327,15510,25,11,36,46,54,83,66,154,68,133,59,53,61,140,56,208,124630,1253,89,0,0,0,0
2021-01-17T23:59:59+01:00,1735,2240,4354,6440,5025,10585,6201,16041,7844,12026,4495,4812,4865,8851,4030,14569,11,3,6,14,15,32,19,44,25,49,25,23,15,36,12,42,114061,371,87,0,0,0,0
2021-01-16T23:59:59+01:00,1539,1982,4141,6147,4844,10110,5935,15355,7516,11375,4327,4619,4654,8559,3688,13992,0,0,0,0,2,3,0,0,1,2,0,1,0,0,0,2,108813,11,4,0,0,0,0
2021-01-15T23:59:59+01:00,1367,1700,3885,5745,4591,9526,5646,14494,7101,10623,4049,4354,4471,8240,3179,12989,0,0,0,0,0,0,0,0,0,0,0,0,0,0,0,1,101990,1,2,0,0,0,0
2021-01-14T23:59:59+01:00,1035,1273,3113,4535,3737,7624,4667,11683,5726,8516,3306,3524,3776,6981,2756,11329,0,0,0,0,0,0,0,0,0,0,0,0,0,0,0,0,83606,0,0,0,0,0,0
2021-01-13T23:59:59+01:00,875,1073,2617,3771,3141,6345,3891,9627,4614,6849,2431,2623,2861,5320,2110,8606,0,0,0,0,0,0,0,0,0,0,0,0,0,0,0,0,66775,0,0,0,0,0,0
2021-01-12T23:59:59+01:00,733,905,2192,3089,2583,5158,3133,7782,3623,5358,1730,1786,1964,3662,1499,5910,0,0,0,0,0,0,0,0,0,0,0,0,0,0,0,0,51125,0,0,0,0,0,0
2021-01-11T23:59:59+01:00,584,727,1821,2490,2072,4129,2401,5845,2670,3866,1092,1090,1168,2159,822,3329,0,0,0,0,0,0,0,0,0,0,0,0,0,0,0,0,36279,0,0,0,0,0,0
2021-01-10T23:59:59+01:00,511,622,1548,2046,1725,3376,1975,4827,2216,3249,975,971,1024,1894,732,2910,0,0,0,0,0,0,0,0,0,0,0,0,0,0,0,0,30612,0,0,0,0,0,0
2021-01-09T23:59:59+01:00,476,561,1422,1870,1580,3067,1818,4364,2044,2964,907,907,968,1841,717,2873,0,0,0,0,0,0,0,0,0,0,0,0,0,0,0,0,28388,0,0,0,0,0,0
2021-01-08T23:59:59+01:00,362,410,1168,1503,1308,2398,1493,3582,1695,2440,788,803,885,1713,679,2742,0,0,0,0,0,0,0,0,0,0,0,0,0,0,0,0,23977,0,0,0,0,0,0
2021-01-07T23:59:59+01:00,172,110,402,519,472,810,606,1403,748,1064,448,473,555,1049,411,1734,0,0,0,0,0,0,0,0,0,0,0,0,0,0,0,0,10976,0,0,0,0,0,0
2021-01-06T23:59:59+01:00,130,65,263,292,309,526,407,958,516,735,339,357,421,817,324,1327,0,0,0,0,0,0,0,0,0,0,0,0,0,0,0,0,7786,0,0,0,0,0,0
2021-01-05T23:59:59+01:00,100,49,189,238,242,440,323,843,441,633,327,341,405,782,318,1274,0,0,0,0,0,0,0,0,0,0,0,0,0,0,0,0,6945,0,0,0,0,0,0
2021-01-04T23:59:59+01:00,83,39,168,198,200,347,255,636,351,465,248,252,285,558,210,857,0,0,0,0,0,0,0,0,0,0,0,0,0,0,0,0,5152,0,0,0,0,0,0
2021-01-03T23:59:59+01:00,81,35,162,193,196,331,254,622,342,450,243,249,281,546,208,840,0,0,0,0,0,0,0,0,0,0,0,0,0,0,0,0,5033,0,0,0,0,0,0
2021-01-02T23:59:59+01:00,81,35,162,193,196,331,253,622,341,450,243,249,281,546,208,840,0,0,0,0,0,0,0,0,0,0,0,0,0,0,0,0,5031,0,0,0,0,0,0
2021-01-01T23:59:59+01:00,81,35,161,193,196,330,253,622,340,448,242,248,281,545,208,840,0,0,0,0,0,0,0,0,0,0,0,0,0,0,0,0,5023,0,0,0,0,0,0
2020-12-31T23:59:59+01:00,81,35,161,191,196,330,253,621,340,447,242,248,281,545,208,840,0,0,0,0,0,0,0,0,0,0,0,0,0,0,0,0,5019,0,0,0,0,0,0
2020-12-30T23:59:59+01:00,80,35,161,189,194,328,253,620,340,446,242,248,281,545,208,840,0,0,0,0,0,0,0,0,0,0,0,0,0,0,0,0,5010,0,0,0,0,0,0
2020-12-29T23:59:59+01:00,56,24,114,143,147,222,184,446,239,344,159,159,199,412,152,654,0,0,0,0,0,0,0,0,0,0,0,0,0,0,0,0,3654,0,0,0,0,0,0
2020-12-28T23:59:59+01:00,29,17,65,77,83,126,103,254,112,208,92,92,102,217,93,364,0,0,0,0,0,0,0,0,0,0,0,0,0,0,0,0,2034,0,0,0,0,0,0
2020-12-27T23:59:59+01:00,14,8,17,24,37,53,35,84,35,82,32,28,36,80,30,137,0,0,0,0,0,0,0,0,0,0,0,0,0,0,0,0,732,0,0,0,0,0,0
