Datum,<15_1_m,<15_1_w,15-24_1_m,15-24_1_w,25-34_1_m,25-34_1_w,35-44_1_m,35-44_1_w,45-54_1_m,45-54_1_w,55-64_1_m,55-64_1_w,65-74_1_m,65-74_1_w,75-84_1_m,75-84_1_w,>84_1_m,>84_1_w,<15_2_m,<15_2_w,15-24_2_m,15-24_2_w,25-34_2_m,25-34_2_w,35-44_2_m,35-44_2_w,45-54_2_m,45-54_2_w,55-64_2_m,55-64_2_w,65-74_2_m,65-74_2_w,75-84_2_m,75-84_2_w,>84_2_m,>84_2_w,bp_1,bp_2,mo_1,mo_2,az_1,az_2,ja,unb_1,unb_2
2021-11-23T23:59:59+01:00,67419,63907,351724,329924,457083,418337,457562,443435,509839,514017,546707,544043,362371,404859,250835,322456,73914,136208,47051,44517,299429,285727,404796,369710,414507,402438,472036,476734,518436,516439,350983,391474,244136,312947,71209,130344,4568034,4133363,540396,515579,809701,766591,338163,789,802
2021-11-22T23:59:59+01:00,66105,62703,350913,329232,456214,417413,456768,442699,509251,513319,546165,543440,362070,404460,250693,322190,73869,136075,46838,44290,298615,285103,403785,368956,413694,401842,471405,476140,517943,516047,350803,391237,244033,312807,71182,130286,4557411,4125775,540096,515407,809698,766579,338028,789,802
2021-11-21T23:59:59+01:00,65038,61659,350155,328599,455339,416558,456033,442096,508673,512740,545691,542946,361849,404141,250586,322030,73831,135983,46714,44170,298114,284739,403176,368519,413178,401420,470997,475784,517638,515774,350666,391077,243971,312694,71165,130251,4548208,4121123,539801,515228,809682,766570,337909,789,802
2021-11-20T23:59:59+01:00,64346,61025,349453,328065,454599,415862,455340,441581,508210,512311,545374,542599,361728,403990,250540,321956,73819,135956,46654,44090,297799,284484,402747,368246,412829,401173,470691,475545,517450,515637,350618,391006,243951,312666,71160,130248,4541365,4118275,539537,515109,809678,766566,337827,789,802
2021-11-19T23:59:59+01:00,63080,59754,347950,326715,453279,414549,454203,440474,507297,511384,544753,541948,361489,403705,250451,321832,73794,135900,46407,43844,296881,283848,401836,367545,412041,400561,469993,475003,516986,515310,350504,390856,243895,312595,71147,130229,4527719,4111176,539135,514852,809673,766557,337679,789,802
2021-11-18T23:59:59+01:00,61430,58164,345946,324886,451410,412429,452590,438797,505982,510061,543865,540974,361070,403193,250288,321540,73759,135770,45909,43358,295534,282698,400479,366434,410876,399565,469033,474115,516213,514738,350259,390553,243764,312406,71105,130155,4508109,4099534,538621,514491,809666,766548,337404,789,802
2021-11-17T23:59:59+01:00,60400,57148,344236,323440,449747,410677,451206,437436,504814,508988,543022,540046,360696,402737,250134,321268,73700,135632,45614,43061,294650,281926,399441,365549,410062,398825,468279,473442,515620,514231,350032,390259,243662,312223,71078,130073,4491940,4090851,538194,514240,809654,766537,337182,789,802
2021-11-16T23:59:59+01:00,59476,56299,342335,321911,447799,408867,449672,435976,503583,507815,542133,539153,360321,402276,249953,320959,73636,135497,45341,42810,293828,281243,398558,364753,409337,398194,467675,472846,515110,513786,349812,390002,243510,312046,71046,129992,4475060,4083242,537704,514007,809648,766533,336891,789,801
2021-11-15T23:59:59+01:00,58638,55517,340174,320176,445622,406929,448049,434492,502307,506591,541232,538274,359967,401888,249795,320727,73599,135395,45132,42635,293066,280666,397766,364114,408690,397637,467172,472352,514718,513421,349622,389782,243412,311888,71011,129898,4457449,4076872,537363,513800,809631,766525,336569,789,800
2021-11-14T23:59:59+01:00,57739,54637,338350,318807,443842,405305,446699,433319,501240,505585,540483,537605,359713,401590,249689,320575,73571,135325,44924,42428,292412,280141,397075,363506,408154,397142,466704,471930,514388,513083,349426,389630,243337,311785,70991,129866,4442824,4071268,537012,513651,809606,766515,336271,789,800
2021-11-13T23:59:59+01:00,57225,54165,336856,317563,442435,404106,445585,432384,500373,504873,539960,537184,359601,401454,249638,320509,73554,135309,44838,42358,292100,279864,396780,363243,407909,396924,466469,471731,514235,512947,349375,389576,243311,311748,70986,129856,4431882,4068846,536836,513575,809593,766511,336101,789,800
2021-11-12T23:59:59+01:00,56395,53340,334246,315454,440237,402279,443852,430821,499040,503586,539063,536436,359411,401201,249541,320365,73529,135278,44642,42142,291334,279256,396061,362658,407289,396428,465944,471289,513866,512661,349265,389442,243271,311685,70970,129833,4413882,4063127,536439,513393,809587,766498,335801,789,800
2021-11-11T23:59:59+01:00,55214,52132,330764,312700,437173,399477,441315,428575,497105,501785,537799,535291,359009,400712,249381,320108,73481,135182,44184,41690,290266,278349,395136,361703,406452,395613,465257,470569,513310,512167,349046,389205,243156,311523,70936,129754,4388387,4054378,535675,513038,809569,766480,335203,789,799
2021-11-10T23:59:59+01:00,54428,51472,328036,310521,434387,397077,439216,426743,495449,500251,536682,534226,358643,400269,249220,319854,73437,135081,43924,41409,289449,277595,394295,360913,405775,394941,464654,469971,512831,511720,348800,388942,243015,311353,70903,129685,4367270,4047088,535196,512808,809541,766451,334611,789,799
2021-11-09T23:59:59+01:00,53795,50829,325762,308691,432095,395222,437570,425236,494041,498975,535705,533338,358322,399926,249078,319651,73404,134987,43643,41152,288763,277021,393647,360291,405254,394399,464207,469442,512393,511284,348594,388696,242904,311194,70866,129603,4349957,4041246,534689,512389,809514,766412,334088,789,798
2021-11-08T23:59:59+01:00,53088,50153,322691,306315,429142,392815,435342,423411,492293,497466,534570,532298,357913,399531,248927,319430,73373,134903,43439,40959,288074,276388,392937,359645,404769,393871,463750,468947,512023,510894,348391,388465,242827,311061,70838,129539,4328376,4035799,534128,512110,809482,766395,333295,789,798
2021-11-07T23:59:59+01:00,52693,49776,321112,305139,427466,391384,433980,422351,491271,496648,533947,531729,357717,399301,248831,319333,73354,134856,43281,40795,287591,275969,392421,359141,404350,393488,463435,468586,511765,510648,348279,388330,242749,310973,70826,129500,4316501,4031847,533730,511887,809465,766365,332810,789,798
2021-11-06T23:59:59+01:00,52386,49487,320273,304337,426504,390619,433267,421782,490663,496161,533614,531443,357658,399231,248795,319301,73348,134847,43229,40753,287406,275802,392202,358972,404216,393363,463328,468474,511689,510582,348250,388300,242736,310957,70822,129494,4309617,4030502,533614,511853,809461,766363,332639,789,798
2021-11-05T23:59:59+01:00,51773,48869,318575,302896,424840,389065,431813,420567,489540,495154,532948,530903,357546,399073,248756,319229,73341,134828,43002,40532,286850,275377,391762,358546,403841,393015,463002,468155,511479,510392,348179,388216,242701,310908,70815,129478,4296685,4026920,533095,511664,809450,766352,332096,789,798
2021-11-04T23:59:59+01:00,51058,48184,316337,300931,422378,387009,429886,418951,487911,493803,532022,530201,357337,398826,248670,319095,73313,134766,42596,40087,285887,274502,390864,357615,403063,392256,462366,467520,510953,509933,348002,388019,242599,310736,70772,129411,4279563,4019515,532546,511388,809436,766322,330737,788,798
2021-11-03T23:59:59+01:00,50676,47800,314967,299800,420683,385735,428630,417969,486914,492972,531375,529690,357182,398657,248600,318991,73291,134717,42296,39799,285099,273835,390107,356895,402494,391715,461865,467072,510572,509602,347839,387808,242491,310583,70738,129324,4268362,4013180,532273,511236,809429,766311,330188,787,798
2021-11-02T23:59:59+01:00,50349,47477,313636,298838,419019,384539,427359,417102,485857,492252,530766,529199,357038,398472,248529,318892,73272,134653,41922,39457,284262,273138,389333,356188,401876,391158,461369,466588,510195,509211,347654,387603,242402,310437,70707,129235,4257928,4006661,531971,511044,809425,766295,329516,787,797
2021-11-01T23:59:59+01:00,49949,47103,312148,297727,417369,383429,426035,416218,484833,491529,530227,528820,356914,398344,248480,318830,73258,134618,41670,39175,283586,272527,388654,355638,401315,390708,460914,466217,509881,508947,347540,387483,242345,310323,70687,129173,4247761,4001906,531717,510825,809392,766281,328551,786,797
2021-10-31T23:59:59+01:00,49892,47069,311959,297616,417159,383310,425830,416092,484714,491449,530168,528775,356900,398336,248478,318825,73258,134616,41613,39131,283468,272459,388550,355559,401225,390649,460863,466184,509848,508922,347530,387474,242342,310318,70683,129168,4246614,4001325,531654,510785,809389,766277,328379,786,797
2021-10-30T23:59:59+02:00,49839,47029,311759,297488,416841,383150,425608,415935,484503,491289,530046,528717,356879,398312,248473,318815,73255,134610,41576,39121,283365,272387,388441,355488,401133,390583,460802,466123,509806,508903,347523,387466,242339,310312,70679,129164,4244929,4000779,531607,510724,809388,766274,328213,786,797
2021-10-29T23:59:59+02:00,49620,46798,310726,296780,415525,382275,424484,415235,483604,490665,529538,528431,356808,398239,248435,318771,73245,134589,41445,39016,282871,272019,387952,355096,400709,390287,460451,465838,509599,508751,347466,387412,242319,310273,70672,129150,4237313,3997934,531322,510566,809384,766269,327336,786,796
2021-10-28T23:59:59+02:00,49171,46369,308934,295448,413464,380865,422862,414079,482299,489685,528804,527904,356653,398071,248369,318689,73234,134547,41134,38724,281912,271173,386995,354280,399941,389628,459834,465309,509133,508433,347317,387225,242249,310175,70650,129094,4225057,3991771,530891,510261,809369,766238,325709,786,796
2021-10-27T23:59:59+02:00,48845,46048,308036,294670,412374,379996,421999,413368,481577,489147,528389,527597,356555,397900,248310,318592,73217,134510,40840,38433,281166,270489,386344,353669,399450,389139,459406,464876,508829,508147,347159,387047,242170,310051,70623,129031,4217642,3986250,530590,510069,809363,766208,325111,786,796
2021-10-26T23:59:59+02:00,48437,45635,306963,293712,411220,379056,421103,412686,480880,488546,527969,527273,356435,397772,248246,318509,73193,134460,40480,38064,280289,269556,385582,352936,398889,388576,458965,464418,508467,507843,347012,386885,242070,309896,70597,128962,4209508,3979719,530371,509905,809350,766192,324437,786,796
2021-10-25T23:59:59+02:00,48282,45500,306451,293266,410651,378636,420623,412348,480472,488263,527780,527113,356392,397715,248233,318484,73187,134453,40414,38003,280060,269368,385335,352760,398714,388441,458816,464300,508365,507767,346990,386852,242059,309877,70594,128951,4205855,3978476,530307,509861,809348,766185,323909,786,796
2021-10-24T23:59:59+02:00,48070,45317,305895,292785,409964,378123,420111,411933,480053,487944,527563,526923,356328,397630,248201,318458,73179,134440,40223,37842,279591,268897,384868,352360,398362,388122,458545,464042,508195,507587,346897,386753,242020,309812,70581,128931,4201672,3975183,530150,509725,809346,766169,323316,786,796
2021-10-23T23:59:59+02:00,48034,45284,305734,292653,409754,377978,419958,411792,479940,487853,527489,526875,356309,397606,248197,318452,73179,134437,40183,37800,279500,268789,384748,352288,398282,388046,458474,463978,508159,507555,346877,386739,242019,309806,70580,128930,4200491,3974526,530090,509660,809344,766166,323166,786,796
2021-10-22T23:59:59+02:00,47781,45050,304957,292089,408866,377288,419216,411237,479368,487376,527132,526627,356252,397537,248178,318418,73173,134425,39932,37558,278940,268265,384248,351849,397862,387681,458169,463705,507931,507384,346809,386674,241997,309764,70574,128920,4194853,3970864,529819,509493,809342,766150,322519,786,796
2021-10-21T23:59:59+02:00,47302,44594,303829,291207,407617,376303,418206,410425,478529,486721,526585,526247,356126,397399,248111,318313,73152,134369,39350,36996,277869,267208,383343,350973,397136,386907,457530,463133,507511,507020,346652,386473,241904,309607,70548,128868,4186170,3962987,529540,509118,809337,766137,321549,786,796
2021-10-20T23:59:59+02:00,47076,44340,303220,290663,406935,375683,417651,409965,478095,486345,526294,526009,356034,397277,248040,318221,73127,134309,38930,36620,277117,266449,382721,350305,396610,386302,457097,462682,507156,506698,346477,386270,241805,309466,70509,128791,4180935,3956515,529390,508942,809329,766124,321187,785,796
2021-10-19T23:59:59+02:00,46791,44065,302660,290182,406414,375207,417263,409614,477801,486068,526057,525800,355917,397147,247977,318128,73094,134255,38477,36166,276226,265615,382005,349592,396129,385760,456690,462222,506819,506374,346292,386040,241700,309317,70472,128708,4176578,3949657,529265,508769,809320,766105,320833,785,795
2021-10-18T23:59:59+02:00,46592,43868,302102,289706,405892,374756,416887,409255,477512,485822,525822,525592,355821,397041,247925,318033,73073,134213,38189,35907,275579,264925,381455,348944,395707,385269,456351,461831,506530,506097,346138,385889,241616,309190,70439,128659,4172566,3944335,529119,508585,809315,766085,320466,785,795
2021-10-17T23:59:59+02:00,46479,43750,301770,289445,405620,374497,416661,409088,477354,485659,525720,525464,355761,396987,247904,317985,73059,134177,37940,35652,275066,264419,381082,348564,395420,384929,456106,461597,506364,505925,346047,385779,241578,309122,70416,128607,4170329,3940635,529042,508427,809305,766049,320256,785,795
2021-10-16T23:59:59+02:00,46450,43717,301691,289381,405540,374436,416616,409042,477309,485621,525693,525448,355755,396979,247900,317979,73057,134175,37899,35607,274959,264309,381002,348494,395363,384856,456065,461552,506336,505901,346038,385770,241575,309117,70415,128602,4169828,3940016,529023,508366,809305,766047,320185,785,795
2021-10-15T23:59:59+02:00,46300,43557,301255,289035,405166,374113,416319,408782,477064,485395,525532,525314,355703,396939,247883,317947,73048,134160,37667,35360,274397,263725,380593,348099,395020,384512,455788,461270,506138,505731,345976,385695,241535,309070,70410,128581,4166983,3936255,528901,508152,809301,766037,319875,785,795
2021-10-14T23:59:59+02:00,45968,43220,300461,288330,404500,373447,415797,408313,476631,484975,525213,525032,355587,396809,247824,317852,73017,134097,37110,34796,273148,262455,379783,347131,394332,383676,455140,460624,505712,505312,345742,385469,241423,308910,70379,128530,4161429,3927526,528635,507648,809282,765979,319271,785,793
2021-10-13T23:59:59+02:00,45655,42940,299879,287772,404006,372928,415389,407908,476293,484639,524947,524781,355463,396662,247756,317753,72991,134038,36779,34512,272378,261647,379175,346381,393809,383041,454716,460160,505344,504944,345565,385269,241326,308718,70343,128451,4156772,3921156,528451,507375,809275,765933,318846,785,793
2021-10-12T23:59:59+02:00,45327,42661,299221,287223,403480,372388,414978,407518,475984,484329,524694,524546,355357,396526,247708,317663,72964,133989,36483,34224,271543,260784,378480,345657,393267,382475,454296,459729,504982,504596,345342,385049,241220,308565,70303,128342,4152070,3914544,528273,507148,809266,765909,318490,784,791
2021-10-11T23:59:59+02:00,45083,42436,298632,286738,402988,371925,414566,407155,475679,484020,524452,524347,355246,396404,247637,317568,72928,133923,36197,33968,270788,260051,377806,344979,392778,381920,453913,459280,504649,504294,345149,384854,241124,308414,70260,128255,4147891,3908652,528091,506866,809255,765883,318032,784,791
2021-10-10T23:59:59+02:00,44922,42301,298272,286452,402643,371614,414331,406903,475500,483825,524308,524215,355196,396349,247613,317530,72910,133894,36029,33841,270309,259631,377345,344512,392448,381577,453624,458995,504426,504117,345053,384753,241068,308345,70243,128222,4145462,3905034,527948,506743,809243,765848,317666,784,791
2021-10-09T23:59:59+02:00,44892,42275,298169,286373,402553,371555,414265,406850,475450,483777,524281,524195,355187,396334,247611,317526,72909,133893,35979,33787,270192,259526,377245,344414,392365,381501,453566,458941,504390,504087,345043,384739,241062,308337,70242,128220,4144932,3904329,527911,506670,809240,765836,317553,784,791
2021-10-08T23:59:59+02:00,44651,42066,297661,285964,402095,371178,413960,406552,475167,483543,524066,524027,355125,396273,247576,317475,72891,133878,35771,33509,269626,258964,376819,343980,391986,381120,453289,458616,504209,503928,344979,384656,241028,308292,70231,128208,4141521,3900492,527782,506506,809236,765817,317148,784,790
2021-10-07T23:59:59+02:00,44268,41638,296680,285089,401303,370403,413312,405933,474651,483049,523660,523704,354997,396100,247484,317364,72859,133811,35119,32849,268240,257569,375826,342794,391179,380120,452578,457866,503660,503427,344723,384376,240890,308113,70172,128117,4134593,3890808,527547,505313,809228,765775,316474,784,789
2021-10-06T23:59:59+02:00,44006,41377,295971,284495,400778,369896,412906,405500,474288,482733,523386,523451,354865,395948,247409,317244,72835,133734,34791,32536,267499,256757,375283,342131,390703,379576,452155,457416,503310,503070,344550,384166,240778,307968,70143,128038,4129708,3884701,527413,505199,809222,765740,315980,784,789
2021-10-05T23:59:59+02:00,43689,41080,295260,283810,400141,369272,412386,405011,473904,482328,523100,523146,354719,395791,247329,317093,72804,133628,34490,32221,266681,255912,374595,341392,390163,378963,451652,456949,502959,502713,344357,383946,240667,307795,70095,127964,4124253,3878244,527276,505054,809215,765718,315245,784,789
2021-10-04T23:59:59+02:00,43411,40840,294415,283101,399407,368668,411872,404529,473484,481930,522796,522871,354586,395616,247255,316971,72774,133536,34186,31903,265764,254976,373868,340611,389563,378365,451176,456412,502569,502343,344166,383715,240511,307630,70055,127877,4118953,3871538,527122,504941,809205,765678,314278,783,789
2021-10-03T23:59:59+02:00,43250,40690,294009,282680,398984,368300,411551,404272,473264,481692,522618,522706,354503,395519,247208,316889,72767,133498,34005,31769,265270,254549,373411,340200,389208,377972,450903,456102,502321,502111,344041,383569,240450,307535,70037,127847,4116059,3867955,527019,504828,809179,765623,313638,783,789
2021-10-02T23:59:59+02:00,43214,40653,293885,282553,398864,368209,411465,404190,473202,481635,522582,522675,354489,395495,247207,316886,72765,133496,33958,31731,265131,254417,373311,340110,389130,377893,450847,456049,502290,502073,344029,383546,240448,307528,70035,127847,4115354,3867258,526941,504771,809177,765600,313488,783,789
2021-10-01T23:59:59+02:00,43003,40397,293261,281990,398297,367701,411005,403799,472865,481364,522314,522492,354404,395417,247178,316837,72753,133478,33659,31439,264468,253767,372819,339673,388744,377516,450521,455733,502065,501877,343953,383480,240422,307483,70026,127830,4111393,3863368,526796,504614,809168,765544,312693,782,789
2021-09-30T23:59:59+02:00,42598,39994,292121,280884,397271,366713,410186,402994,472194,480681,521799,522071,354232,395208,247085,316708,72728,133409,33121,30893,263266,252598,371948,338744,388032,376687,449916,455079,501589,501476,343784,383256,240342,307324,69997,127777,4103541,3856275,526452,503608,809147,765460,311226,780,789
2021-09-29T23:59:59+02:00,42254,39688,291342,280134,396524,365997,409631,402409,471691,480190,521436,521758,354051,395003,247010,316575,72699,133343,32819,30584,262507,251835,371303,338083,387570,376107,449490,454621,501237,501131,343611,383076,240249,307160,69975,127719,4097591,3850769,526293,503456,809139,765392,310195,780,788
2021-09-28T23:59:59+02:00,41918,39373,290466,279302,395716,365273,409019,401840,471164,479677,521051,521399,353841,394784,246914,316419,72659,133240,32508,30314,261642,251046,370589,337439,387057,375573,449045,454164,500883,500781,343431,382873,240153,307015,69948,127663,4091258,3845233,526164,503307,809131,765337,308979,780,788
2021-09-27T23:59:59+02:00,41501,38991,289569,278458,394912,364553,408452,401250,470683,479151,520648,521069,353682,394586,246828,316299,72630,133152,32187,29954,260611,250118,369715,336632,386389,374891,448500,453620,500474,500419,343248,382640,240063,306881,69923,127599,4085579,3839028,525997,503155,809124,765228,307183,780,788
2021-09-26T23:59:59+02:00,41126,38685,288991,277922,394405,364103,408108,400898,470380,478860,520436,520879,353573,394486,246784,316229,72611,133111,32029,29820,260100,249655,369264,336232,386045,374516,448206,453327,500267,500231,343156,382548,240005,306808,69907,127563,4081854,3836042,525853,503004,809098,765112,306249,780,788
2021-09-25T23:59:59+02:00,41071,38625,288821,277754,394248,363980,407989,400808,470285,478775,520374,520836,353561,394466,246775,316220,72609,133108,31986,29765,259934,249501,369116,336105,385923,374417,448134,453225,500204,500197,343136,382525,239995,306795,69907,127561,4081092,3835324,525778,502944,809095,765080,305806,780,788
2021-09-24T23:59:59+02:00,40872,38411,288180,277096,393594,363410,407459,400322,469834,478367,520073,520593,353455,394381,246734,316168,72603,133083,31726,29506,259264,248811,368501,335559,385472,373975,447715,452865,499880,499951,343019,382419,239952,306741,69895,127537,4077304,3831589,525628,502840,809085,765010,304077,780,787
2021-09-23T23:59:59+02:00,40235,37741,286464,275423,392108,362044,406266,399107,468783,477398,519317,519909,353155,394105,246602,315952,72560,132967,31331,29087,257961,247720,367343,334567,384531,373145,446901,452129,499282,499435,342782,382176,239840,306592,69869,127461,4067374,3825483,525219,502566,809073,764910,299917,780,787
2021-09-22T23:59:59+02:00,39899,37422,285460,274433,391236,361189,405511,398332,468115,476791,518775,519467,352924,393836,246493,315754,72510,132880,31043,28823,257176,246967,366588,333874,383899,372548,446386,451605,498814,499085,342578,381966,239735,306454,69836,127397,4060469,3820352,524997,502393,809051,764794,297953,779,787
2021-09-21T23:59:59+02:00,39481,36940,284370,273344,390260,360278,404744,397570,467485,476199,518323,519034,352700,393570,246391,315576,72456,132767,30724,28544,256307,246107,365814,333156,383255,371940,445884,451119,498397,498685,342384,381757,239629,306290,69802,127310,4052835,3814695,524835,502194,809040,764715,296215,779,787
2021-09-20T23:59:59+02:00,39126,36662,283224,272262,389200,359335,403914,396756,466778,475579,517824,518578,352454,393341,246282,315393,72412,132670,30339,28173,255182,245119,364821,332306,382456,371164,445159,450533,497932,498240,342155,381541,239523,306102,69766,127232,4045750,3808168,524686,502018,809025,764510,293759,779,786
2021-09-19T23:59:59+02:00,38965,36527,282628,271848,388622,358841,403504,396358,466435,475264,517555,518343,352366,393216,246242,315314,72401,132632,30222,28053,254668,244679,364314,331876,382031,370822,444789,450187,497648,498015,342046,381412,239466,306016,69757,127201,4042394,3805316,524541,501835,809001,764211,292550,779,786
2021-09-18T23:59:59+02:00,38910,36456,282465,271687,388421,358679,403320,396214,466324,475150,517487,518284,352350,393203,246234,315305,72399,132628,30091,27922,254353,244331,364060,331622,381792,370631,444626,450053,497553,497926,342016,381386,239447,305997,69754,127193,4041437,3803429,524426,501754,808998,764198,292078,779,785
2021-09-17T23:59:59+02:00,38577,36090,281559,270854,387626,357919,402592,395556,465707,474623,517104,517921,352201,393057,246171,315235,72375,132596,29823,27655,253608,243647,363369,331024,381199,370125,444156,449639,497215,497638,341895,381251,239397,305918,69741,127171,4036080,3799636,524090,501351,808989,764167,290020,778,785
2021-09-16T23:59:59+02:00,38005,35493,279966,269277,386265,356460,401379,394232,464686,473641,516329,517222,351883,392728,246040,315047,72329,132504,29386,27232,252459,242628,362402,330084,380367,369259,443488,448942,496698,497189,341668,381029,239299,305789,69710,127111,4025135,3792993,523335,500949,808947,764019,287482,778,783
2021-09-15T23:59:59+02:00,37626,35182,278834,268178,385362,355480,400518,393366,464010,472951,515794,516706,351660,392438,245871,314875,72295,132391,29084,26943,251599,241814,361614,329284,379678,368580,442917,448423,496190,496748,341458,380790,239163,305644,69687,127034,4017585,3787313,523044,500714,808934,763945,285378,778,783
2021-09-14T23:59:59+02:00,37313,34875,277861,267211,384415,354615,399780,392594,463401,472296,515262,516251,351414,392195,245741,314704,72252,132322,28808,26704,250815,241020,360878,328612,379067,367979,442373,447911,495769,496363,341262,380575,239052,305498,69663,126979,4010721,3782172,522712,500491,808904,763795,283567,777,782
2021-09-13T23:59:59+02:00,36925,34479,276615,265941,383457,353568,399000,391711,462704,471574,514734,515746,351191,391942,245618,314549,72213,132249,28348,26281,249686,239965,360052,327824,378464,367325,441814,447384,495312,495983,341067,380346,238952,305351,69634,126925,4002479,3775225,521987,500206,808871,763698,282277,777,781
2021-09-12T23:59:59+02:00,36781,34350,276030,265500,382980,353120,398610,391284,462376,471272,514520,515529,351084,391830,245572,314475,72203,132214,28190,26162,249153,239551,359544,327378,378094,366970,441509,447090,495062,495759,340942,380213,238894,305263,69619,126881,3999271,3772182,521820,500013,808834,763571,281202,777,779
2021-09-11T23:59:59+02:00,36702,34301,275839,265289,382754,352931,398449,391127,462241,471148,514449,515468,351054,391799,245563,314459,72201,132211,28043,26063,248871,239367,359321,327220,377944,366828,441359,446972,494994,495704,340918,380185,238886,305250,69619,126877,3998234,3771097,521731,499880,808825,763550,280588,777,777
2021-09-10T23:59:59+02:00,36371,33963,274755,264295,381793,352030,397566,390317,461440,470463,513889,515021,350846,391599,245475,314347,72183,132181,27834,25863,247958,238655,358488,326483,377156,366197,440667,446447,494501,495324,340757,380029,238805,305145,69597,126847,3992873,3767617,521588,499661,808815,763526,276642,777,776
2021-09-09T23:59:59+02:00,35933,33513,273440,263134,380740,350846,396620,389277,460636,469584,513306,514507,350605,391316,245348,314193,72148,132121,27450,25473,246881,237691,357570,325611,376334,365386,439974,445838,493913,494882,340542,379798,238684,305003,69566,126795,3984639,3761495,521284,499262,808769,763374,273955,775,771
2021-09-08T23:59:59+02:00,35530,33112,272473,262140,379929,349992,395920,388491,460000,468977,512866,514043,350402,391073,245244,314017,72119,132063,27155,25184,245954,236830,356751,324872,375648,364659,439367,445268,493463,494424,340340,379553,238571,304842,69532,126707,3978136,3755781,521059,498940,808713,763239,271855,774,769
2021-09-07T23:59:59+02:00,35155,32775,271449,261211,379090,349207,395274,387815,459468,468452,512423,513646,350210,390863,245143,313853,72086,131992,26879,24973,245075,236044,355944,324187,374995,364099,438861,444761,493017,494033,340133,379336,238484,304705,69505,126653,3972016,3750772,520815,498599,808700,763059,269948,774,768
2021-09-06T23:59:59+02:00,34756,32367,270328,260104,378137,348256,394583,387035,458865,467812,511983,513212,349989,390617,245054,313731,72056,131922,26643,24761,244302,235283,355195,323527,374378,363507,438396,444253,492606,493647,339922,379129,238406,304571,69476,126597,3964767,3745936,520676,498354,808651,762929,268073,774,768
2021-09-05T23:59:59+02:00,34600,32219,269916,259689,377820,347909,394285,386716,458629,467573,511806,513033,349917,390523,245012,313669,72040,131895,26507,24606,243870,234888,354795,323141,374022,363194,438134,444004,492409,493438,339823,379011,238363,304507,69459,126565,3962148,3743293,520572,498079,808623,762791,267266,773,768
2021-09-04T23:59:59+02:00,34541,32181,269747,259556,377698,347781,394157,386610,458552,467488,511755,512987,349905,390505,245005,313657,72040,131894,26469,24553,243701,234743,354633,322974,373875,363077,438042,443902,492342,493389,339802,378991,238355,304495,69459,126564,3961433,3742502,520518,497941,808618,762768,266847,773,768
2021-09-03T23:59:59+02:00,34223,31865,268845,258748,376953,347112,393563,386018,457975,467004,511293,512650,349734,390326,244939,313551,72017,131860,26145,24211,242681,233882,353834,322259,373202,362424,437389,443313,491852,492975,339605,378792,238269,304389,69439,126537,3957034,3738201,519814,496400,808590,762695,264592,773,768
2021-09-02T23:59:59+02:00,33856,31524,267784,257863,376084,346270,392822,385259,457284,466368,510759,512217,349468,390074,244816,313372,71992,131781,25845,23946,241653,233077,352938,321476,372457,361709,436671,442684,491285,492516,339358,378528,238161,304237,69413,126459,3951033,3732991,519525,495915,808554,762368,261829,773,767
2021-09-01T23:59:59+02:00,33528,31156,266927,257020,375320,345598,392289,384706,456810,465885,510371,511866,349290,389883,244727,313254,71968,131720,25457,23544,240560,232016,352065,320617,371763,361013,436054,442079,490757,492030,339128,378262,238030,304084,69387,126405,3945556,3726173,519339,495370,808518,762153,260247,773,762
2021-08-31T23:59:59+02:00,33130,30812,266053,256100,374574,344873,391706,384117,456293,465396,509914,511498,349096,389687,244631,313106,71936,131676,25172,23248,239605,231118,351251,319863,371096,360374,435495,441567,490233,491628,338926,378046,237942,303934,69353,126349,3939953,3720834,519148,494983,808492,761730,258340,771,762
2021-08-30T23:59:59+02:00,32583,30324,264746,254915,373569,343950,390885,383297,455535,464683,509351,510998,348866,389466,244538,312952,71900,131607,24852,22930,238443,230127,350242,318963,370303,359628,434789,440982,489677,491113,338670,377800,237816,303756,69312,126272,3932433,3714765,519031,494540,808447,761476,255580,770,759
2021-08-29T23:59:59+02:00,32393,30133,264174,254404,373084,343531,390502,382954,455237,464394,509121,510773,348768,389357,244488,312888,71890,131583,24626,22715,237725,229485,349626,318415,369805,359156,434357,440602,489365,490853,338529,377644,237755,303682,69294,126247,3929320,3710859,518910,494139,808416,761215,254350,770,759
2021-08-28T23:59:59+02:00,32303,30037,263945,254225,372906,343377,390346,382831,455112,464274,509045,510720,348743,389334,244477,312876,71889,131580,24561,22611,237406,229225,349375,318218,369584,358990,434174,440437,489237,490761,338487,377603,237735,303656,69292,126243,3928275,3709279,518869,494022,808410,761189,253786,770,759
2021-08-27T23:59:59+02:00,32072,29786,263300,253658,372391,342854,389873,382378,454655,463876,508669,510434,348613,389199,244419,312790,71870,131560,24415,22460,236801,228725,348757,317711,369111,358556,433719,440081,488932,490511,338357,377485,237680,303592,69281,126236,3924457,3706045,518800,493807,808352,761130,252105,770,758
2021-08-26T23:59:59+02:00,31689,29398,262296,252675,371534,342036,389114,381631,453967,463199,508115,509953,348380,388939,244298,312672,71842,131499,24065,22095,235316,227356,347519,316515,367988,357557,432842,439270,488260,489935,338069,377165,237518,303422,69251,126191,3918247,3697650,518555,493157,808313,760771,249425,770,756
2021-08-25T23:59:59+02:00,31324,29064,261370,251810,370775,341254,388450,380931,453327,462606,507555,509495,348141,388681,244174,312508,71807,131431,23459,21520,233261,225488,346023,315106,366794,356356,431837,438308,487457,489205,337687,376774,237363,303188,69207,126103,3912489,3685626,518422,492749,808283,760619,246807,768,753
2021-08-24T23:59:59+02:00,31005,28796,260637,251027,370167,340619,387909,380353,452843,462091,507141,509120,347932,388455,244057,312344,71781,131359,23142,21204,232047,224418,345055,314182,366004,355603,431162,437655,486896,488657,337407,376461,237231,303029,69182,126039,3907528,3678421,518133,492299,808263,760312,245007,768,747
2021-08-23T23:59:59+02:00,30482,28266,259247,249707,369130,339699,387070,379558,452063,461407,506487,508549,347648,388170,243917,312154,71754,131298,22832,20905,230560,223094,343736,313107,365052,354749,430300,436892,486189,488087,337101,376127,237094,302837,69156,125980,3900042,3670976,517984,491818,808228,760024,241637,767,746
2021-08-22T23:59:59+02:00,30336,28152,258836,249335,368773,339365,386798,379291,451825,461162,506295,508397,347549,388074,243876,312097,71737,131272,22650,20722,229834,222410,343039,312442,364512,354240,429858,436485,485865,487818,336934,375942,237030,302732,69138,125944,3897798,3666551,517835,491349,808188,759723,240629,766,742
2021-08-21T23:59:59+02:00,30085,27947,258339,248872,368455,339045,386541,379032,451619,460984,506146,508258,347494,388018,243854,312059,71734,131263,22374,20468,229090,221756,342551,312043,364107,353827,429493,436177,485635,487621,336849,375874,237003,302689,69132,125932,3895242,3663560,517691,490143,808180,759667,239906,766,742
2021-08-20T23:59:59+02:00,29893,27748,257679,248205,367714,338411,385859,378499,451021,460483,505668,507935,347348,387858,243799,311962,71717,131228,21969,20127,227280,220131,341136,310841,362986,352865,428535,435374,484913,487068,336605,375625,236900,302569,69107,125902,3891737,3655274,517367,488978,808167,759300,237030,764,742
2021-08-19T23:59:59+02:00,29560,27434,256690,247352,366707,337616,385068,377804,450309,459844,505102,507449,347107,387593,243690,311814,71683,131155,21474,19634,224509,217693,338817,308996,361276,351380,427128,434101,483752,486110,336184,375199,236706,302322,69073,125833,3886187,3640859,516999,487208,808124,758824,233935,763,741
2021-08-18T23:59:59+02:00,29273,27173,255893,246645,365999,336994,384483,377228,449705,459343,504628,507033,346835,387353,243572,311666,71651,131089,21096,19261,222028,215164,336755,307232,359620,349724,425596,432768,482606,485070,335666,374645,236474,302026,69023,125739,3881046,3627560,516819,483264,808095,758437,231867,762,740
2021-08-17T23:59:59+02:00,28954,26897,255108,245922,365375,336309,383919,376667,449211,458855,504192,506613,346629,387142,243456,311535,71624,131035,20624,18826,219276,212406,334673,305400,357922,348253,424155,431490,481479,484077,335170,374102,236240,301733,68969,125663,3875967,3612449,516518,480480,808069,758007,230152,761,736
2021-08-16T23:59:59+02:00,28661,26634,254411,245268,364800,335752,383455,376202,448772,458412,503772,506249,346444,386934,243357,311370,71593,130995,20069,18342,216098,209328,332377,303274,356394,346797,422947,430343,480528,483232,334779,373653,236054,301462,68930,125573,3871534,3594977,516362,479772,808042,757656,228403,761,734
2021-08-15T23:59:59+02:00,28464,26471,253912,244821,364364,335359,383093,375862,448474,458151,503529,506049,346331,386815,243307,311290,71582,130974,19284,17612,212075,205261,330471,301647,355127,345566,421915,429400,479740,482569,334445,373318,235927,301285,68906,125523,3868655,3577279,516217,478856,808004,757325,227232,761,731
2021-08-14T23:59:59+02:00,28395,26412,253664,244622,364127,335181,382917,375711,448316,458020,503411,505941,346281,386782,243289,311267,71579,130969,18958,17314,210997,204155,329644,300882,354403,344883,421417,428938,479351,482247,334306,373190,235889,301228,68897,125506,3867471,3570559,516142,478485,807998,757247,226533,761,731
2021-08-13T23:59:59+02:00,28137,26169,252956,244032,363624,334752,382478,375275,447877,457653,503072,505682,346153,386632,243224,311189,71567,130940,18354,16757,209102,202363,328209,299558,353130,343686,420363,427995,478600,481601,334061,372898,235776,301085,68879,125452,3863627,3558565,516069,477880,807988,757054,224987,758,728
2021-08-12T23:59:59+02:00,27938,25942,252229,243394,363003,334158,381937,374783,447340,457202,502649,505326,345970,386431,243122,311082,71554,130892,17770,16259,206497,200083,325322,297006,351107,341878,418850,426737,477373,480530,333608,372364,235531,300808,68839,125369,3859637,3541077,515877,476699,807950,756023,222744,756,726
2021-08-11T23:59:59+02:00,27702,25695,251496,242700,362377,333574,381408,374298,446873,456770,502238,504894,345742,386189,243005,310948,71527,130837,16950,15571,203439,197091,322129,294055,348927,339806,417342,425323,476090,479238,333064,371718,235281,300401,68789,125240,3854756,3519141,515657,475627,807910,755079,221206,753,725
2021-08-10T23:59:59+02:00,27456,25436,250659,241959,361656,333011,380859,373744,446372,456286,501781,504488,345544,385992,242918,310809,71504,130793,16153,14786,199228,192941,317444,289817,345927,337016,415210,423372,474482,477775,332374,371044,234982,299992,68732,125121,3849637,3488905,515366,474512,807872,753923,219647,751,725
2021-08-09T23:59:59+02:00,27258,25235,250029,241382,361068,332521,380408,373360,445956,455934,501434,504200,345381,385843,242852,310697,71484,130757,15159,13842,194675,188335,311716,285054,343157,334515,413289,421590,472855,476305,331728,370350,234706,299620,68673,124986,3845880,3458428,515186,471734,807839,752829,218148,749,721
2021-08-08T23:59:59+02:00,27084,25076,249545,240967,360666,332159,380054,373066,445651,455669,501189,504008,345273,385733,242789,310618,71467,130723,14937,13647,193321,186959,310083,283706,341830,333342,412404,420828,472280,475784,331465,370077,234578,299451,68647,124934,3843260,3449235,515028,470364,807785,752340,216913,748,720
2021-08-07T23:59:59+02:00,26935,24900,249014,240518,360266,331819,379716,372782,445357,455432,500962,503832,345201,385638,242755,310568,71459,130712,13765,12602,189636,183363,308031,281848,340105,331813,411064,419559,471349,474987,331109,369702,234447,299262,68613,124897,3840391,3429546,514921,469028,807772,752127,216030,748,717
2021-08-06T23:59:59+02:00,26709,24665,248144,239846,359478,331204,379037,372203,444701,454905,500425,503440,344967,385434,242656,310453,71448,130690,12857,11775,185882,179798,304547,279024,337976,329967,409456,418209,470050,474018,330728,369314,234287,299109,68588,124850,3837795,3410154,513551,467293,807760,751022,212545,748,714
2021-08-05T23:59:59+02:00,26384,24341,246963,238903,358574,330324,378207,371469,443952,454212,499755,502895,344682,385129,242542,310278,71407,130627,11851,10841,181389,175840,299138,274594,333840,326391,406635,415712,467784,472231,330058,368608,234025,298735,68527,124739,3831379,3382106,513284,462570,807690,747302,209524,748,713
2021-08-04T23:59:59+02:00,26011,23998,245817,237910,357565,329405,377428,370757,443318,453609,499175,502363,344409,384860,242419,310105,71380,130556,11037,10129,177898,172524,295355,271445,329417,322472,404376,413610,466066,470675,329362,367909,233748,298382,68467,124637,3824840,3354846,512941,460795,807656,745549,206869,744,712
2021-08-03T23:59:59+02:00,25547,23576,244447,236721,356646,328567,376712,370061,442660,452947,498573,501826,344117,384560,242290,309928,71336,130488,10474,9628,174396,169065,291231,267780,324292,317844,401618,411046,463717,468568,328518,367037,233396,297908,68399,124498,3816876,3322619,512776,458909,807607,743469,204961,743,710
2021-08-02T23:59:59+02:00,25229,23269,243390,235755,355791,327805,376006,369460,442081,452394,498047,501377,343853,384283,242172,309772,71310,130429,9918,9086,170746,165460,286517,263796,318403,312877,398852,408482,461477,466568,327743,366194,233100,297509,68337,124380,3810489,3289046,512525,456922,807547,740935,203078,742,704
2021-08-01T23:59:59+02:00,25070,23078,242756,235146,355188,327288,375560,369061,441645,452071,497699,501096,343711,384116,242096,309656,71296,130403,9651,8877,169189,163997,284021,261785,313753,309153,396983,406897,459995,465315,327307,365708,232928,297291,68308,124321,3806770,3271057,512219,454770,807453,738480,201707,739,696
2021-07-31T23:59:59+02:00,24960,22973,242410,234825,354905,327060,375316,368890,441454,451917,497591,500992,343678,384076,242076,309643,71295,130397,8415,7780,165405,160140,281186,259226,311656,307147,395581,405609,458847,464324,326987,365330,232794,297117,68282,124275,3805138,3248055,512029,453829,807447,737685,201057,738,696
2021-07-30T23:59:59+02:00,24669,22713,241604,234100,354322,326527,374822,368417,440989,451512,497227,500701,343540,383935,242031,309563,71282,130381,7477,6910,161648,156364,277780,256100,308620,304317,393344,403486,456995,462735,326475,364797,232583,296825,68249,124217,3801016,3222894,511658,452620,807426,734481,199446,737,694
2021-07-29T23:59:59+02:00,24321,22372,240065,232823,353147,325449,373852,367499,440127,450713,496410,500074,343206,383622,241893,309376,71244,130314,6492,6035,156781,151863,272375,251894,302692,299519,388963,399980,453936,460318,325638,363948,232270,296414,68189,124117,3793385,3188826,510975,447736,807340,729360,196010,736,694
2021-07-28T23:59:59+02:00,24019,22083,238908,231780,352260,324605,373101,366802,439485,450041,495839,499579,342950,383320,241755,309190,71209,130240,6000,5592,153001,148197,267858,248212,298231,295542,385682,397110,451836,458460,324974,363184,232001,296025,68125,123991,3786599,3157934,510432,445805,807262,726708,194073,735,691
2021-07-27T23:59:59+02:00,23746,21856,237896,230801,351409,323856,372393,366206,438894,449422,495312,499120,342702,383014,241621,308995,71173,130141,5430,5065,147956,143054,261911,243057,292910,290759,381653,393395,448641,455638,323981,362078,231634,295518,68033,123833,3780261,3116192,509875,443467,807204,722956,192418,733,689
2021-07-26T23:59:59+02:00,23513,21616,236917,229813,350614,323146,371780,365645,438336,448932,494857,498745,342467,382772,241494,308836,71149,130083,5007,4704,143595,138645,256333,238250,287723,286271,377173,389420,445111,452603,323023,361108,231303,295036,67958,123695,3774537,3076619,509243,441205,807120,718592,191013,730,688
2021-07-25T23:59:59+02:00,23154,21315,235572,228653,349666,322370,371096,364978,437755,448388,494390,498337,342267,382554,241404,308706,71128,130019,4752,4471,141740,136877,253628,236016,285203,284159,375027,387631,443012,450797,322502,360586,231096,294806,67933,123618,3767416,3061474,508863,439014,807052,714219,189611,729,688
2021-07-24T23:59:59+02:00,22904,21119,234642,227787,348941,321715,370521,364455,437226,447948,494028,498059,342151,382455,241360,308644,71125,130008,4430,4186,138838,134070,250888,233687,282631,281931,372762,385769,441770,449809,322151,360248,230951,294627,67914,123584,3763379,3043079,508095,435988,807037,713875,187762,729,688
2021-07-23T23:59:59+02:00,22486,20730,233136,226439,347607,320765,369467,363584,436340,447160,493330,497526,341913,382182,241270,308532,71104,129972,4006,3794,133338,129217,245498,229361,278135,278125,369054,382555,439112,447600,321447,359521,230695,294315,67860,123503,3755868,3007395,507623,434209,806981,711730,184242,729,688
2021-07-22T23:59:59+02:00,21980,20254,231027,224454,345851,319214,367960,362286,435021,446008,492345,496623,341478,381730,241094,308283,71060,129891,3584,3450,128977,125145,239478,224836,271728,273040,362139,377042,433639,443071,320258,358255,230254,293789,67766,123348,3743377,2965169,506033,428205,806848,705399,181456,728,686
2021-07-21T23:59:59+02:00,21471,19730,229135,222628,344144,317674,366336,360709,433443,444621,491116,495452,340925,381203,240846,307998,71006,129796,3381,3253,125204,121560,234001,220586,266178,268502,353993,370089,429014,439321,319136,357104,229790,293222,67685,123167,3732325,2929540,502274,417288,806621,700608,178157,728,684
2021-07-20T23:59:59+02:00,21168,19450,227666,221141,342900,316492,365369,359830,432577,443828,490391,494806,340583,380828,240698,307777,70977,129706,3120,2962,120852,117307,227631,215393,260336,263313,346860,363969,424305,434995,318037,355846,229374,292631,67587,122983,3722954,2885627,501867,410045,806489,696205,176015,726,683
2021-07-19T23:59:59+02:00,20854,19153,225928,219444,341580,315231,364326,358850,431761,443048,489719,494184,340285,380462,240546,307545,70932,129609,2924,2753,118088,114696,223226,211796,255706,259351,343132,360787,421677,432805,317311,355116,229074,292236,67512,122859,3712331,2860484,501442,404652,806394,691870,174424,726,681
2021-07-18T23:59:59+02:00,20700,19020,224624,218164,339951,313795,363250,357915,430935,442321,489180,493640,340051,380176,240417,307368,70910,129547,2832,2660,116581,113302,220552,209600,253341,257238,340877,358927,419638,431108,316819,354626,228914,292017,67491,122791,3702823,2848128,500906,400361,806318,688161,173044,724,678
2021-07-17T23:59:59+02:00,20301,18597,223468,217104,339370,313253,362657,357400,430414,441870,488762,493351,339947,380058,240375,307312,70907,129536,2568,2403,114509,111195,218087,207291,250867,255037,338443,356782,418185,429843,316481,354234,228779,291849,67468,122751,3697234,2830564,500703,397633,806292,687371,171580,721,678
2021-07-16T23:59:59+02:00,19757,18083,220928,214957,337628,311951,361145,356105,428946,440666,487664,492491,339542,379687,240205,307153,70882,129500,2301,2162,111389,108385,213306,203349,246318,251394,334132,353073,414835,427117,315558,353300,228429,291431,67414,122670,3687017,2802795,499941,395265,806133,683550,165311,720,677
2021-07-15T23:59:59+02:00,19115,17455,218136,212530,335717,310237,359550,354661,427601,439475,486716,491635,339137,379260,240002,306898,70840,129395,2124,2021,107472,105148,204905,197076,238787,245768,327510,347816,407743,420649,313811,351480,227880,290759,67342,122471,3671915,2756030,499339,386796,806015,676098,162176,717,675
2021-07-14T23:59:59+02:00,18269,16729,215689,210198,334006,308700,358140,353313,426372,438273,485685,490675,338683,378797,239761,306586,70786,129307,1972,1876,103846,101790,198398,191881,233049,241082,323201,344323,403558,417014,312495,350164,227469,290198,67258,122316,3656946,2722248,498751,381238,805891,669278,159455,716,670
2021-07-13T23:59:59+02:00,17615,16071,213501,208169,332401,307315,356799,352074,425192,437178,484719,489812,338242,378323,239558,306339,70751,129214,1859,1767,100076,98237,191888,186450,225893,235003,316501,338242,395136,409134,310692,348235,226864,289403,67145,122114,3643057,2679289,498189,368531,805733,659777,157361,716,665
2021-07-12T23:59:59+02:00,16596,15135,210205,204978,330332,305572,355213,350596,423946,435968,483733,488911,337824,377848,239380,306110,70711,129136,1779,1696,96965,95509,186583,182130,218901,229310,309647,332194,390022,404850,308951,346363,226271,288667,67045,121943,3624509,2640862,497630,361374,805553,651337,155561,713,662
2021-07-11T23:59:59+02:00,16087,14658,208842,203698,329577,304845,354545,349963,423376,435460,483283,488564,337629,377642,239319,306004,70689,129096,1745,1670,95540,94215,183784,179812,215886,227007,306950,330034,387180,402456,306469,343734,225893,288197,66991,121845,3618208,2625799,496987,359373,805418,640818,153724,706,658
2021-07-10T23:59:59+02:00,15612,14198,206991,201904,328102,303572,353405,348982,422642,434861,482806,488165,337460,377477,239253,305918,70679,129076,1704,1623,94231,92938,181235,177686,212843,224518,304416,327866,386012,401416,305823,343062,225713,288009,66975,121818,3609589,2608945,496341,359141,805183,639059,151041,705,658
2021-07-09T23:59:59+02:00,15287,13917,205077,200058,326492,302108,352331,348015,421735,434142,482230,487685,337252,377253,239157,305798,70664,129042,1030,967,91433,90210,177692,174450,208488,220354,299386,323255,382561,398428,304724,341829,225407,287639,66937,121753,3600397,2579876,495471,357071,804986,631444,148435,701,658
2021-07-08T23:59:59+02:00,14818,13489,201580,197061,323169,299424,349945,346021,420018,432677,480795,486615,336806,376809,238978,305550,70619,128964,912,856,87125,86433,170436,168765,200338,213944,291998,317123,375588,392201,301989,338898,224627,286699,66820,121493,3584977,2533561,491418,348390,804467,621056,143496,700,657
2021-07-07T23:59:59+02:00,14316,13035,197833,193186,319986,296552,347623,343965,418456,431200,479586,485511,336325,376242,238786,305277,70580,128858,778,760,83436,82978,163115,163035,191267,206748,283995,310545,368537,385372,298670,335272,223715,285595,66677,121246,3563611,2485472,490045,334927,804079,611033,140552,698,654
2021-07-06T23:59:59+02:00,13856,12661,194395,189803,316715,293805,345143,341668,416737,429633,478315,484375,335821,375680,238589,304987,70527,128773,656,642,79860,79391,156418,157508,183843,200534,275039,302580,362033,379267,295465,332017,222828,284500,66569,121017,3543693,2432837,486968,327934,803661,601503,138119,695,654
2021-07-05T23:59:59+02:00,13458,12324,189989,185551,312646,290457,342626,339326,415053,428079,477166,483298,335348,375159,238409,304741,70494,128687,580,547,76785,76552,151284,153408,179070,196403,268113,296299,355914,373720,292185,328566,221939,283377,66459,120846,3520776,2393677,485799,323437,803164,591129,134019,690,650
2021-07-04T23:59:59+02:00,13279,12165,186142,181668,310000,288418,341307,338246,414169,427297,476582,482802,335124,374903,238322,304614,70468,128633,548,518,74596,74671,148167,150826,176728,194354,265657,294236,352791,371502,288865,325162,221359,282707,66403,120724,3508482,2379822,484502,321134,802600,579567,129497,690,649
2021-07-03T23:59:59+02:00,12083,11107,179705,175662,305723,284956,338963,336070,412352,425489,475365,481746,334724,374457,238148,304367,70444,128590,517,499,72813,73089,145735,148942,174283,192267,262587,291509,350504,369645,287104,323174,221091,282343,66371,120675,3482058,2364043,483092,320932,802419,575071,123304,690,649
2021-07-02T23:59:59+02:00,10983,10014,175986,172190,303293,282747,337205,334358,411100,424298,474589,481054,334465,374142,238034,304185,70416,128542,478,448,70111,70395,141801,145647,169830,188213,256527,286052,345266,364929,283844,319440,220450,281569,66322,120590,3463909,2330743,481608,318136,802236,562474,120766,685,634
2021-07-01T23:59:59+02:00,9885,9085,172304,168733,299245,279439,334705,332081,409300,422714,473493,480092,334045,373679,237833,303915,70370,128462,406,374,65210,65667,135458,140293,162529,181692,246249,277177,334450,355112,279054,314157,218595,279309,66143,120277,3441293,2274258,479506,305755,801890,544718,117600,685,629
2021-06-30T23:59:59+02:00,9395,8692,169025,165642,293612,274801,331022,328736,407527,421173,472470,479120,333624,373191,237641,303614,70336,128373,324,313,62070,62813,129806,135606,155872,175683,236180,268012,321028,341818,273831,308597,216702,276981,65975,119955,3416129,2219122,477330,292927,801600,525846,113831,684,627
2021-06-29T23:59:59+02:00,8857,8169,165216,161852,289059,270522,327450,325430,405411,419084,470919,477703,333035,372551,237386,303259,70281,128264,266,242,59270,59807,124848,131178,149837,170145,224313,257289,312454,333435,267364,301403,214724,274519,65772,119608,3388519,2159739,475328,288252,801274,508422,110206,682,623
2021-06-28T23:59:59+02:00,8452,7789,161881,158384,284011,266193,324138,322582,403265,417152,469430,476389,332516,371938,237153,302950,70237,128171,206,192,56991,57446,120930,127650,145477,166053,215077,248858,306652,328016,262414,296100,212960,272283,65624,119342,3364532,2123926,471356,279613,800615,491876,106990,682,621
2021-06-27T23:59:59+02:00,8304,7666,160364,156851,281901,264381,322332,321039,401561,415793,468534,475671,332225,371646,237050,302787,70218,128122,180,172,55785,56329,118796,125935,142902,163914,210956,245458,303277,325149,258596,292084,210497,269367,65513,119147,3354476,2108393,469279,276106,799569,475708,103979,681,619
2021-06-26T23:59:59+02:00,7149,6567,157092,153510,279791,262496,319913,318796,400369,414637,467835,474973,331955,371365,236943,302629,70194,128092,169,160,55237,55737,117446,124776,141474,162670,208709,243448,300741,322730,257056,290422,210161,268956,65486,119077,3335318,2091533,466450,276014,799562,473207,103843,661,601
2021-06-25T23:59:59+02:00,5927,5450,152780,149219,276389,259537,317856,316831,399056,413385,466833,474145,331666,371030,236816,302473,70167,128043,140,138,53941,54106,114955,122068,137376,158097,199930,234986,295039,316846,255329,288298,209565,268154,65415,118961,3310322,2048945,465019,274313,799511,466607,103611,661,597
2021-06-24T23:59:59+02:00,5061,4661,148325,145080,271542,255578,313571,313045,396853,411503,465456,473007,331239,370568,236647,302235,70133,127955,121,108,51287,51508,109805,117328,130014,151437,187861,224513,283610,306603,249940,282446,207725,265807,65212,118560,3279035,1986750,463009,262493,799344,452835,101913,660,594
2021-06-23T23:59:59+02:00,4840,4455,145156,141955,267835,252407,308324,308235,394360,409153,464050,471685,330711,369948,236416,301923,70085,127848,89,78,49340,49415,105999,113405,124327,145745,177949,215835,271619,294590,245321,277616,206388,264107,65050,118200,3251423,1930287,459479,252618,799183,442125,100135,658,591
2021-06-22T23:59:59+02:00,4587,4225,142074,138822,264114,249019,302192,302799,391722,406591,462506,470196,330161,369339,236196,301570,70038,127741,59,57,47643,47665,102380,110090,119513,141156,165343,204682,260692,284273,241246,273136,204464,261696,64798,117728,3219321,1871806,457539,244878,798992,431160,98856,657,582
2021-06-21T23:59:59+02:00,4328,3979,138807,135871,259397,245108,296944,297927,388673,403716,461030,468838,329641,368773,235975,301260,69998,127629,51,49,46408,46432,99987,107859,116767,138443,159111,198896,253797,277632,235888,267285,200522,257158,64613,117351,3187524,1840735,455492,239359,798788,411333,96892,652,580
2021-06-20T23:59:59+02:00,4184,3860,137293,134358,255130,241605,294352,295682,387280,402396,460238,468088,329416,368484,235863,301127,69978,127567,45,46,45271,45499,97715,106053,114480,136448,156073,196353,249478,273550,232876,263751,199532,255903,64532,117225,3169986,1820282,453724,235800,798627,403457,95357,650,573
2021-06-19T23:59:59+02:00,3768,3510,135137,132256,252378,239277,292565,294024,385434,400827,459395,467359,329195,368231,235760,300989,69958,127535,44,44,44723,44850,96439,104782,112999,134971,154562,194910,246249,270517,232150,262898,199360,255638,64510,117172,3153628,1804262,450896,234212,798616,403163,95241,650,572
2021-06-18T23:59:59+02:00,2816,2597,131847,129114,248851,236220,288547,290609,383029,398697,458054,466199,328819,367831,235605,300754,69932,127486,44,44,43937,43931,94858,102995,110696,132299,151010,190867,239374,263216,230417,260888,198872,254997,64434,117037,3127785,1774883,446455,233681,798590,396441,94957,649,570
2021-06-17T23:59:59+02:00,2580,2374,128133,125821,242812,231766,283312,286215,378230,394700,455725,464359,328222,367109,235360,300398,69867,127372,42,44,41689,42102,90799,99509,105779,127538,143132,183179,227963,251807,225205,254941,197220,252836,64175,116617,3092907,1719099,443454,229527,798327,385509,90482,599,560
2021-06-16T23:59:59+02:00,2309,2138,124892,122411,237905,227412,278603,281952,373055,390200,453128,462214,327481,366313,235068,299983,69801,127257,42,40,39852,40497,87255,96468,101414,123701,134881,175822,215843,239873,218961,247815,195292,250508,63923,116129,3059311,1659176,437903,223916,797835,377381,87873,597,557
2021-06-15T23:59:59+02:00,1920,1805,119973,117540,231915,222258,273245,276957,367984,385563,450276,459791,326610,365333,234717,299471,69719,127073,41,38,38233,38880,83920,93412,97438,119640,127813,169436,203467,227825,212917,241010,193325,248070,63613,115556,3014536,1601767,435969,218054,797271,369683,85153,596,554
2021-06-14T23:59:59+02:00,1657,1529,115914,113375,226680,217347,267878,271980,362691,380802,447153,457195,325822,364471,234407,299082,69657,126952,37,37,37253,37990,81640,91307,94722,117114,123688,165681,196855,221313,209797,237497,192188,246595,63394,115161,2972327,1572103,433613,215769,797011,362012,82402,596,550
2021-06-13T23:59:59+02:00,1584,1444,114419,111994,224226,215234,265332,269719,360434,378840,445979,456168,325545,364164,234270,298911,69625,126878,34,37,36382,37252,79776,89628,92704,115288,120860,163063,192968,217594,206701,234047,191151,245223,63161,114747,2957304,1558045,431172,208485,796710,353762,80335,595,548
2021-06-12T23:59:59+02:00,1435,1306,111767,109242,222330,213503,263944,268434,358995,377440,445085,455399,325255,363854,234178,298808,69607,126850,34,37,36012,36843,78785,88532,91445,113980,119276,161495,189398,214286,205665,232918,189753,243566,63151,114715,2941108,1544845,430193,208472,796688,346381,80194,594,547
2021-06-11T23:59:59+02:00,1288,1170,109214,106724,219429,210874,260273,265241,355853,374703,443367,453925,324817,363402,234041,298598,69580,126795,34,36,35335,35724,76774,85143,89206,110439,115159,156340,182680,206820,203569,230546,189146,242795,63088,114616,2916652,1517267,427389,207775,796504,332915,79488,593,546
2021-06-10T23:59:59+02:00,1126,1013,104459,102305,213347,206104,253208,259409,349751,369402,438869,450148,323958,362429,233721,298152,69496,126643,32,35,33753,34231,72764,80953,84278,104922,108474,148101,170296,193154,197474,223639,187414,240650,62833,114211,2872961,1469961,420271,206024,795670,305865,75348,588,541
2021-06-09T23:59:59+02:00,977,882,100533,98590,207366,201373,246387,253691,343078,363447,435184,447122,323278,361684,233449,297769,69432,126510,31,34,32214,32966,69519,78296,80576,101748,103737,143809,159128,182366,186826,211612,185545,238401,62560,113716,2833885,1415780,411734,202033,795158,294564,70682,569,535
2021-06-08T23:59:59+02:00,795,701,95994,94038,200722,195796,239421,247668,334808,356158,430073,442447,322440,360682,233074,297282,69353,126374,29,32,31138,32105,66928,75988,77284,99005,99138,139885,151498,174849,178089,201871,183733,236145,62329,113348,2781835,1376440,405954,197108,794573,283666,66149,567,527
2021-06-07T23:59:59+02:00,636,560,92765,90932,194645,191086,232858,242417,326974,349981,427020,439995,321894,360043,232857,296954,69299,126278,27,30,30261,31256,64454,74028,74322,96842,95363,136948,143397,167040,174027,197231,182299,234331,62105,112962,2742763,1349243,399774,193800,794005,272525,61315,567,526
2021-06-06T23:59:59+02:00,598,525,91183,89613,191346,188523,229497,239637,322687,346572,425580,438914,321618,359745,232749,296796,69276,126231,27,30,29658,30698,62673,72337,72232,94821,92161,133872,137690,161228,171489,194592,181188,232931,61876,112583,2727303,1337341,392370,184078,793515,262071,58553,566,519
2021-06-05T23:59:59+02:00,516,445,89236,87596,186460,184295,227029,237503,320869,344951,424583,438001,321335,359426,232599,296629,69262,126199,27,29,29196,29935,61467,70374,70828,92666,90471,131589,132917,155877,168475,190916,180702,232272,61842,112517,2703760,1313657,392237,183611,793420,256620,58159,564,516
2021-06-04T23:59:59+02:00,416,360,86874,85065,182787,180668,223010,233548,317271,341308,422219,435801,320877,358891,232404,296400,69223,126137,27,27,28724,29257,60337,68711,69526,90564,88674,128957,129534,152210,164228,186134,179709,231004,61794,112429,2674470,1294722,388410,182836,793300,246529,57705,562,512
2021-06-03T23:59:59+02:00,324,283,83584,81986,177041,175985,215724,227432,309540,334596,414457,428933,319840,357705,232033,295947,69167,126004,25,26,27833,28241,58430,66505,67121,87803,85016,124817,122750,145522,157867,178500,178132,228967,61680,112191,2625432,1265411,378154,177480,792878,233755,54720,560,502
2021-06-02T23:59:59+02:00,274,224,81496,79814,172932,172242,212062,224260,305942,331230,412403,427096,319429,357246,231880,295740,69139,125953,24,25,27361,27756,57288,65373,65503,86510,82934,122859,117756,140621,149969,169509,177407,228009,61595,112020,2596570,1233061,376763,175505,792853,230125,53770,556,490
2021-06-01T23:59:59+02:00,174,156,77222,75984,164642,165654,202684,216514,296827,323335,404183,419256,317918,355633,231339,295000,69027,125726,23,22,25806,26336,52967,62405,60647,83204,77490,118338,110315,133381,138842,156057,175293,225263,61388,111595,2537798,1182734,365096,171388,792095,218334,46853,550,477
2021-05-31T23:59:59+02:00,152,139,74475,73493,158975,161324,195363,210532,289434,316942,398436,414282,316918,354514,230951,294478,68937,125555,23,21,24892,25272,50337,60175,57463,80658,73868,115042,105797,128917,134669,151124,173917,223533,61219,111262,2497315,1160207,355688,169015,791453,207914,40988,549,467
2021-05-30T23:59:59+02:00,141,131,73421,72422,156485,159280,192729,208173,286636,314424,396549,412536,316554,354102,230790,294237,68899,125474,23,21,24284,24485,48735,58426,55714,78790,71613,112465,103129,126036,132507,148587,173122,222596,61125,111050,2481462,1150358,353160,167703,790822,196511,38076,548,453
2021-05-29T23:59:59+02:00,138,129,72812,71829,154969,157875,190428,206145,284795,312837,395712,411766,316330,353857,230709,294158,68888,125455,22,21,23958,23957,47812,56925,54367,76906,69686,109618,100802,123229,129689,145150,172466,221688,61098,110998,2467563,1136692,352999,167634,790758,185961,38049,546,447
2021-05-28T23:59:59+02:00,134,126,71727,70714,152563,155617,186751,202598,281515,309703,393849,409995,315917,353350,230563,293945,68869,125398,22,20,23422,22954,46198,54792,52527,74340,67634,105662,96461,117337,125292,140077,171488,220376,61051,110884,2443702,1113954,351945,167419,790550,171443,37666,544,439
2021-05-27T23:59:59+02:00,123,117,68406,67694,146067,150666,178557,196334,275108,304530,387534,404305,314649,351903,230102,293413,68797,125216,20,19,22093,21269,42940,51735,48639,70517,63058,99636,90090,109811,121346,135434,168673,216661,60877,110568,2399052,1085403,344309,164675,788741,151316,31930,540,430
2021-05-26T23:59:59+02:00,119,114,66249,65508,141109,146570,172446,191268,268351,298857,380791,397614,313121,350283,229607,292715,68692,125003,20,18,21347,20348,41107,49592,46280,67771,60010,95836,85494,104675,116353,129694,164859,211303,60666,110139,2361704,1053339,331090,163091,786916,139821,29200,536,423
2021-05-25T23:59:59+02:00,118,107,64218,63510,136899,143079,167393,186968,261278,292561,375358,392217,311832,348865,229192,292064,68609,124826,20,18,20767,19680,39701,48067,44437,65745,57530,92824,81403,100284,111391,123974,159288,204022,60496,109832,2324075,1021625,323576,159666,784367,130571,27560,532,415
2021-05-24T23:59:59+02:00,116,104,62970,62291,134134,140966,164109,184548,254326,286563,370411,387532,311001,347946,228907,291679,68538,124695,20,18,20421,19268,38674,46984,43089,64255,55842,90811,79157,97761,109952,122312,158677,203230,60383,109629,2300300,1012206,312450,158357,782558,123867,26003,530,407
2021-05-23T23:59:59+02:00,111,103,62470,61773,133031,140067,162909,183511,253081,285537,368818,386099,310377,347285,228734,291451,68518,124659,20,15,20187,19078,38117,46422,42328,63550,54670,89812,77657,96389,108768,120903,157696,202004,60312,109487,2288761,1003974,311861,155272,782513,122259,25870,529,396
2021-05-22T23:59:59+02:00,108,101,61773,61147,131532,138981,160531,181882,250105,283239,366335,383867,309848,346690,228557,291183,68492,124608,19,15,19867,18653,37497,45816,41688,63019,54014,89078,76884,95239,107215,119091,156921,201033,60285,109433,2270728,997246,311844,155266,782474,118816,24396,529,395
2021-05-21T23:59:59+02:00,104,99,60429,59704,128615,136377,157227,178553,244864,278469,360232,378178,308910,345594,228262,290785,68431,124500,19,15,19499,18283,36875,45040,41030,61962,53054,87677,75153,92934,103969,115135,155780,199579,60192,109257,2234582,984165,310198,154938,780894,112206,24106,524,389
2021-05-20T23:59:59+02:00,95,97,57375,56907,122867,131493,150285,172235,234540,269701,351190,369886,306366,342846,227492,289772,68299,124280,18,15,18201,17345,34695,42789,38568,59050,50223,83898,71217,88418,99825,110471,153304,196546,60008,108899,2176487,964744,303523,152974,774936,94520,21205,518,386
2021-05-19T23:59:59+02:00,93,95,55161,54713,117850,126804,143109,165611,223985,260332,340636,358967,303713,339981,226742,288723,68148,124003,18,15,17616,16557,33467,41198,37155,56979,48201,81110,67966,84836,95936,105992,149663,191797,59746,108407,2110468,941248,297264,150989,771954,84997,19383,513,369
2021-05-18T23:59:59+02:00,89,91,53058,52746,113060,122535,136716,160036,212406,249954,330746,349160,301041,337010,225861,287524,67998,123748,18,15,17094,15951,32250,39730,35791,55182,46379,78694,65070,81603,91916,101451,146456,187717,59534,107972,2050531,920924,287877,148116,768357,76332,17403,509,368
2021-05-17T23:59:59+02:00,86,87,52021,51749,110717,120469,133894,157378,205873,243930,323167,342060,299245,335038,225271,286701,67889,123536,18,15,16634,15500,31197,38682,34610,53880,44894,76892,62797,79200,87072,95575,144990,185831,59385,107659,2023673,909173,275553,140642,764925,69627,15341,503,359
2021-05-16T23:59:59+02:00,84,84,51230,51094,109266,119143,132146,155709,202896,241244,315729,335096,298223,333907,224961,286217,67836,123438,18,15,16350,15127,30444,37897,33734,52957,43829,75575,61459,77726,83655,91489,144198,184754,59299,107517,2008296,903045,265115,133875,761676,65486,13586,499,352
2021-05-15T23:59:59+02:00,83,84,50691,50459,108260,118150,131129,154593,200962,239305,312157,331877,297600,333222,224765,285946,67816,123374,18,15,16209,14963,30187,37584,33447,52521,43339,74924,60604,76737,83057,90672,143678,184087,59263,107468,1992065,897778,265093,133725,760806,64349,12875,497,347
2021-05-14T23:59:59+02:00,82,83,49429,49026,105998,116048,127527,151135,192742,232225,305838,325984,296617,332084,224479,285498,67767,123280,18,15,15708,14530,29394,36754,32659,51326,42259,73130,59028,74784,81137,88175,143066,183090,59222,107383,1954722,888063,263388,132839,756259,58906,11820,494,345
2021-05-13T23:59:59+02:00,79,81,47507,47069,102141,112806,122795,147015,182703,223628,295223,316155,293651,328663,223669,284361,67667,123072,16,14,14848,14082,28536,36050,31895,50421,41302,72031,57515,73210,77355,83815,140294,179478,59113,107167,1903058,875470,254736,125777,750025,55052,10798,488,337
2021-05-12T23:59:59+02:00,77,79,46591,46355,100217,111365,120722,145344,180139,221513,290490,310823,292489,327390,223429,284043,67629,122987,16,13,14682,13930,28212,35827,31486,50131,40851,71653,56970,72638,76001,82179,139512,178340,59026,107007,1879911,869678,252570,123977,749533,54780,9995,483,335
2021-05-11T23:59:59+02:00,73,73,44340,44877,96172,108277,114898,140608,166759,210232,278825,300054,289087,323475,222477,282645,67480,122688,15,12,14248,13363,27195,34393,30346,48320,39537,69374,55256,70365,72904,78585,138149,176501,58865,106647,1820994,857319,242831,121283,741011,46913,8509,478,334
2021-05-10T23:59:59+02:00,72,69,43084,43896,93564,106264,111632,137972,158363,203204,270940,292940,286912,321021,221905,281786,67356,122447,15,11,13903,12918,26431,33406,29551,47058,38534,67517,54025,68634,70813,76024,137004,174985,58745,106357,1785380,848419,236778,120224,734032,39709,7533,472,326
2021-05-09T23:59:59+02:00,71,69,41959,43120,90879,104497,108962,136197,153342,199776,265413,287989,285666,319627,221528,281257,67290,122300,15,11,13586,12695,25731,32735,28822,46252,37738,66552,53095,67686,69577,74619,136406,174143,58690,106226,1765998,843817,229671,119243,728023,34926,6545,463,323
2021-05-08T23:59:59+02:00,70,69,41667,42817,90030,103762,107858,135331,151889,198556,262845,285921,285164,319086,221409,281080,67274,122268,15,11,13485,12632,25596,32641,28675,46120,37548,66356,52753,67365,68611,73694,135333,172774,58643,106133,1753912,839181,229156,118490,727795,34143,6528,456,316
2021-05-07T23:59:59+02:00,68,68,40743,42099,88088,102417,105018,133105,147264,194744,256582,280403,283822,317483,221064,280627,67222,122146,15,11,12737,12149,24766,31903,27906,45055,36683,65092,51569,65847,66356,70999,133097,169945,58554,105956,1728064,829453,225944,116214,723667,27349,5579,450,313
2021-05-06T23:59:59+02:00,64,67,38097,40373,83333,98953,99012,128344,137059,186225,240130,265983,278702,311685,219775,278940,67048,121833,15,11,12052,11630,23825,30798,26904,43701,35319,63087,49827,63863,63861,67864,130985,167179,58440,105739,1662448,818320,216031,113095,712746,18973,4669,435,307
2021-05-05T23:59:59+02:00,62,65,36205,39173,79667,96360,94404,124688,129222,179685,225371,251935,272515,304546,218199,276949,66802,121311,15,10,11816,11353,23274,30068,26298,42775,34390,61684,48671,62442,61244,64744,128039,163472,58342,105488,1596182,805965,210946,109519,706696,15003,3600,431,301
2021-05-04T23:59:59+02:00,62,63,35095,38059,76931,94029,90893,121639,123642,174948,214731,241649,267027,298095,216752,275106,66593,120844,15,10,11650,11147,22860,29526,25831,41998,33664,60584,47556,61163,58516,61552,125669,160535,58193,105252,1547056,794012,205816,106877,700604,11852,2946,423,296
2021-05-03T23:59:59+02:00,61,61,34222,37006,74637,92203,88012,119281,119200,171300,208063,235638,263738,294228,215955,274019,66471,120549,15,10,11402,10874,22462,28939,25347,41294,32972,59616,46528,60016,55716,58206,121888,155635,57935,104813,1515248,778095,202699,105161,695661,9091,1295,417,286
2021-05-02T23:59:59+02:00,61,61,33867,36690,73452,91291,86532,118177,116767,169430,204962,233114,262773,293139,215670,273612,66404,120441,15,9,11329,10797,22269,28722,25111,41005,32624,59208,46071,59536,54525,56740,118813,151953,57851,104681,1504601,773037,199899,99592,691778,8186,426,408,274
2021-05-01T23:59:59+02:00,60,61,33548,36310,72687,90496,85459,117133,115294,168064,201873,230082,262081,292311,215459,273332,66393,120402,15,9,11315,10781,22215,28691,25045,40966,32562,59152,45989,59458,54283,56446,118656,151756,57842,104664,1489478,771719,199890,99552,691512,8138,419,407,272
2021-04-30T23:59:59+02:00,57,59,33003,35709,71478,89274,83991,115401,111509,164487,194466,222965,260089,289940,215010,272723,66333,120293,15,9,10990,10585,21850,28413,24767,40537,32234,58589,45521,58822,53385,55281,117704,150569,57787,104545,1456544,768025,199563,97557,690711,5791,217,403,267
2021-04-29T23:59:59+02:00,55,58,31501,34756,68543,87240,80350,112783,106385,160365,181638,211409,252151,280833,213814,271094,66199,119950,15,9,10680,10370,21372,27963,24336,40038,31645,57848,44716,57888,51550,53082,115852,148328,57686,104348,1401568,759170,192278,94882,685329,3468,192,392,264
2021-04-28T23:59:59+02:00,54,57,30266,34141,66668,85923,77865,110957,102956,157504,171934,202220,241295,268228,212533,269409,66003,119624,15,9,10490,10207,21066,27601,23967,39563,31213,57186,43985,57057,49408,50445,113267,145087,57561,104136,1348852,749539,188912,90322,679954,2243,159,385,246
2021-04-27T23:59:59+02:00,51,56,29507,33453,65082,84449,75845,109143,100186,155105,167193,197484,232783,258415,211387,267794,65883,119402,15,9,10365,10094,20783,27308,23729,39231,30851,56681,43290,56367,47399,47900,110626,141646,57442,103936,1314743,739703,186602,86308,671957,1520,157,374,229
2021-04-26T23:59:59+02:00,50,56,29076,33069,63981,83559,74341,107970,97888,153389,158573,189475,228587,253562,210680,266797,65790,119202,15,9,10270,10004,20563,27116,23490,39013,30550,56336,42671,55789,45591,45749,108731,139161,57346,103782,1285758,731721,185161,83199,665224,1138,150,359,222
2021-04-25T23:59:59+02:00,50,55,28823,32829,63198,83026,73272,107230,96152,152154,153176,184600,224252,248676,210090,266016,65724,119080,15,9,10214,9969,20483,27034,23401,38929,30441,56208,42507,55629,45179,45252,108051,138254,57318,103710,1272940,730042,179021,81430,656544,1006,147,352,222
2021-04-24T23:59:59+02:00,50,54,28477,32401,62256,81799,72084,105776,94596,150488,148264,179444,221465,245337,209621,265342,65690,119030,15,9,10200,9949,20441,26990,23345,38862,30361,56121,42356,55493,44935,44941,107800,137958,57297,103682,1248028,728940,178988,80730,655255,962,146,348,220
2021-04-23T23:59:59+02:00,48,54,27726,31777,60687,80282,70279,103754,92001,147841,143465,175041,216903,239783,208966,264354,65627,118915,15,9,10147,9884,20331,26903,23209,38711,30127,55910,41991,55162,44318,44181,106736,136670,57140,103406,1223077,725569,177803,78253,646714,910,142,345,217
2021-04-22T23:59:59+02:00,46,53,27108,31176,59148,78842,67806,101532,87863,144345,135415,167542,207872,228786,206930,261727,65428,118518,14,9,10022,9785,20077,26605,22853,38273,29610,55395,41239,54524,43160,42864,104739,134218,56911,103008,1181516,718066,170339,74341,638368,789,142,338,209
2021-04-21T23:59:59+02:00,46,49,26611,30655,57816,77733,65917,99895,84814,141703,128227,160720,194784,213449,204780,258841,65202,118092,14,9,9890,9698,19843,26353,22564,37947,29250,54941,40685,53986,42307,41841,102541,131423,56656,102592,1129972,711481,167452,70242,631989,714,142,335,201
2021-04-20T23:59:59+02:00,44,48,26183,30184,56642,76581,64236,98304,82256,139129,123135,155644,183312,199987,202352,255704,64966,117662,13,9,9785,9606,19623,26163,22268,37672,28837,54521,40143,53455,41485,40904,100315,128426,56317,102058,1087277,703886,163962,66991,625205,633,140,333,190
2021-04-19T23:59:59+02:00,44,47,25816,29825,55666,75764,62948,97126,80120,137202,119601,152249,177543,193145,200643,253473,64781,117332,13,9,9677,9512,19389,25941,22020,37397,28519,54126,39628,52920,40689,39998,97200,124425,55911,101343,1062687,693467,162125,64568,618594,594,139,324,188
2021-04-18T23:59:59+02:00,43,42,25507,29560,54894,75214,61819,96177,78256,135774,116231,149850,172426,187583,199627,252242,64670,117140,13,9,9603,9435,19198,25762,21840,37228,28303,53845,39367,52669,40360,39616,95985,122872,55727,101042,1048656,689572,160454,62638,608021,579,139,320,184
2021-04-17T23:59:59+02:00,42,41,25395,29466,54521,75013,61301,95822,77601,135170,115379,149107,168170,182697,199093,251516,64636,117077,13,9,9558,9376,19059,25573,21652,36999,28075,53570,39103,52401,40056,39291,95218,121944,55662,100958,1037755,685544,160423,62322,603945,567,139,319,183
2021-04-16T23:59:59+02:00,42,41,25020,29216,53528,74401,60011,94942,75971,133838,111227,144962,160523,173924,197434,249312,64528,116869,13,9,9352,9199,18661,25138,21060,36422,26960,52662,37070,50795,36720,36327,92020,118415,55259,100302,1011820,670384,159628,55382,594417,537,137,317,179
2021-04-15T23:59:59+02:00,40,37,24543,28767,52269,73232,58045,93214,72684,130994,105749,139681,152651,164941,192779,243440,64233,116253,13,9,9177,9035,18288,24712,20564,35757,26280,51859,35679,49562,34606,34273,88894,114667,54750,99445,979578,657221,157569,49788,576479,486,136,311,172
2021-04-14T23:59:59+02:00,38,34,24203,28440,51329,72292,56702,91821,70295,128829,101746,135903,143444,154551,185040,233563,63892,115588,13,9,8766,8760,17809,24203,20022,35101,25363,50982,34391,48440,32553,32110,85911,111010,54256,98582,941658,642251,154900,45561,561231,394,135,301,171
2021-04-13T23:59:59+02:00,38,34,23959,28218,50625,71756,55744,90984,68651,127409,98012,132459,131605,141415,178648,225241,63554,114999,13,9,8527,8585,17457,23788,19587,34554,24689,50184,33315,47417,31165,30741,83745,108601,53895,98037,908329,632799,150378,41167,544724,271,134,296,168
2021-04-12T23:59:59+02:00,38,33,23750,28027,50067,71242,54873,90246,67177,126117,95368,130132,124485,133381,175421,221293,63283,114508,13,9,8290,8396,17090,23487,19215,34116,24214,49647,32648,46788,29631,29197,82080,106659,53568,97515,891887,624322,148830,37911,528811,258,132,287,164
2021-04-11T23:59:59+02:00,37,33,23575,27860,49534,70819,54133,89786,66028,125309,93501,128649,118994,127356,171507,216688,63113,114210,13,9,8153,8262,16789,23208,18895,33799,23856,49264,32202,46402,28992,28529,81061,105411,53359,97196,884371,619010,144423,36080,512435,244,126,279,160
2021-04-10T23:59:59+02:00,37,33,23513,27803,49363,70677,53927,89624,65695,125036,92975,128208,116907,124823,170067,214834,63071,114110,13,9,7564,7655,15895,22419,17934,32958,22735,48227,31088,45405,28329,27817,78965,102802,53091,96760,877345,603657,143565,35701,509897,241,118,277,160
2021-04-09T23:59:59+02:00,36,33,23265,27552,48854,70182,53276,88927,64695,123905,91146,126297,108075,113874,166687,210425,62871,113752,12,9,6603,6753,14360,21093,16213,31398,20592,46255,28872,43392,26546,25988,75451,98613,52546,95920,857870,576141,136508,34182,499587,229,106,269,158
2021-04-08T23:59:59+02:00,36,33,22967,27304,48274,69689,52517,88227,63380,122818,88720,124125,97754,101861,161138,203575,62541,113183,12,9,5958,6163,13165,20071,14948,30058,18951,44539,26376,41059,23522,23013,70777,92807,51388,94153,839147,544464,127609,32243,481510,203,94,265,156
2021-04-07T23:59:59+02:00,34,32,22652,27075,47463,69219,51579,87602,61981,121823,85561,121673,88543,91553,154126,194788,62247,112626,12,9,5577,5838,12502,19392,14128,29226,17910,43490,24465,39162,20980,20486,66804,88021,50390,92533,818658,520931,122002,29763,460053,178,85,251,152
2021-04-06T23:59:59+02:00,33,32,22438,26916,46931,68834,50988,87073,60945,121045,83447,119924,80776,82736,147747,186816,61902,112000,12,9,5380,5679,12148,19028,13773,28788,17374,42924,23604,38347,19848,19455,63633,83910,49466,91140,799338,507513,118784,26796,442604,166,79,242,148
2021-04-05T23:59:59+02:00,33,31,22338,26791,46618,68485,50596,86669,60390,120349,82262,118770,76295,77641,142765,180728,61701,111684,12,9,5241,5540,11888,18773,13479,28472,17053,42547,23156,37887,19385,18985,60738,80347,48768,90073,789882,498149,117030,24004,427386,161,73,233,148
2021-04-04T23:59:59+02:00,33,31,22289,26727,46495,68211,50424,86354,60109,119847,81748,118137,74848,75928,142062,179754,61664,111602,12,9,5235,5531,11869,18758,13467,28455,17034,42531,23057,37815,18978,18664,59297,78494,48561,89761,787324,493343,116919,23999,422183,154,67,228,146
2021-04-03T23:59:59+02:00,33,31,22227,26646,46370,68102,50259,86177,59795,119531,81179,117559,73502,74294,140948,178218,61581,111454,12,9,5224,5522,11856,18738,13445,28435,17001,42484,22951,37740,18842,18513,58943,77928,48472,89614,780959,491547,116876,23999,420234,152,66,227,146
2021-04-02T23:59:59+02:00,33,31,22148,26559,46205,67933,50036,85927,59322,119075,80293,116745,71945,72407,138665,175237,61387,111094,12,9,5203,5484,11806,18694,13389,28353,16912,42335,22678,37263,18487,18150,56605,75041,47660,88511,771818,483058,115093,23357,418298,152,62,224,142
2021-04-01T23:59:59+02:00,30,30,21953,26354,45789,67413,49390,85184,58449,118135,78406,115074,68682,68974,134575,170061,61070,110524,12,9,5056,5340,11530,18429,13163,28115,16590,42027,22174,36820,17657,17398,51734,68985,45968,86033,760158,464900,109000,21983,411106,139,57,220,138
2021-03-31T23:59:59+02:00,29,30,21624,26135,45385,66883,48888,84531,57717,117193,77243,113833,66631,66649,129815,163941,60664,109800,11,9,4978,5287,11430,18305,12998,27960,16351,41758,21578,36302,16520,16493,46499,62551,44581,84039,750370,446464,101822,21043,404978,136,49,217,135
2021-03-30T23:59:59+02:00,29,29,21446,25910,44981,66264,48380,83728,57005,116139,76103,112454,64784,64629,125435,158189,60197,108906,11,9,4911,5201,11325,18178,12803,27769,16019,41434,21003,35756,15684,15689,43733,59133,43469,82239,740173,434583,97596,19674,397032,109,42,208,132
2021-03-29T23:59:59+02:00,28,29,21248,25671,44517,65712,47899,83032,56268,115055,74865,111014,62287,61878,118698,149566,59428,107515,11,9,4813,5129,11218,18060,12646,27602,15770,41110,20540,35287,15031,15147,41128,56137,42361,80409,719619,423332,94173,18987,391115,92,40,205,130
2021-03-28T23:59:59+02:00,28,29,21043,25379,44017,65018,47380,82286,55587,114047,73915,109903,61028,60441,113987,143596,58985,106756,11,9,4756,5068,11072,17909,12386,27302,15576,40863,20372,35053,14792,14900,40052,54723,42009,79867,713061,419001,86864,17661,383696,71,40,201,120
2021-03-27T23:59:59+01:00,28,29,20922,25220,43721,64653,47015,81756,55081,113356,73239,109165,59873,59352,112497,141889,58918,106674,11,9,4742,5056,11045,17889,12367,27272,15214,40431,19972,34615,14500,14690,39567,54036,41537,79051,707781,414945,86159,17008,379643,66,40,198,118
2021-03-26T23:59:59+01:00,28,28,20670,24707,42911,62946,46038,79730,53742,110332,71222,105548,57856,57463,109744,138656,58590,106156,9,9,4722,5023,11023,17837,12296,27179,15135,40321,19628,34020,14029,14036,36483,50183,39477,75793,696367,400377,82841,16789,367357,54,37,191,118
2021-03-25T23:59:59+01:00,28,25,20238,24034,42032,61179,44938,77175,52228,106798,68828,101782,55258,54823,106431,134687,58019,105163,9,9,4676,4967,10932,17733,12172,27036,14949,40103,19348,33710,13549,13540,32634,45126,36473,71240,684917,381985,78636,16193,350315,47,34,186,114
2021-03-24T23:59:59+01:00,28,25,19835,23584,41247,59903,43914,75631,50842,104870,66723,99447,52473,51905,102180,129596,57380,104086,9,9,4620,4899,10838,17590,12004,26832,14719,39815,18981,33289,13089,13092,30062,41909,33354,66400,672090,366402,73756,15095,338028,41,29,183,110
2021-03-23T23:59:59+01:00,28,25,19588,23281,40687,58978,43184,74530,49799,103355,65051,97583,50172,49560,99427,126384,56823,103249,9,9,4560,4827,10738,17463,11855,26646,14473,39501,18563,32899,12586,12583,27623,38794,29653,60463,663915,348732,70414,14505,327582,37,27,181,108
2021-03-22T23:59:59+01:00,28,25,19363,22861,40040,58091,42512,73487,48852,101967,63575,95949,48339,47667,97031,123644,56355,102483,6,8,4503,4781,10650,17345,11723,26468,14314,39262,18321,32596,12269,12209,25779,36424,25649,53976,657577,332332,67610,13948,317286,32,27,179,106
2021-03-21T23:59:59+01:00,28,25,19223,22600,39540,57331,41951,72638,48194,100808,62630,94714,47290,46641,95387,121793,55983,101905,6,8,4487,4772,10613,17297,11674,26381,14253,39173,18239,32495,12148,12074,25349,35975,25295,53416,654960,330124,65577,13534,308345,32,24,178,102
2021-03-20T23:59:59+01:00,27,25,19162,22455,39327,56835,41711,72077,47880,100172,62188,94112,46633,45873,92792,118561,55695,101421,6,8,4478,4763,10603,17284,11645,26363,14210,39138,18158,32419,11994,11914,24708,35203,24530,52334,648482,326415,65127,13346,303534,32,24,177,102
2021-03-19T23:59:59+01:00,26,24,18805,21888,38196,54706,40427,70082,46142,98083,59305,91356,42191,42001,87570,112803,54995,100345,6,8,4457,4748,10570,17234,11580,26250,14118,38964,17921,32119,11639,11632,23028,33139,22846,49764,630721,317048,57912,12982,290508,29,23,173,101
2021-03-18T23:59:59+01:00,26,23,18411,21239,37014,52549,38890,67291,43985,93608,55456,85557,38157,38189,82837,107325,53905,98691,6,8,4437,4719,10504,17131,11501,26094,13972,38775,17707,31917,11404,11449,21781,31615,21130,47163,613764,308955,52178,12368,267401,27,22,169,97
2021-03-17T23:59:59+01:00,25,22,17983,20886,36283,51626,38122,66333,42903,92248,53666,83731,35477,35396,78823,102496,52964,97220,5,8,4414,4691,10440,17031,11426,25960,13858,38585,17510,31724,11164,11222,20526,30196,19539,44757,597070,301420,47776,11655,261542,25,20,166,90
2021-03-16T23:59:59+01:00,24,22,17624,20466,35531,50554,37307,65133,41804,90572,51825,81744,33267,33377,74785,97530,52081,95906,5,6,4363,4639,10368,16901,11336,25807,13758,38346,17375,31480,10986,11038,19244,28671,18057,42430,583771,293613,43086,11220,252877,24,17,163,89
2021-03-15T23:59:59+01:00,24,22,17343,20101,34817,49568,36512,63939,40895,89093,50564,80140,31541,31541,71490,93432,51387,94774,5,6,4341,4604,10301,16778,11270,25606,13640,38057,17226,31207,10818,10877,18513,27704,16789,40567,572618,287776,39757,10570,245000,24,5,157,85
2021-03-14T23:59:59+01:00,24,21,17072,19674,33962,48362,35609,62623,39832,87267,49307,78410,30372,30296,69492,90868,50945,94096,5,6,4317,4585,10256,16700,11213,25464,13579,37835,17134,31043,10745,10790,18334,27423,16527,40005,565492,286573,37877,9438,235056,15,2,153,84
2021-03-13T23:59:59+01:00,24,21,16252,18609,32461,46315,34032,60482,37791,84185,47166,75849,29016,28939,67473,88243,50677,93706,5,6,4317,4584,10254,16694,11208,25455,13570,37827,17126,31034,10711,10758,17585,26535,15480,38550,549129,282312,37593,9437,224691,14,2,153,83
2021-03-12T23:59:59+01:00,23,20,15150,17233,30014,43664,31364,57338,34921,79330,43951,71378,26174,25750,63161,82935,49692,92303,5,5,4304,4549,10235,16632,11189,25402,13524,37709,17037,30903,10431,10531,16692,25282,14408,37022,521050,276488,36282,9423,207233,12,2,148,81
2021-03-11T23:59:59+01:00,22,20,14107,15770,27753,40967,29038,54152,32326,74936,40188,66484,22763,22269,57134,75614,47765,89475,5,5,4262,4508,10154,16513,11075,25176,13406,37398,16872,30596,10126,10318,16060,24436,13740,35744,488947,272476,34689,7980,187289,10,2,143,72
2021-03-10T23:59:59+01:00,22,20,13513,15069,26340,39350,27382,52324,30760,72614,37661,63354,20005,19706,51216,68472,46214,87137,5,5,4225,4464,10055,16345,10954,24924,13258,36978,16673,30222,9883,10130,15318,23663,13080,34718,462484,267730,32643,7235,176174,6,2,139,70
2021-03-09T23:59:59+01:00,21,19,13229,14603,25214,38307,25964,51140,29694,70960,36281,61517,18818,18580,47702,64018,45091,85350,5,5,4200,4438,9970,16178,10850,24664,13104,36661,16495,29985,9756,10025,14653,22823,12581,33942,448864,264008,30100,6397,167674,6,2,138,64
2021-03-08T23:59:59+01:00,20,19,12898,13992,24133,37191,24692,49998,28755,69476,35040,59897,17744,17697,43582,59037,43864,83365,5,5,4185,4402,9908,15980,10747,24401,12969,36302,16364,29719,9672,9941,14156,22216,12265,33498,433397,260806,28090,6002,160041,2,2,135,63
2021-03-07T23:59:59+01:00,20,19,12664,13697,23537,36337,23993,49118,28150,68604,34427,59136,17479,17442,42515,57585,43499,82806,5,5,4172,4388,9885,15938,10720,24327,12937,36132,16307,29605,9650,9912,13957,21960,12130,33292,428622,259738,26273,5658,156262,0,2,129,63
2021-03-06T23:59:59+01:00,19,19,12550,13405,23133,35600,23456,48326,27099,67071,33325,57369,17092,17112,41869,56694,43199,82338,5,5,4169,4374,9873,15911,10702,24293,12927,36091,16289,29574,9632,9871,13910,21922,12027,33081,424545,259358,26209,5374,149048,0,2,128,61
2021-03-05T23:59:59+01:00,19,19,12136,12801,22449,34395,22768,47096,26342,65436,32090,54950,16442,16276,38410,52394,41046,78898,5,5,4142,4327,9803,15810,10651,24145,12859,35896,16202,29368,9537,9801,13725,21711,11656,32468,409357,257662,24755,4527,139974,0,1,128,59
2021-03-04T23:59:59+01:00,17,19,11376,11787,21261,32666,21553,45046,24984,62783,30394,52590,15711,15555,34405,47227,37967,74212,5,5,4092,4235,9688,15514,10548,23787,12726,35361,16057,28964,9357,9645,13567,21501,11572,32322,390900,254596,22676,4429,126093,0,1,127,55
2021-03-03T23:59:59+01:00,15,19,11064,11289,20573,31448,20777,43682,24070,61031,29347,50947,15231,15050,31789,43901,34877,69442,5,5,4050,4170,9608,15341,10467,23532,12618,34938,15877,28616,9172,9517,13440,21281,11428,32049,375432,251935,21879,4261,117354,0,1,123,49
2021-03-02T23:59:59+01:00,15,19,10803,10859,19927,30474,20062,42660,23283,59639,28370,49670,14602,14399,29113,40535,30980,63225,5,5,4002,4098,9545,15174,10397,23267,12512,34505,15773,28306,9045,9414,13300,21089,11351,31904,357219,249517,20368,4256,111159,0,0,120,49
2021-03-01T23:59:59+01:00,13,18,10630,10599,19412,29667,19498,41775,22692,58569,27654,48545,14179,13945,27040,37951,26710,56323,5,5,3986,4048,9490,15017,10330,22967,12428,34129,15664,27982,8960,9352,13117,20820,11235,31721,339959,247079,19252,4256,106117,0,0,118,49
2021-02-28T23:59:59+01:00,12,18,10459,10396,18943,29014,18960,41035,22210,57712,27162,47748,13969,13700,26433,37291,26305,55720,5,5,3969,4034,9464,14984,10311,22915,12411,34059,15636,27934,8933,9328,12984,20639,11171,31571,337489,246218,18389,4218,101315,0,0,117,45
2021-02-27T23:59:59+01:00,12,17,10280,9881,18615,28150,18701,40246,21926,56729,26835,46960,13697,13400,25764,36490,25381,54303,5,5,3955,4022,9442,14963,10278,22868,12372,33977,15589,27860,8912,9311,12963,20614,11149,31551,333581,245853,17667,4068,96241,0,0,117,43
2021-02-26T23:59:59+01:00,11,16,9483,9097,17716,26713,17919,38040,20994,53880,25374,44139,13230,12999,24172,34500,23852,51995,5,5,3874,3953,9363,14803,10204,22612,12292,33611,15472,27567,8833,9231,12896,20545,11109,31481,324442,243947,17412,3994,82371,0,0,116,42
2021-02-25T23:59:59+01:00,11,16,8327,8245,16396,25102,16651,35789,19758,50996,23663,41356,12752,12598,22894,32910,22353,49712,5,5,3750,3807,9197,14486,9981,22004,12034,32753,15144,26910,8636,9079,12633,20220,10969,31213,316817,239788,16637,3124,66164,0,0,111,40
2021-02-24T23:59:59+01:00,10,15,7961,7721,15744,24068,16026,34553,19042,49483,22872,40157,12357,12262,21587,31414,20677,47085,4,5,3676,3737,9053,14192,9803,21546,11827,32122,14882,26373,8494,8940,12489,20047,10904,31001,308584,236998,15670,2182,58866,0,0,111,39
2021-02-23T23:59:59+01:00,10,15,7478,7243,14930,22891,15339,33336,18319,48075,22150,39085,12043,11936,20246,29841,19064,44531,4,5,3634,3660,8933,13988,9662,21147,11639,31542,14579,25869,8323,8795,12361,19836,10832,30764,300455,234142,14868,1516,51290,0,0,110,38
2021-02-22T23:59:59+01:00,9,13,7371,7037,14548,22274,14986,32609,17852,47066,21655,38351,11839,11686,19497,28828,17744,42577,4,5,3604,3558,8795,13697,9499,20644,11384,30795,14208,25269,8073,8599,12160,19581,10726,30454,294571,230815,14260,322,47189,0,0,106,38
2021-02-21T23:59:59+01:00,9,13,7280,6911,14222,21827,14567,32026,17435,46415,21216,37857,11731,11583,19335,28614,17496,42243,4,5,3564,3518,8710,13573,9418,20425,11311,30502,14085,24996,8013,8538,12102,19470,10655,30290,293420,228956,13890,304,43549,0,0,101,37
2021-02-20T23:59:59+01:00,9,13,7163,6861,14095,21747,14449,31888,17315,46262,21054,37674,11631,11498,18552,27697,16437,40772,4,5,3562,3511,8699,13565,9408,20404,11296,30477,14070,24985,8008,8529,12037,19406,10601,30221,289154,228567,13693,303,42348,0,0,99,36
2021-02-19T23:59:59+01:00,7,12,6861,6608,13741,21307,14076,31217,16842,45466,20348,36801,11024,11095,17503,26367,15281,39164,4,5,3482,3486,8623,13536,9365,20345,11258,30384,14011,24890,7966,8469,11818,19134,10408,29891,282762,226857,13316,301,37718,0,0,96,35
2021-02-18T23:59:59+01:00,7,12,6462,6135,13113,20163,13435,29845,16026,43596,19472,35220,10793,10877,16911,25614,14705,38278,4,5,3294,3348,8288,12997,9069,19592,10907,29340,13640,24058,7758,8159,11229,18180,9911,28735,279174,218298,12736,299,28830,0,0,92,34
2021-02-17T23:59:59+01:00,7,11,6296,5792,12667,19285,12942,28657,15324,41875,18823,33895,10560,10620,16155,24800,13929,37093,3,5,3044,3187,7946,12479,8768,18801,10538,28292,13253,23205,7524,7921,10673,17327,9473,27919,274505,210143,12003,294,22299,0,0,86,34
2021-02-16T23:59:59+01:00,7,11,5970,5490,12130,18452,12440,27584,14778,40500,18229,32861,10403,10515,15487,23971,13421,36311,3,5,2862,3067,7641,12023,8462,18077,10141,27198,12790,22304,7252,7625,9957,16152,8743,26366,270980,200611,11506,138,16154,0,0,80,31
2021-02-15T23:59:59+01:00,7,11,5862,5306,11832,17808,12173,26800,14429,39505,17878,32090,10273,10402,14928,23318,13060,35774,3,5,2773,2987,7447,11699,8244,17569,9838,26348,12438,21621,6982,7339,9260,15094,8230,25085,267868,192952,10903,92,12769,0,0,75,29
2021-02-14T23:59:59+01:00,7,11,5594,5189,11584,17537,11948,26367,14197,39058,17687,31813,10227,10351,14693,22977,12896,35381,3,5,2722,2949,7331,11531,8115,17361,9661,26014,12259,21318,6885,7213,9036,14711,8043,24548,266862,189699,9965,90,10773,0,0,74,26
2021-02-13T23:59:59+01:00,7,11,5534,5151,11533,17499,11917,26335,14168,39025,17667,31794,10213,10323,14666,22944,12882,35363,3,5,2718,2946,7325,11522,8103,17339,9644,25979,12232,21274,6853,7178,8880,14498,7690,23915,266614,188182,9961,8,10541,0,0,73,23
2021-02-12T23:59:59+01:00,7,10,5017,4834,10964,17136,11600,25784,13848,38384,17336,31155,10102,10216,14483,22731,12801,35255,3,5,2667,2913,7229,11363,8002,17107,9496,25587,12019,20827,6670,6942,8516,13935,7096,22569,264923,183027,9948,6,6875,0,0,72,22
2021-02-11T23:59:59+01:00,7,10,4556,4533,10377,16453,11186,24975,13369,37123,16849,30296,9786,9953,14203,22282,12520,34568,3,5,2498,2638,6628,10168,7310,15371,8633,22968,10962,18741,6016,6225,7464,12317,6278,20251,261687,164557,8305,3,3137,0,0,69,15
2021-02-10T23:59:59+01:00,7,10,4307,4366,10043,16003,10875,24437,13055,36238,16435,29546,9567,9815,14020,22076,12428,34359,3,5,2135,2345,5690,8699,6499,13324,7648,20058,9831,16696,5472,5637,6475,10654,5503,18198,259027,144954,7803,2,841,0,0,63,3
2021-02-09T23:59:59+01:00,7,9,4244,4268,9919,15734,10766,24032,12881,35620,16220,29073,9388,9674,13824,21862,12285,34135,3,5,1740,1992,4906,7428,5724,11523,6728,17536,8746,14697,4896,5007,5424,9086,4768,16076,256571,126358,7021,1,434,0,0,61,2
2021-02-08T23:59:59+01:00,7,9,4210,4214,9824,15524,10655,23671,12758,35161,16075,28713,9293,9607,13621,21577,12178,33938,3,5,1575,1795,4343,6431,5056,9943,5911,15008,7729,12836,4342,4476,4447,7491,4005,13988,254184,109450,6507,1,428,0,0,58,2
2021-02-07T23:59:59+01:00,7,9,4045,4147,9667,15390,10553,23506,12677,34899,15961,28519,9252,9561,13477,21397,12103,33794,3,5,1361,1549,3922,5758,4638,9062,5481,13841,7240,11872,4088,4215,4215,7095,3844,13388,253089,101641,5962,1,0,0,0,53,1
2021-02-06T23:59:59+01:00,7,9,4035,4138,9656,15374,10540,23471,12655,34849,15942,28463,9233,9548,13459,21362,11997,33598,3,5,1208,1354,3689,5452,4453,8637,5262,13256,6960,11314,3952,4080,4088,6946,3566,12932,252745,97218,5678,1,0,0,0,53,0
2021-02-05T23:59:59+01:00,7,8,3962,4069,9583,15231,10474,23221,12570,34481,15828,28179,9149,9473,13387,21287,11647,33003,3,4,1067,1123,3407,5005,4194,8053,4947,12477,6575,10586,3696,3833,3928,6714,3056,12040,250859,90766,4785,0,0,0,0,53,0
2021-02-04T23:59:59+01:00,7,8,3904,3944,9461,14914,10295,22673,12381,33684,15614,27615,9026,9361,13161,20992,11533,32796,3,2,804,789,2580,3750,3260,6305,3993,9927,5250,8366,3020,3119,3309,5728,2668,10543,246897,73460,4557,0,0,0,0,52,0
2021-02-03T23:59:59+01:00,7,8,3834,3871,9357,14690,10192,22336,12248,33177,15466,27199,8916,9246,13021,20816,11457,32631,3,2,667,620,1948,2829,2520,4869,3016,7624,4020,6308,2204,2245,2415,4237,1934,7892,244175,55386,4383,0,0,0,0,51,0
2021-02-02T23:59:59+01:00,7,8,3767,3775,9258,14494,10093,21957,12107,32614,15263,26748,8788,9129,12898,20609,11374,32366,2,2,531,489,1477,2094,1927,3661,2269,5799,3003,4720,1565,1546,1651,2794,1348,5249,240962,40149,4379,0,0,0,0,49,0
2021-02-01T23:59:59+01:00,6,8,3727,3683,9179,14263,9986,21572,11969,31978,15078,26243,8666,8980,12789,20465,11325,32187,1,0,394,355,1031,1445,1270,2443,1480,3798,1869,2994,995,986,979,1707,773,3036,237811,25568,4379,0,0,0,0,47,0
2021-01-31T23:59:59+01:00,6,8,3706,3647,9125,14154,9914,21366,11901,31680,14975,26047,8610,8921,12737,20352,11280,32057,1,0,363,334,907,1255,1080,2068,1278,3243,1634,2624,897,895,877,1523,702,2728,236310,22419,4262,0,0,0,0,45,0
2021-01-30T23:59:59+01:00,6,8,3705,3644,9114,14140,9900,21342,11888,31660,14963,26033,8606,8916,12668,20283,11213,31979,1,0,347,310,846,1171,1023,1944,1214,3053,1559,2488,869,869,858,1483,687,2675,235985,21406,4169,0,0,0,0,45,0
2021-01-29T23:59:59+01:00,6,8,3644,3627,9053,14111,9871,21290,11856,31584,14914,25966,8582,8893,12482,20060,11031,31735,1,0,280,226,724,996,878,1582,1059,2664,1347,2161,778,777,810,1429,669,2622,234759,19010,4040,0,0,0,0,44,0
2021-01-28T23:59:59+01:00,6,7,3526,3540,8846,13723,9650,20775,11623,31001,14587,25466,8445,8789,12048,19442,10675,31157,1,0,133,59,305,370,384,622,467,1158,614,972,411,430,476,826,384,1590,229966,9205,3428,0,0,0,0,42,0
2021-01-27T23:59:59+01:00,6,7,3295,3402,8552,13304,9349,20149,11235,30166,14200,24728,8228,8575,11498,18634,10250,30392,1,0,82,35,212,230,250,425,310,807,437,671,313,314,353,617,289,1167,223245,6515,2810,0,0,0,0,39,0
2021-01-26T23:59:59+01:00,5,7,3130,3304,8268,12962,9086,19580,10930,29409,13802,24094,7988,8351,10920,17718,9601,29240,1,0,76,31,197,220,234,390,294,754,406,609,298,288,325,553,262,1037,216517,5977,1966,0,0,0,0,35,0
2021-01-25T23:59:59+01:00,5,7,3042,3210,7984,12478,8796,18874,10543,28406,13322,23328,7705,8149,10303,16900,9145,28340,1,0,68,23,173,197,200,331,255,633,354,504,260,243,271,475,213,850,210208,5053,418,0,0,0,0,32,0
2021-01-24T23:59:59+01:00,5,7,2998,3189,7898,12398,8722,18746,10434,28246,13191,23145,7662,8111,10236,16787,9097,28245,1,0,67,22,168,192,197,317,252,611,345,490,251,239,269,468,209,835,208895,4935,313,0,0,0,0,29,0
2021-01-23T23:59:59+01:00,5,7,2997,3188,7896,12394,8717,18735,10431,28232,13185,23140,7654,8108,10111,16621,8768,27658,1,0,66,21,168,191,197,315,250,610,343,490,251,239,269,468,209,833,207631,4923,309,0,0,0,0,26,0
2021-01-22T23:59:59+01:00,5,7,2934,3142,7771,12278,8633,18592,10321,28059,13103,23025,7623,8071,9912,16317,8250,26633,1,0,66,20,167,190,196,315,250,610,342,490,251,239,269,468,209,833,204467,4918,307,0,0,0,0,21,0
2021-01-21T23:59:59+01:00,5,7,2848,2970,7271,11363,8149,17444,9784,26432,12496,21811,7339,7746,9279,15380,7736,25589,1,0,60,18,150,176,178,282,224,535,305,448,227,212,236,384,176,695,193438,4309,307,0,0,0,0,16,0
2021-01-20T23:59:59+01:00,5,7,2488,2625,6388,9952,7398,15485,8834,23605,11387,19738,6737,7095,8180,13611,6922,23368,1,0,58,18,148,171,175,280,215,521,292,426,214,205,230,359,162,657,173608,4134,303,0,0,0,0,14,0
2021-01-19T23:59:59+01:00,5,7,2049,2270,5486,8563,6535,13591,7813,20820,10117,17502,5985,6215,6802,11430,5902,20339,0,0,41,12,98,126,119,171,150,357,192,297,137,117,143,242,114,491,151284,2808,221,0,0,0,0,14,0
2021-01-18T23:59:59+01:00,4,7,1776,1981,4730,7177,5578,11357,6614,17223,8693,14784,5095,5336,5418,9178,4833,16861,0,0,22,7,39,47,54,79,66,163,76,148,63,56,68,135,62,223,126617,1309,95,0,0,0,0,14,0
2021-01-17T23:59:59+01:00,3,7,1501,1694,4215,6384,5069,10224,6078,15655,8053,13520,4757,4989,5043,8503,4506,15860,0,0,8,2,9,15,16,29,20,50,29,58,25,23,20,31,13,47,116032,395,89,0,0,0,0,13,0
2021-01-16T23:59:59+01:00,3,6,1335,1491,3998,6063,4889,9785,5818,14992,7723,12826,4565,4760,4828,8227,4153,15257,0,0,0,0,0,1,1,2,1,1,1,2,0,1,1,0,0,1,110766,12,9,0,0,0,0,13,0
2021-01-15T23:59:59+01:00,3,6,1185,1264,3742,5639,4632,9217,5527,14151,7317,12026,4274,4463,4638,7918,3616,14211,0,0,0,0,0,0,0,0,0,0,0,0,0,0,0,0,0,0,103877,0,4,0,0,0,0,13,0
2021-01-14T23:59:59+01:00,3,4,912,949,2994,4450,3765,7400,4583,11404,5921,9677,3473,3590,3895,6687,3133,12404,0,0,0,0,0,0,0,0,0,0,0,0,0,0,0,0,0,0,85282,0,0,0,0,0,0,13,0
2021-01-13T23:59:59+01:00,3,3,776,794,2521,3713,3178,6172,3810,9454,4828,7793,2602,2675,2937,5097,2399,9485,0,0,0,0,0,0,0,0,0,0,0,0,0,0,0,0,0,0,68271,0,0,0,0,0,0,12,0
2021-01-12T23:59:59+01:00,2,3,643,662,2109,3044,2618,5016,3050,7606,3808,6121,1871,1853,2011,3457,1700,6483,0,0,0,0,0,0,0,0,0,0,0,0,0,0,0,0,0,0,52093,0,0,0,0,0,0,0,0
2021-01-11T23:59:59+01:00,1,1,498,526,1757,2466,2096,4009,2363,5782,2832,4444,1206,1146,1206,2039,938,3693,0,0,0,0,0,0,0,0,0,0,0,0,0,0,0,0,0,0,37028,0,0,0,0,0,0,0,0
2021-01-10T23:59:59+01:00,1,1,440,457,1494,2039,1753,3282,1953,4797,2352,3725,1065,1020,1062,1791,837,3240,0,0,0,0,0,0,0,0,0,0,0,0,0,0,0,0,0,0,31325,0,0,0,0,0,0,0,0
2021-01-09T23:59:59+01:00,1,1,409,412,1369,1862,1607,2991,1800,4349,2167,3395,992,951,1007,1738,819,3197,0,0,0,0,0,0,0,0,0,0,0,0,0,0,0,0,0,0,29081,0,0,0,0,0,0,0,0
2021-01-08T23:59:59+01:00,1,1,312,282,1118,1515,1327,2320,1479,3567,1795,2776,856,843,919,1614,771,3040,0,0,0,0,0,0,0,0,0,0,0,0,0,0,0,0,0,0,24547,0,0,0,0,0,0,0,0
2021-01-07T23:59:59+01:00,1,0,147,77,408,515,488,803,598,1378,783,1212,470,488,567,975,468,1920,0,0,0,0,0,0,0,0,0,0,0,0,0,0,0,0,0,0,11301,0,0,0,0,0,0,0,0
2021-01-06T23:59:59+01:00,1,0,113,45,279,294,315,527,403,935,535,834,364,366,430,757,361,1453,0,0,0,0,0,0,0,0,0,0,0,0,0,0,0,0,0,0,8015,0,0,0,0,0,0,0,0
2021-01-05T23:59:59+01:00,1,0,88,33,199,238,248,439,325,824,451,712,348,350,413,725,354,1399,0,0,0,0,0,0,0,0,0,0,0,0,0,0,0,0,0,0,7150,0,0,0,0,0,0,0,0
2021-01-04T23:59:59+01:00,1,0,70,27,179,199,206,344,261,640,357,522,273,257,293,528,237,943,0,0,0,0,0,0,0,0,0,0,0,0,0,0,0,0,0,0,5339,0,0,0,0,0,0,0,0
2021-01-03T23:59:59+01:00,1,0,68,23,171,193,201,328,259,624,348,504,265,255,289,515,235,926,0,0,0,0,0,0,0,0,0,0,0,0,0,0,0,0,0,0,5207,0,0,0,0,0,0,0,0
2021-01-02T23:59:59+01:00,1,0,68,22,171,193,201,327,255,624,345,504,265,255,289,515,235,925,0,0,0,0,0,0,0,0,0,0,0,0,0,0,0,0,0,0,5197,0,0,0,0,0,0,0,0
2021-01-01T23:59:59+01:00,1,0,67,21,170,192,200,324,254,624,342,502,265,255,289,513,235,925,0,0,0,0,0,0,0,0,0,0,0,0,0,0,0,0,0,0,5181,0,0,0,0,0,0,0,0
2020-12-31T23:59:59+01:00,1,0,67,21,169,190,200,323,252,623,341,501,265,255,289,513,235,925,0,0,0,0,0,0,0,0,0,0,0,0,0,0,0,0,0,0,5172,0,0,0,0,0,0,0,0
2020-12-30T23:59:59+01:00,1,0,66,21,168,189,198,320,251,621,340,499,264,255,289,513,234,925,0,0,0,0,0,0,0,0,0,0,0,0,0,0,0,0,0,0,5156,0,0,0,0,0,0,0,0
2020-12-29T23:59:59+01:00,1,0,46,13,119,142,148,214,182,446,239,384,181,167,201,384,173,723,0,0,0,0,0,0,0,0,0,0,0,0,0,0,0,0,0,0,3764,0,0,0,0,0,0,0,0
2020-12-28T23:59:59+01:00,1,0,25,9,66,79,82,124,101,254,118,235,100,95,106,203,102,391,0,0,0,0,0,0,0,0,0,0,0,0,0,0,0,0,0,0,2092,0,0,0,0,0,0,0,0
2020-12-27T23:59:59+01:00,0,0,12,3,18,27,37,47,36,90,37,97,35,30,42,73,31,146,0,0,0,0,0,0,0,0,0,0,0,0,0,0,0,0,0,0,761,0,0,0,0,0,0,0,0
