Datum,<24_1_m,<24_1_w,25-34_1_m,25-34_1_w,35-44_1_m,35-44_1_w,45-54_1_m,45-54_1_w,55-64_1_m,55-64_1_w,65-74_1_m,65-74_1_w,75-84_1_m,75-84_1_w,>84_1_m,>84_1_w,<24_2_m,<24_2_w,25-34_2_m,25-34_2_w,35-44_2_m,35-44_2_w,45-54_2_m,45-54_2_w,55-64_2_m,55-64_2_w,65-74_2_m,65-74_2_w,75-84_2_m,75-84_2_w,>84_2_m,>84_2_w,bp_1,bp_2,mo_1,mo_2,az_1,az_2,ja
2021-06-10T23:59:59+02:00,120247,118859,213726,205126,251013,261134,360089,380166,427449,440955,308284,348405,218575,283892,57161,108483,38436,40170,72442,79437,81924,105185,111088,150901,170305,190724,191723,219043,178745,233189,51262,96941,2833977,1440396,411868,201733,786158,297638,71872
2021-06-09T23:59:59+02:00,115947,114895,208389,200757,245180,256165,353635,374429,424584,438608,307763,347762,218349,283577,57113,108399,36833,38959,69407,77036,78473,102291,106451,146839,159179,179849,182216,208254,177233,231335,51063,96579,2796781,1388421,405611,198215,785693,287707,67778
2021-06-08T23:59:59+02:00,111120,110117,202203,195629,238848,250597,345307,367096,420606,434903,307070,346879,218029,283171,57049,108292,35647,37994,66880,74942,75446,99708,101850,142968,151679,172266,174261,199365,175769,229487,50891,96293,2748296,1350664,399981,193382,785171,277746,63778
2021-06-07T23:59:59+02:00,107375,106569,196138,190945,232643,245649,337650,361038,418177,432894,306609,346318,217840,282886,57007,108214,34647,37041,64381,72995,72546,97599,97927,139896,143619,164256,170916,195483,174540,227910,50728,95988,2710371,1324275,394123,190285,784647,266915,59121
2021-06-06T23:59:59+02:00,105551,105055,192907,188458,229432,243026,333626,357819,417025,432019,306365,346072,217745,282741,56988,108173,33961,36364,62578,71335,70510,95629,94663,136794,137906,158373,168871,193349,173543,226639,50545,95667,2695518,1312679,387067,180832,784156,256769,56571
2021-06-05T23:59:59+02:00,103199,102630,187990,184137,227173,241033,331904,356211,416083,431129,306086,345768,217611,282589,56978,108146,33430,35558,61416,69486,69161,93631,92977,134662,132851,152753,166442,190328,173156,226083,50515,95619,2672251,1289312,386951,180368,783550,252286,56225
2021-06-04T23:59:59+02:00,100448,99763,184340,180537,223105,236971,328427,352775,414084,429271,305694,345294,217444,282387,56947,108095,32874,34759,60312,67847,67906,91516,91141,132087,129312,148820,162564,185988,172326,225028,50477,95543,2643311,1270862,383269,179605,783428,242272,55884
2021-06-03T23:59:59+02:00,96730,96314,178670,175895,215866,230886,320373,345815,407594,423330,304838,344312,217119,281987,56907,107985,31837,33567,58446,65733,65571,88736,87113,127739,122869,142172,156645,178928,171082,223372,50383,95339,2595234,1242139,373593,174679,783006,229738,53098
2021-06-02T23:59:59+02:00,94295,93809,174719,172338,212435,227888,316808,342538,405898,421789,304479,343920,216991,281803,56883,107944,31337,33015,57255,64661,64078,87489,84950,125598,117651,137002,149381,170645,170484,222563,50318,95189,2567296,1210492,372226,172725,782977,226171,52348
2021-06-01T23:59:59+02:00,89348,89436,166462,165836,203378,220374,307813,334792,398498,414654,303177,342522,216525,281147,56789,107756,29518,31369,52864,61765,59388,84251,79389,120975,110377,129634,138842,157914,168826,220345,50149,94833,2509838,1161588,361059,168676,782238,214615,45679
2021-05-31T23:59:59+02:00,86128,86579,160817,161554,196039,214360,300514,328485,393407,410189,302314,341524,216181,280687,56713,107620,28418,30155,50198,59613,56338,81748,75770,117638,106019,125183,134925,153312,167734,218907,50002,94562,2469824,1139649,351908,166468,781619,204457,40067
2021-05-30T23:59:59+02:00,84897,85372,158367,159533,193471,212014,297756,326000,391813,408675,301981,341149,216042,280476,56679,107550,27712,29224,48615,57970,54651,79897,73507,115050,103478,122425,132942,150970,167055,218092,49927,94385,2454210,1130082,349462,165175,781015,193367,37394
2021-05-29T23:59:59+02:00,84206,84706,156751,158019,191186,210034,296049,324504,391020,407926,301803,340943,215967,280414,56673,107533,27333,28565,47636,56487,53327,77974,71520,112120,101143,119656,130369,147789,166478,217308,49905,94338,2440408,1116668,349327,165117,780927,182903,37378
2021-05-28T23:59:59+02:00,82944,83411,154277,155710,187550,206460,292934,321546,389317,406268,301477,340519,215834,280218,56655,107488,26708,27362,45951,54410,51599,75336,69402,108100,96849,113972,126192,142916,165649,216218,49869,94239,2416914,1094390,348291,164905,780697,168581,37012
2021-05-27T23:59:59+02:00,79039,79949,147758,150749,179600,200372,286611,316434,383389,400824,300453,339341,215438,279729,56599,107332,25154,25415,42649,51371,47835,71554,64718,101837,90656,106739,122650,138662,163087,212844,49723,93962,2372903,1066425,340737,162197,778921,148990,31358
2021-05-26T23:59:59+02:00,76490,77490,142720,146562,173476,195261,279983,310828,376957,394363,299285,338052,215013,279109,56516,107155,24282,24341,40778,49203,45507,68769,61585,97938,86074,101720,117916,133056,159585,207929,49553,93608,2336038,1034962,327715,160651,777139,137676,28668
2021-05-25T23:59:59+02:00,74116,75220,138551,143062,168343,190945,272755,304367,372040,389406,298247,336878,214661,278521,56447,107013,23610,23564,39355,47660,43698,66729,59035,94856,81822,97176,113299,127647,154443,201165,49414,93362,2298890,1004041,320277,157265,774647,128586,27056
2021-05-24T23:59:59+02:00,72661,73873,135821,140958,164669,188232,265821,298227,367798,385339,297561,336089,214406,278167,56389,106908,23210,23080,38311,46578,42366,65253,57329,92806,79617,94744,112058,126139,153923,200481,49327,93196,2275458,994961,309330,156003,772894,122033,25534
2021-05-23T23:59:59+02:00,72093,73286,134686,140074,163529,187239,264533,297139,366250,383945,297032,335496,214267,277987,56370,106876,22944,22863,37767,46025,41598,64554,56126,91795,78252,93429,110823,124693,153156,199501,49271,93071,2264065,986986,308773,153113,772850,120471,25411
2021-05-22T23:59:59+02:00,71303,72589,133176,139013,161081,185535,261580,294852,364026,381917,296558,334939,214121,277756,56346,106834,22569,22372,37169,45466,40959,64041,55489,91020,77537,92342,108918,122476,152796,199021,49252,93025,2246390,980400,308756,153112,772810,117088,23964
2021-05-21T23:59:59+02:00,69794,70931,130272,136434,157782,182222,256171,289943,358503,376639,295811,334046,213854,277394,56297,106743,22159,21935,36575,44717,40317,62982,54462,89546,75781,90045,105667,118436,151954,197946,49175,92882,2211063,967629,307132,152794,771243,110579,23689
2021-05-20T23:59:59+02:00,66328,67783,124514,131544,150541,175789,245869,281047,350244,368954,293660,331712,213196,276511,56191,106556,20681,20781,34400,42524,37954,60044,51479,85644,71880,85675,101871,114102,149725,195203,49029,92589,2153956,948797,300628,150894,765330,93187,20814
2021-05-19T23:59:59+02:00,63757,65257,119407,126726,142755,168836,236011,272077,339771,358076,291702,329527,212553,275600,56065,106318,20010,19841,33187,40973,36549,57953,49371,82771,68580,82073,98172,109825,146343,190749,48814,92176,2088893,925741,294436,148953,762400,83808,18993
2021-05-18T23:59:59+02:00,61335,63002,114544,122404,136061,162976,224547,261740,330483,348761,289446,326969,211784,274547,55937,106115,19404,19103,31989,39528,35214,56140,47473,80300,65497,78685,94457,105545,143403,187004,48640,91799,2029813,905850,285192,146122,758896,75284,17033
2021-05-17T23:59:59+02:00,60093,61844,112195,120344,133228,160215,217866,255570,323295,342038,287895,325236,211276,273805,55855,105948,18885,18546,30961,38515,34066,54864,45946,78478,63213,76223,89643,99711,142246,185456,48510,91537,2003368,894448,273062,138716,755563,68752,14992
2021-05-16T23:59:59+02:00,59200,61070,110759,119031,131479,158531,214759,252806,316059,335214,287073,324271,211001,273373,55809,105868,18537,18120,30226,37742,33213,53950,44840,77137,61920,74767,86210,95633,141644,184615,48442,91420,1988249,888501,262713,132013,752366,64752,13256
2021-05-15T23:59:59+02:00,58597,60378,109767,118064,130460,157372,212623,250722,312753,332241,286529,323661,210830,273125,55795,105813,18378,17936,29970,37436,32937,53512,44340,76465,61106,73838,85566,94781,141228,184049,48413,91384,1972249,883365,262700,131873,751503,63648,12559
2021-05-14T23:59:59+02:00,57148,58760,107443,115941,126793,153800,204073,243400,307177,326977,285732,322691,210579,272739,55754,105737,17808,17455,29193,36606,32186,52291,43215,74613,59515,71927,83785,92348,140710,183242,48384,91313,1935457,873874,261045,131021,746993,58273,11529
2021-05-13T23:59:59+02:00,54900,56502,103624,112754,122017,149641,193590,234395,297168,317577,283250,319806,209892,271752,55675,105564,16832,16946,28397,35923,31431,51383,42278,73542,57939,70237,79596,87505,138612,180465,48293,91125,1884454,861524,252573,124074,740824,54477,10534
2021-05-12T23:59:59+02:00,53831,55654,101699,111360,119965,147994,191057,232271,292228,311938,282538,319051,209677,271469,55644,105490,16631,16779,28088,35706,31051,51095,41835,73168,57366,69626,78278,85858,137955,179523,48218,90989,1861635,855974,250428,122348,740344,54211,9737
2021-05-11T23:59:59+02:00,51287,53964,97558,108174,114163,143183,177073,220538,281381,301659,279700,315712,208872,270249,55524,105239,16120,16077,27084,34278,29945,49305,40519,70834,55578,67391,75282,82322,136791,177934,48096,90677,1803503,843901,240815,119698,731938,46442,8296
2021-05-10T23:59:59+02:00,49834,52839,94934,106137,110949,140572,168212,213129,274133,294958,277829,313588,208366,269468,55421,105037,15721,15533,26330,33309,29173,48035,39496,68891,54304,65703,73261,79806,135796,176602,47994,90436,1768448,835172,234817,118666,725071,39313,7343
2021-05-09T23:59:59+02:00,48507,51906,92278,104430,108285,138820,163029,209541,268854,290138,276887,312504,208031,268998,55368,104907,15345,15260,25653,32653,28461,47218,38724,67924,53289,64749,72109,78415,135289,175885,47949,90328,1749458,830672,227775,117706,719161,34616,6361
2021-05-08T23:59:59+02:00,48153,51551,91406,103710,107241,137961,161506,208276,266483,288192,276454,312044,207925,268836,55356,104881,15228,15191,25531,32562,28313,47096,38530,67714,52880,64393,71100,77380,134389,174718,47910,90249,1737677,826124,227273,116969,718944,33842,6353
2021-05-07T23:59:59+02:00,47101,50721,89435,102377,104363,135664,156470,204169,260870,283066,275327,310685,207637,268422,55309,104780,14396,14621,24734,31844,27581,46019,37631,66420,51630,62818,68707,74539,132538,172324,47835,90108,1712314,816616,224111,114740,714834,27087,5406
2021-05-06T23:59:59+02:00,44137,48733,84549,98832,98317,130867,144952,194571,245823,269415,271014,305807,206563,266969,55162,104523,13617,14009,23821,30754,26594,44611,36227,64410,49852,60799,66154,71289,130765,170012,47742,89911,1647530,805728,214311,111670,704163,18775,4498
2021-05-05T23:59:59+02:00,42000,47342,80808,96218,93669,127111,136136,187176,231783,255733,265744,299570,205221,265266,54968,104081,13343,13664,23299,30044,25987,43660,35281,62970,48667,59344,63347,67946,128255,166807,47661,89706,1582124,793685,209286,108142,698251,14829,3429
2021-05-04T23:59:59+02:00,40685,46041,78045,93911,90113,124017,130085,181923,221082,245172,261202,294139,203995,263693,54796,103684,13151,13421,22906,29497,25523,42896,34543,61839,47483,57990,60512,64626,126225,164282,47545,89511,1533596,782013,204207,105540,692256,11716,2784
2021-05-03T23:59:59+02:00,39663,44825,75675,92054,87236,121654,125275,177970,214631,239171,258397,290795,203318,262749,54698,103429,12874,13105,22510,28930,25044,42173,33858,60855,46383,56791,57333,60671,123030,160184,47338,89145,1502156,766355,201107,103848,687386,8973,1149
2021-05-02T23:59:59+02:00,39248,44422,74457,91174,85764,120550,122649,175946,211761,236784,257611,289857,203075,262380,54638,103333,12793,13029,22322,28714,24816,41872,33520,60453,45894,56254,55564,58631,120665,157230,47264,89037,1491679,761428,198354,98346,683581,8094,291
2021-05-01T23:59:59+02:00,38873,44002,73669,90351,84678,119508,121155,174531,208733,233784,257029,289148,202898,262128,54629,103304,12775,13013,22273,28685,24760,41833,33452,60397,45813,56170,55311,58317,120531,157070,47255,89022,1476721,760132,198352,98309,683314,8049,288
2021-04-30T23:59:59+02:00,38226,43289,72451,89112,83191,117791,116697,170451,201914,226963,255384,287176,202506,261608,54579,103213,12411,12796,21945,28406,24483,41401,33133,59814,45327,55558,54334,57039,119717,156053,47212,88925,1444153,756492,198030,96336,682526,5731,96
2021-04-29T23:59:59+02:00,36504,42191,69481,87092,79610,115170,111148,165988,188606,214545,248774,279563,201550,260230,54472,102915,12071,12543,21470,27963,24067,40886,32531,59067,44499,54596,52370,54674,118137,154131,47128,88757,1389925,747783,190840,93688,677248,3443,77
2021-04-28T23:59:59+02:00,35106,41492,67599,85751,77089,113321,107582,162984,178308,204512,238897,268020,200457,258789,54313,102648,11868,12355,21168,27615,23718,40412,32101,58395,43716,53723,50058,51811,115887,151310,47028,88573,1337604,738379,187516,89184,671944,2222,53
2021-04-27T23:59:59+02:00,34213,40680,66005,84275,75118,111537,104711,160515,173494,199502,230744,258617,199550,257459,54213,102464,11731,12224,20883,27331,23491,40076,31715,57885,42992,52959,47822,49011,113581,148283,46934,88412,1303976,728656,185234,85209,664083,1513,52
2021-04-26T23:59:59+02:00,33694,40222,64899,83400,73615,110366,102220,158667,164527,190922,227294,254587,198988,256636,54140,102289,11625,12122,20674,27155,23256,39857,31404,57542,42322,52296,45863,46644,111976,146162,46855,88289,1275426,720813,183803,82144,657434,1135,50
2021-04-25T23:59:59+02:00,33390,39942,64102,82884,72536,109620,100415,157415,157939,184538,224469,251340,198467,255965,54086,102183,11562,12078,20595,27084,23166,39770,31289,57414,42148,52126,45389,46070,111386,145357,46832,88228,1262860,719147,177683,80390,648943,1008,49
2021-04-24T23:59:59+02:00,32969,39416,63151,81659,71352,108160,98800,155723,152641,178934,222244,248610,198084,255401,54055,102142,11548,12060,20550,27041,23116,39707,31201,57327,41994,51970,45137,45757,111169,145101,46815,88202,1238192,718084,177660,79698,647683,965,48
2021-04-23T23:59:59+02:00,32090,38677,61566,80125,69583,106095,96045,153011,147678,174190,218231,243660,197501,254554,54008,102042,11494,11996,20432,26956,22979,39550,30964,57116,41626,51621,44460,44934,110185,143888,46691,87986,1213522,714776,176491,77241,639234,914,47
2021-04-22T23:59:59+02:00,31358,37958,59985,78649,67074,103814,91371,149129,139633,166333,209782,233350,195812,252353,53838,101709,11345,11861,20186,26667,22622,39119,30434,56600,40845,50967,43215,43511,108334,141564,46520,87675,1172282,707411,169087,73317,630968,790,47
2021-04-21T23:59:59+02:00,30784,37365,58602,77493,65154,102184,88176,146315,131873,158718,197441,218790,194047,249960,53645,101342,11207,11760,19953,26425,22341,38794,30071,56153,40297,50440,42276,42389,106270,138896,46326,87339,1121198,700981,166217,69278,624660,731,47
2021-04-20T23:59:59+02:00,30276,36807,57417,76343,63464,100553,85476,143623,126339,153044,186430,205793,192043,247379,53453,100977,11096,11666,19729,26228,22055,38519,29650,55725,39765,49917,41388,41303,104126,136050,46068,86899,1078882,693538,162753,66045,617967,655,46
2021-04-19T23:59:59+02:00,29855,36391,56432,75516,62158,99350,83230,141574,122616,149398,180968,199192,190601,245497,53300,100698,10962,11560,19517,26011,21807,38245,29324,55322,39265,49392,40503,40281,101139,132180,45752,86317,1054565,683343,160933,63670,611463,619,45
2021-04-18T23:59:59+02:00,29496,36088,55638,74955,61005,98375,81220,140080,119119,146775,176181,193941,189753,244427,53213,100536,10878,11472,19325,25840,21634,38079,29111,55044,39017,49153,40123,39832,99957,130671,45610,86085,1040708,679528,159275,61750,601002,608,45
2021-04-17T23:59:59+02:00,29368,35992,55229,74743,60506,98018,80538,139449,118041,145729,172181,189317,189301,243839,53187,100481,10822,11395,19191,25651,21438,37854,28876,54751,38761,48907,39812,39476,99233,129792,45562,86019,1029879,675567,159252,61437,596971,591,45
2021-04-16T23:59:59+02:00,28929,35686,54217,74119,59231,97118,78818,138039,113614,141225,164860,180802,187919,241995,53100,100316,10588,11189,18793,25239,20871,37278,27701,53798,36683,47275,36555,36555,96336,126523,45241,85482,1004155,660936,158484,54659,587531,566,45
2021-04-15T23:59:59+02:00,28373,35153,52918,72913,57214,95333,75378,135021,107774,135468,157212,171976,183941,236904,52859,99795,10394,10993,18418,24799,20378,36642,26978,52967,35268,46018,34393,34453,93409,122929,44841,84791,972117,648095,156438,49117,569857,513,45
2021-04-14T23:59:59+02:00,27959,34756,51975,71961,55817,93902,72896,132754,103372,131245,148059,161499,176968,227916,52584,99242,9935,10680,17964,24293,19846,36002,26001,52043,34004,44899,32200,32127,90665,119490,44452,84091,934474,633416,153773,44914,554837,417,44
2021-04-13T23:59:59+02:00,27680,34496,51257,71398,54887,93071,71129,131246,98941,127053,136522,148490,171366,220524,52307,98752,9670,10475,17620,23875,19424,35471,25306,51237,32939,43887,30797,30724,88678,117276,44181,83647,901455,624424,149276,40542,538567,296,44
2021-04-12T23:59:59+02:00,27429,34264,50674,70876,54020,92330,69577,129871,95992,124330,129241,140226,168920,217456,52081,98329,9408,10256,17265,23582,19062,35019,24821,50708,32231,43247,29229,29133,87119,115408,43923,83220,885164,616095,147750,37304,522879,285,44
2021-04-11T23:59:59+02:00,27209,34081,50154,70459,53288,91861,68374,129014,93895,122569,122934,133321,166268,214210,51949,98082,9257,10106,16960,23301,18761,34716,24446,50323,31812,42883,28551,28427,86151,114209,43754,82956,877785,610864,143361,35528,506699,273,44
2021-04-10T23:59:59+02:00,27129,34012,49999,70334,53080,91706,68039,128732,93313,122036,120430,130282,165374,213006,51912,97992,8584,9425,16064,22541,17820,33857,23283,49267,30768,41941,27870,27696,84124,111645,43529,82574,870837,595620,142513,35150,504203,269,43
2021-04-09T23:59:59+02:00,26836,33722,49523,69851,52423,91010,66969,127535,91246,119778,111359,118964,162709,209511,51750,97707,7495,8420,14531,21180,16074,32293,21052,47254,28724,40023,26025,25831,80755,107544,43098,81892,851572,568341,135498,33647,494003,256,39
2021-04-08T23:59:59+02:00,26510,33447,48923,69343,51678,90297,65581,126404,88595,117231,100814,106654,157921,203555,51487,97225,6745,7755,13343,20139,14801,30934,19346,45496,26207,37663,23036,22797,76188,101889,42205,80452,833050,537104,126651,31715,476148,231,35
2021-04-07T23:59:59+02:00,26138,33182,48115,68898,50764,89679,64064,125328,85026,114305,91557,96105,151795,195791,51242,96742,6323,7383,12662,19447,13972,30109,18280,44389,24202,35665,20492,20264,72344,97167,41412,79132,812812,513846,121087,29252,455015,198,33
2021-04-06T23:59:59+02:00,25882,32993,47610,68518,50191,89145,62937,124503,82656,112215,83292,86639,146409,188973,50972,96207,6107,7204,12305,19097,13633,29664,17715,43808,23318,34880,19364,19172,69148,93004,40689,78019,793643,500656,117892,26339,437788,185,33
2021-04-05T23:59:59+02:00,25763,32850,47301,68166,49804,88739,62351,123785,81298,110887,78311,80932,142247,183777,50803,95952,5954,7044,12028,18845,13347,29350,17389,43432,22881,34433,18881,18664,66176,89309,40188,77212,784277,491453,116151,23553,422718,181,31
2021-04-04T23:59:59+02:00,25714,32782,47172,67888,49626,88418,62078,123269,80731,110230,76868,79173,141644,182938,50775,95885,5951,7035,12015,18837,13336,29334,17374,43410,22743,34343,18494,18314,64698,87414,40055,77009,781761,486694,116054,23551,417558,173,29
2021-04-03T23:59:59+02:00,25642,32695,47050,67775,49466,88241,61724,122924,80176,109627,75397,77409,140695,181601,50707,95762,5943,7026,11999,18821,13313,29311,17335,43365,22639,34260,18350,18167,64341,86839,39993,76898,775429,484933,116016,23551,415629,173,28
2021-04-02T23:59:59+02:00,25556,32601,46888,67612,49231,87978,61215,122449,79280,108760,73658,75252,138678,178958,50553,95476,5921,6987,11955,18780,13259,29230,17239,43183,22362,33797,17972,17811,61889,83807,39359,76004,766368,476525,114247,22915,413713,173,27
2021-04-01T23:59:59+02:00,25320,32337,46464,67105,48585,87215,60325,121494,77357,107067,69680,70894,135439,174803,50308,95023,5745,6802,11700,18542,13034,29007,16915,42862,21851,33342,17116,17016,56897,77478,38017,73994,754774,458671,108212,21550,406613,158,24
2021-03-31T23:59:59+02:00,24964,32073,46049,66586,48105,86571,59577,120493,76180,105831,67353,68187,131071,169158,49976,94424,5659,6745,11596,18418,12886,28860,16654,42562,21228,32817,15937,16094,51594,70820,36926,72418,745094,440512,101128,20609,400560,155,23
2021-03-30T23:59:59+02:00,24771,31805,45639,65957,47609,85765,58839,119401,75033,104464,65233,65855,127024,163745,49604,93669,5588,6650,11491,18296,12687,28678,16313,42227,20646,32250,15070,15271,48758,67257,36039,70901,734972,428785,96930,19277,392697,125,19
2021-03-29T23:59:59+02:00,24538,31517,45176,65409,47129,85059,58082,118280,73759,103024,62214,62311,120918,155914,48985,92514,5489,6577,11395,18191,12526,28511,16067,41888,20177,31782,14412,14720,46013,64015,35182,69424,714587,417670,93518,18654,386910,109,19
2021-03-28T23:59:59+02:00,24291,31170,44680,64723,46623,84322,57389,117271,72825,101914,60285,60107,116924,150735,48626,91889,5429,6507,11248,18046,12272,28205,15898,41666,20009,31554,14170,14484,44883,62512,34928,69020,708097,413422,86238,17382,379625,91,19
2021-03-27T23:59:59+01:00,24154,30978,44394,64358,46244,83782,56880,116580,72096,101167,59182,59020,115542,149138,48577,91828,5416,6495,11218,18025,12253,28175,15491,41175,19640,31163,13889,14287,44291,61637,34581,68411,702886,409400,85542,16730,375677,81,19
2021-03-26T23:59:59+01:00,23858,30309,43552,62685,45292,81708,55488,113395,70084,97835,57034,57031,113056,146114,48322,91410,5395,6457,11194,17975,12181,28081,15408,41063,19273,30523,13410,13672,40774,57181,33063,65861,691586,394992,82247,16514,363522,69,19
2021-03-25T23:59:59+01:00,23396,29481,42640,60891,44198,79110,53895,109774,67714,94294,54327,54312,109993,142347,47872,90603,5344,6396,11101,17867,12060,27943,15225,40831,18980,30211,12907,13151,36345,51283,30784,62351,680229,376855,78060,15922,346740,65,18
2021-03-24T23:59:59+01:00,22922,28935,41878,59622,43198,77579,52428,107804,65642,92022,51406,51262,106022,137481,47353,89705,5282,6323,11004,17723,11890,27740,14983,40522,18615,29810,12449,12686,33232,47266,28289,58405,667508,361399,73205,14824,334729,62,15
2021-03-23T23:59:59+01:00,22643,28551,41289,58719,42493,76474,51349,106245,63974,90183,49076,48802,103386,134485,46921,88996,5216,6247,10905,17590,11741,27558,14725,40203,18200,29407,11934,12203,30288,43376,25233,53388,659507,343984,69872,14236,324389,60,14
2021-03-22T23:59:59+01:00,22358,28068,40670,57839,41832,75432,50356,104810,62487,88568,47196,46885,101126,131841,46551,88348,5143,6192,10830,17462,11606,27391,14560,39966,17956,29089,11631,11836,27916,40267,21901,47879,653278,327944,67077,13688,314193,59,14
2021-03-21T23:59:59+01:00,22193,27737,40168,57085,41296,74575,49693,103648,61538,87385,46109,45818,99563,130054,46249,87850,5128,6183,10794,17412,11558,27303,14502,39874,17871,28986,11508,11712,27456,39764,21601,47394,650721,325782,65056,13276,305362,54,13
2021-03-20T23:59:59+01:00,22122,27554,39957,56568,41054,74045,49374,102981,61088,86807,45387,44999,97060,126891,46005,87421,5119,6176,10783,17401,11531,27286,14457,39834,17777,28902,11348,11550,26733,38897,20948,46422,644290,322089,64612,13087,300588,54,13
2021-03-19T23:59:59+01:00,21697,26826,38795,54495,39779,72056,47536,100834,58113,84022,40889,41084,92168,121350,45450,86533,5098,6163,10751,17340,11467,27180,14369,39654,17523,28597,11007,11282,24773,36468,19599,44281,626626,312848,57427,12725,287747,44,13
2021-03-18T23:59:59+01:00,21233,25999,37547,52339,38241,69142,45260,96165,54249,78550,36863,37252,87638,116041,44581,85154,5072,6125,10684,17238,11387,27025,14218,39459,17305,28409,10766,11095,23264,34540,18197,42138,609806,304831,51698,12116,264918,39,13
2021-03-17T23:59:59+01:00,20756,25582,36825,51410,37464,68186,44133,94720,52428,76753,34039,34275,83837,111365,43797,83926,5042,6095,10623,17142,11318,26886,14098,39271,17088,28219,10545,10874,21788,32810,16872,40095,593241,297380,47314,11412,259106,36,13
2021-03-16T23:59:59+01:00,20347,25083,36055,50335,36665,66966,42947,93026,50577,74799,31814,32172,79985,106559,43080,82835,4985,6037,10551,17012,11227,26729,14001,39030,16943,27992,10377,10693,20288,31004,15645,38104,580222,289669,42634,10978,250552,34,11
2021-03-15T23:59:59+01:00,20023,24637,35329,49360,35880,65726,42011,91534,49300,73237,30065,30276,76750,102507,42540,81889,4961,5993,10487,16887,11155,26526,13881,38736,16795,27727,10209,10535,19372,29805,14610,36512,569172,283904,39322,10330,242741,31,0
2021-03-14T23:59:59+01:00,19705,24102,34429,48147,35015,64402,40908,89639,48104,71613,28870,29029,74792,99979,42193,81335,4935,5970,10436,16805,11097,26376,13824,38509,16704,27585,10134,10449,19188,29502,14364,35985,562093,282720,37460,9196,232877,21,0
2021-03-13T23:59:59+01:00,18783,22947,32957,46260,33506,62370,38821,86598,46102,69350,27602,27718,72811,97390,42015,81061,4935,5970,10434,16800,11092,26369,13819,38503,16699,27577,10087,10408,18318,28426,13463,34736,545787,278493,37175,9195,223488,21,0
2021-03-12T23:59:59+01:00,17493,21332,30438,43595,30894,59134,35837,81537,42987,65184,24797,24575,68542,92082,41281,79965,4923,5934,10415,16739,11073,26314,13774,38386,16601,27423,9818,10207,17274,26968,12577,33454,517868,272747,35865,9185,206096,18,0
2021-03-11T23:59:59+01:00,16264,19583,28177,40965,28617,55865,33134,77017,39253,60465,21408,21076,62533,84672,39753,77665,4876,5890,10338,16622,10962,26073,13651,38069,16427,27147,9524,9988,16600,26065,11981,32277,485965,268792,34278,7753,186352,15,0
2021-03-10T23:59:59+01:00,15580,18727,26690,39349,27016,54026,31526,74584,36634,57386,18715,18556,56569,77348,38550,75810,4833,5830,10239,16450,10848,25811,13496,37642,16221,26810,9296,9805,15775,25179,11429,31382,459671,264086,32242,7018,175299,12,0
2021-03-09T23:59:59+01:00,15243,18158,25480,38318,25674,52811,30442,72880,35255,55627,17550,17469,52997,72761,37649,74302,4802,5792,10157,16274,10738,25553,13332,37321,16065,26594,9169,9700,15050,24261,11015,30713,446170,260408,29724,6185,166859,12,0
2021-03-08T23:59:59+01:00,14852,17457,24313,37235,24472,51644,29489,71349,34029,54074,16470,16619,48749,67496,36680,72692,4786,5738,10091,16073,10633,25296,13193,36961,15947,26361,9098,9611,14496,23604,10765,30341,430753,257265,27719,5795,159283,3,0
2021-03-07T23:59:59+01:00,14586,17094,23697,36390,23756,50748,28910,70470,33465,53401,16214,16378,47610,65953,36416,72260,4772,5723,10072,16032,10605,25208,13160,36789,15891,26269,9078,9577,14282,23322,10653,30175,426029,256219,25911,5457,155541,0,0
2021-03-06T23:59:59+01:00,14450,16727,23266,35677,23231,49920,27801,68841,32400,51750,15908,16141,46895,64934,36208,71937,4768,5703,10060,16011,10590,25174,13150,36747,15873,26238,9058,9540,14235,23281,10555,29971,421983,255846,25848,5176,148386,0,0
2021-03-05T23:59:59+01:00,13978,16007,22574,34516,22566,48643,27015,67164,31173,49405,15285,15388,42980,59992,34598,69200,4738,5642,9990,15913,10535,25026,13083,36551,15790,26037,8963,9484,14044,23061,10209,29386,406832,254178,24401,4342,139376,0,0
2021-03-04T23:59:59+01:00,13119,14821,21365,32809,21379,46566,25601,64392,29540,47310,14573,14672,38350,53891,32256,65567,4687,5538,9881,15617,10439,24662,12951,36028,15647,25685,8807,9350,13884,22845,10139,29256,388444,251232,22332,4251,125558,0,0
2021-03-03T23:59:59+01:00,12761,14235,20666,31604,20609,45184,24671,62635,28561,45805,14107,14199,35205,49763,29775,61669,4643,5462,9798,15438,10359,24409,12843,35593,15455,25376,8655,9231,13750,22616,10008,29006,373047,248619,21563,4090,116958,0,0
2021-03-02T23:59:59+01:00,12462,13725,20018,30647,19897,44151,23869,61228,27631,44601,13482,13589,31992,45564,26516,56356,4589,5379,9736,15273,10290,24130,12744,35163,15353,25095,8537,9135,13607,22422,9944,28879,354933,246252,20112,4089,110798,0,0
2021-03-01T23:59:59+01:00,12250,13383,19504,29827,19345,43301,23278,60140,26949,43527,13078,13152,29341,42170,22911,50378,4566,5318,9685,15111,10222,23830,12664,34750,15254,24824,8460,9081,13410,22125,9853,28733,337811,243862,19054,4089,105782,0,0
2021-02-28T23:59:59+01:00,12049,13139,19017,29178,18842,42532,22784,59294,26479,42779,12879,12944,28712,41456,22567,49860,4547,5303,9665,15079,10201,23778,12647,34683,15227,24789,8436,9056,13269,21921,9804,28615,335402,243030,18197,4055,101023,0,0
2021-02-27T23:59:59+01:00,11826,12491,18700,28373,18588,41753,22497,58271,26151,42055,12613,12661,27927,40509,21788,48611,4536,5290,9641,15060,10169,23717,12608,34609,15188,24723,8418,9040,13257,21906,9803,28611,331500,242686,17477,3955,95946,0,0
2021-02-26T23:59:59+01:00,10917,11557,17832,26914,17809,39460,21545,55338,24681,39461,12247,12373,26068,38176,20571,46685,4445,5204,9566,14906,10099,23447,12523,34234,15071,24469,8343,8969,13191,21826,9768,28555,322419,240798,17224,3882,82097,0,0
2021-02-25T23:59:59+01:00,9633,10547,16514,25296,16558,37141,20253,52322,23036,36927,11854,12085,24566,36234,19345,44794,4314,5036,9393,14588,9888,22801,12261,33373,14762,23900,8161,8825,12925,21474,9649,28330,314815,236702,16457,3042,65937,0,0
2021-02-24T23:59:59+01:00,9193,9921,15879,24255,15941,35867,19505,50766,22264,35875,11497,11770,23031,34391,17930,42558,4229,4937,9253,14303,9711,22330,12064,32741,14502,23411,8031,8695,12788,21300,9592,28138,306600,233954,15496,2133,58649,0,0
2021-02-23T23:59:59+01:00,8628,9327,15074,23098,15282,34613,18751,49350,21577,34925,11231,11471,21439,32489,16600,40368,4186,4851,9124,14077,9573,21910,11870,32166,14194,22965,7885,8554,12670,21089,9531,27922,298522,231153,14698,1475,51103,0,0
2021-02-22T23:59:59+01:00,8489,9067,14688,22478,14927,33886,18276,48307,21107,34267,11052,11231,20493,31228,15512,38701,4152,4726,8977,13773,9402,21381,11603,31421,13815,22423,7674,8374,12473,20838,9443,27636,292692,227870,14088,301,47028,0,0
2021-02-21T23:59:59+01:00,8382,8892,14351,22037,14515,33305,17851,47621,20696,33843,10952,11141,20325,31002,15285,38389,4104,4672,8898,13641,9325,21161,11530,31126,13701,22174,7613,8323,12410,20726,9382,27485,291560,226042,13719,288,43405,0,0
2021-02-20T23:59:59+01:00,8248,8835,14235,21952,14400,33180,17727,47450,20541,33680,10846,11053,19428,29904,14368,37117,4101,4666,8890,13632,9314,21140,11515,31099,13688,22168,7610,8315,12338,20650,9339,27433,287320,225670,13523,287,42217,0,0
2021-02-19T23:59:59+01:00,7910,8546,13888,21502,14023,32484,17243,46644,19794,32811,10315,10720,18215,28357,13408,35754,4009,4641,8824,13604,9271,21077,11483,31004,13623,22083,7568,8259,12093,20337,9175,27146,280954,223970,13148,286,37604,0,0
2021-02-18T23:59:59+01:00,7456,7943,13264,20386,13385,31077,16405,44694,18947,31405,10141,10539,17559,27522,12913,34975,3801,4453,8484,13057,8979,20309,11132,29950,13269,21354,7363,7943,11462,19306,8750,26121,277402,215506,12568,285,28731,0,0
2021-02-17T23:59:59+01:00,7257,7505,12813,19508,12877,29835,15699,42890,18334,30268,9937,10317,16694,26566,12265,33943,3522,4236,8140,12552,8691,19473,10747,28872,12899,20620,7138,7710,10854,18373,8381,25415,272726,207396,11837,283,22233,0,0
2021-02-16T23:59:59+01:00,6861,7126,12296,18655,12381,28706,15150,41516,17767,29355,9796,10214,15965,25649,11837,33260,3313,4082,7836,12084,8381,18722,10337,27758,12461,19821,6878,7405,10074,17106,7739,24011,269171,197935,11341,129,16107,0,0
2021-02-15T23:59:59+01:00,6737,6884,12003,18022,12109,27902,14788,40512,17441,28661,9678,10113,15344,24927,11554,32802,3213,3974,7638,11748,8163,18206,10029,26906,12116,19178,6602,7129,9337,15948,7290,22879,266081,190328,10738,84,12743,0,0
2021-02-14T23:59:59+01:00,6445,6743,11763,17744,11889,27457,14557,40066,17255,28421,9636,10064,15091,24556,11413,32447,3158,3927,7522,11583,8030,18001,9857,26557,11944,18904,6495,6997,9116,15544,7128,22385,265081,187119,9802,84,10747,0,0
2021-02-13T23:59:59+01:00,6373,6697,11722,17713,11858,27425,14533,40037,17237,28399,9623,10039,15062,24529,11406,32432,3153,3922,7515,11578,8020,17981,9839,26522,11914,18863,6472,6965,8950,15311,6790,21784,264847,185627,9801,7,10520,0,0
2021-02-12T23:59:59+01:00,5775,6334,11200,17342,11553,26877,14211,39369,16922,27803,9523,9965,14869,24304,11344,32340,3097,3875,7422,11424,7914,17731,9682,26133,11704,18422,6291,6743,8566,14704,6240,20519,263159,180516,9791,6,6863,0,0
2021-02-11T23:59:59+01:00,5244,5966,10646,16672,11138,26023,13722,38119,16454,27025,9231,9718,14584,23849,11090,31693,2899,3503,6786,10200,7240,15926,8801,23462,10666,16559,5676,6063,7479,12922,5529,18436,259975,162195,8154,3,3126,0,0
2021-02-10T23:59:59+01:00,4970,5754,10296,16216,10843,25478,13382,37191,16062,26360,9042,9590,14410,23634,11003,31500,2477,3105,5848,8723,6438,13797,7793,20519,9608,14793,5162,5491,6434,11165,4872,16571,257324,142838,7660,1,828,0,0
2021-02-09T23:59:59+01:00,4894,5629,10173,15943,10736,25067,13204,36548,15851,25934,8866,9461,14210,23421,10885,31297,2038,2643,5049,7456,5657,11944,6880,17953,8553,13044,4607,4846,5350,9488,4244,14701,254890,124491,6883,1,426,0,0
2021-02-08T23:59:59+01:00,4852,5559,10085,15719,10623,24701,13084,36055,15718,25636,8778,9399,13991,23104,10800,31145,1835,2367,4482,6452,5000,10291,6039,15379,7556,11419,4091,4317,4321,7800,3588,12824,252537,107795,6369,1,421,0,0
2021-02-07T23:59:59+01:00,4664,5479,9945,15585,10523,24523,12997,35788,15616,25468,8743,9355,13837,22894,10741,31034,1588,2051,4060,5792,4599,9378,5602,14211,7089,10556,3849,4069,4094,7396,3450,12274,251443,100089,5825,1,0,0,0
2021-02-06T23:59:59+01:00,4655,5466,9933,15570,10509,24483,12977,35739,15598,25417,8725,9338,13815,22861,10641,30840,1406,1803,3833,5515,4419,8922,5376,13607,6808,10035,3730,3964,3972,7238,3179,11831,251101,95668,5542,1,0,0,0
2021-02-05T23:59:59+01:00,4573,5381,9864,15431,10444,24213,12885,35364,15485,25164,8647,9270,13743,22781,10297,30254,1241,1517,3548,5087,4154,8327,5067,12812,6412,9355,3490,3741,3814,6998,2696,10980,249219,89267,4651,0,0,0,0
2021-02-04T23:59:59+01:00,4506,5229,9735,15105,10279,23631,12685,34559,15275,24681,8531,9161,13509,22469,10203,30082,917,1071,2692,3816,3244,6531,4073,10192,5111,7382,2863,3068,3218,5973,2349,9599,245286,72119,4428,0,0,0,0
2021-02-03T23:59:59+01:00,4428,5134,9620,14884,10174,23259,12549,34026,15122,24300,8425,9038,13350,22260,10134,29870,755,835,2029,2883,2505,5044,3115,7808,3889,5586,2071,2222,2365,4476,1718,7225,242387,54541,4260,0,0,0,0
2021-02-02T23:59:59+01:00,4356,5027,9518,14676,10071,22857,12396,33444,14921,23898,8318,8917,13227,22044,10056,29618,599,654,1532,2128,1919,3798,2347,5942,2885,4183,1458,1490,1612,2978,1195,4808,239158,39539,4258,0,0,0,0
2021-02-01T23:59:59+01:00,4311,4916,9427,14438,9964,22434,12256,32795,14740,23446,8204,8782,13129,21907,10012,29451,455,469,1050,1466,1266,2526,1506,3849,1789,2664,913,949,967,1824,683,2775,236026,25159,4258,0,0,0,0
2021-01-31T23:59:59+01:00,4289,4868,9373,14324,9892,22230,12188,32491,14648,23270,8150,8730,13076,21791,9973,29332,415,432,920,1271,1082,2138,1299,3270,1561,2360,826,860,862,1630,620,2491,234549,22042,4147,0,0,0,0
2021-01-30T23:59:59+01:00,4289,4865,9363,14311,9876,22205,12176,32472,14635,23260,8148,8725,13010,21715,9932,29284,397,400,855,1186,1028,2012,1230,3080,1490,2236,803,836,843,1590,607,2442,234235,21039,4102,0,0,0,0
2021-01-29T23:59:59+01:00,4219,4851,9313,14278,9844,22153,12146,32398,14588,23198,8126,8698,12799,21455,9779,29082,320,299,732,1009,883,1637,1077,2692,1284,1944,724,750,794,1534,592,2396,233021,18669,3977,0,0,0,0
2021-01-28T23:59:59+01:00,4083,4729,9108,13883,9627,21630,11901,31814,14278,22754,7996,8603,12324,20760,9480,28586,152,81,291,376,375,634,469,1173,594,865,390,419,469,891,338,1449,228248,8966,3378,0,0,0,0
2021-01-27T23:59:59+01:00,3823,4547,8804,13472,9328,20971,11522,30969,13904,22095,7789,8393,11727,19871,9121,27935,93,51,199,230,245,433,308,816,427,594,293,305,346,660,255,1061,221559,6316,2778,0,0,0,0
2021-01-26T23:59:59+01:00,3636,4420,8519,13112,9066,20388,11206,30186,13511,21540,7569,8170,11094,18878,8546,26886,88,47,185,220,227,393,294,759,394,544,281,279,316,587,233,945,214856,5792,1937,0,0,0,0
2021-01-25T23:59:59+01:00,3537,4286,8220,12616,8771,19658,10805,29174,13032,20851,7323,7978,10427,17965,8155,26110,79,37,164,196,197,334,251,633,344,452,242,238,264,504,188,767,208576,4890,396,0,0,0,0
2021-01-24T23:59:59+01:00,3488,4258,8135,12534,8699,19534,10693,28998,12907,20695,7289,7939,10358,17856,8113,26018,78,35,160,192,195,321,249,612,335,439,234,235,262,496,184,753,207279,4780,298,0,0,0,0
2021-01-23T23:59:59+01:00,3486,4256,8135,12533,8695,19525,10692,28986,12899,20690,7285,7938,10221,17673,7798,25451,78,35,160,192,194,320,247,612,334,439,234,235,262,496,184,753,206029,4775,297,0,0,0,0
2021-01-22T23:59:59+01:00,3415,4204,8011,12420,8614,19374,10584,28826,12827,20583,7255,7908,9993,17328,7312,24472,78,35,159,192,194,320,247,612,333,439,234,235,262,496,184,753,202892,4773,297,0,0,0,0
2021-01-21T23:59:59+01:00,3303,3959,7495,11494,8144,18203,10027,27166,12241,19490,6989,7605,9293,16244,6868,23543,71,32,143,176,178,287,222,537,294,402,211,208,229,409,157,633,191827,4189,297,0,0,0,0
2021-01-20T23:59:59+01:00,2881,3507,6607,10047,7392,16156,9043,24288,11169,17659,6425,6943,8134,14380,6175,21531,70,32,142,170,175,286,214,520,283,383,200,200,220,383,147,598,172096,4023,294,0,0,0,0
2021-01-19T23:59:59+01:00,2380,3033,5689,8663,6512,14170,8018,21430,9925,15642,5690,6052,6697,12008,5286,18774,46,22,95,124,118,176,151,353,182,271,122,112,141,262,99,441,149802,2715,213,0,0,0,0
2021-01-18T23:59:59+01:00,2062,2627,4898,7249,5550,11819,6791,17724,8535,13242,4846,5179,5266,9588,4343,15588,25,11,36,46,54,84,66,155,68,134,59,53,61,140,56,208,125261,1256,90,0,0,0,0
2021-01-17T23:59:59+01:00,1745,2250,4377,6473,5050,10630,6247,16115,7903,12094,4519,4838,4898,8895,4047,14646,11,3,6,14,15,32,19,44,25,49,25,23,15,36,12,42,114677,371,88,0,0,0,0
2021-01-16T23:59:59+01:00,1549,1992,4164,6180,4869,10155,5981,15427,7574,11442,4350,4645,4687,8603,3705,14068,0,0,0,0,2,3,0,0,1,2,0,1,0,0,0,2,109423,11,5,0,0,0,0
2021-01-15T23:59:59+01:00,1377,1709,3907,5776,4611,9570,5690,14561,7157,10679,4071,4379,4503,8281,3194,13064,0,0,0,0,0,0,0,0,0,0,0,0,0,0,0,1,102560,1,3,0,0,0,0
2021-01-14T23:59:59+01:00,1043,1281,3133,4564,3755,7665,4705,11743,5771,8566,3320,3544,3802,7015,2766,11389,0,0,0,0,0,0,0,0,0,0,0,0,0,0,0,0,84089,0,0,0,0,0,0
2021-01-13T23:59:59+01:00,884,1079,2635,3800,3156,6381,3926,9677,4656,6894,2444,2641,2885,5351,2120,8666,0,0,0,0,0,0,0,0,0,0,0,0,0,0,0,0,67218,0,0,0,0,0,0
2021-01-12T23:59:59+01:00,739,909,2203,3109,2590,5185,3156,7812,3649,5395,1735,1798,1980,3674,1504,5943,0,0,0,0,0,0,0,0,0,0,0,0,0,0,0,0,51400,0,0,0,0,0,0
2021-01-11T23:59:59+01:00,590,731,1831,2507,2078,4153,2422,5873,2689,3900,1094,1098,1180,2171,827,3358,0,0,0,0,0,0,0,0,0,0,0,0,0,0,0,0,36517,0,0,0,0,0,0
2021-01-10T23:59:59+01:00,517,628,1558,2063,1731,3400,1995,4854,2235,3283,977,980,1036,1906,737,2941,0,0,0,0,0,0,0,0,0,0,0,0,0,0,0,0,30853,0,0,0,0,0,0
2021-01-09T23:59:59+01:00,482,567,1429,1887,1585,3091,1831,4391,2060,2998,908,915,980,1853,722,2903,0,0,0,0,0,0,0,0,0,0,0,0,0,0,0,0,28612,0,0,0,0,0,0
2021-01-08T23:59:59+01:00,365,415,1173,1516,1313,2417,1504,3603,1708,2464,789,810,895,1725,684,2772,0,0,0,0,0,0,0,0,0,0,0,0,0,0,0,0,24161,0,0,0,0,0,0
2021-01-07T23:59:59+01:00,172,113,405,524,476,820,611,1414,757,1074,448,475,562,1060,415,1764,0,0,0,0,0,0,0,0,0,0,0,0,0,0,0,0,11090,0,0,0,0,0,0
2021-01-06T23:59:59+01:00,130,67,266,293,309,530,410,961,521,739,338,357,422,821,324,1332,0,0,0,0,0,0,0,0,0,0,0,0,0,0,0,0,7820,0,0,0,0,0,0
2021-01-05T23:59:59+01:00,100,51,190,239,242,444,326,843,446,637,326,341,406,786,318,1279,0,0,0,0,0,0,0,0,0,0,0,0,0,0,0,0,6974,0,0,0,0,0,0
2021-01-04T23:59:59+01:00,83,41,169,199,200,350,257,636,356,469,247,252,285,558,210,857,0,0,0,0,0,0,0,0,0,0,0,0,0,0,0,0,5169,0,0,0,0,0,0
2021-01-03T23:59:59+01:00,81,37,163,194,196,334,256,622,346,453,242,249,281,546,208,840,0,0,0,0,0,0,0,0,0,0,0,0,0,0,0,0,5048,0,0,0,0,0,0
2021-01-02T23:59:59+01:00,81,37,163,194,196,334,254,622,344,453,242,249,281,546,208,840,0,0,0,0,0,0,0,0,0,0,0,0,0,0,0,0,5044,0,0,0,0,0,0
2021-01-01T23:59:59+01:00,81,37,162,194,196,333,254,622,342,451,242,249,281,545,208,840,0,0,0,0,0,0,0,0,0,0,0,0,0,0,0,0,5037,0,0,0,0,0,0
2020-12-31T23:59:59+01:00,81,37,162,192,196,332,253,621,341,450,242,249,281,545,208,840,0,0,0,0,0,0,0,0,0,0,0,0,0,0,0,0,5030,0,0,0,0,0,0
2020-12-30T23:59:59+01:00,80,37,162,190,194,330,253,620,341,448,242,249,281,545,208,840,0,0,0,0,0,0,0,0,0,0,0,0,0,0,0,0,5020,0,0,0,0,0,0
2020-12-29T23:59:59+01:00,56,24,115,144,147,224,184,446,240,346,159,159,199,412,152,654,0,0,0,0,0,0,0,0,0,0,0,0,0,0,0,0,3661,0,0,0,0,0,0
2020-12-28T23:59:59+01:00,29,17,65,77,83,127,103,254,112,209,92,92,102,218,93,364,0,0,0,0,0,0,0,0,0,0,0,0,0,0,0,0,2037,0,0,0,0,0,0
2020-12-27T23:59:59+01:00,14,8,17,24,37,53,35,84,35,83,32,28,36,80,30,137,0,0,0,0,0,0,0,0,0,0,0,0,0,0,0,0,733,0,0,0,0,0,0
