Datum,<15_1_m,<15_1_w,15-24_1_m,15-24_1_w,25-34_1_m,25-34_1_w,35-44_1_m,35-44_1_w,45-54_1_m,45-54_1_w,55-64_1_m,55-64_1_w,65-74_1_m,65-74_1_w,75-84_1_m,75-84_1_w,>84_1_m,>84_1_w,<15_2_m,<15_2_w,15-24_2_m,15-24_2_w,25-34_2_m,25-34_2_w,35-44_2_m,35-44_2_w,45-54_2_m,45-54_2_w,55-64_2_m,55-64_2_w,65-74_2_m,65-74_2_w,75-84_2_m,75-84_2_w,>84_2_m,>84_2_w,bp_1,bp_2,mo_1,mo_2,az_1,az_2,ja,unb_1,unb_2
2021-11-22T23:59:59+01:00,65940,62540,350684,329075,455934,417152,456530,442485,509079,513147,546026,543313,362019,404364,250667,322147,73866,136053,46814,44265,298516,285019,403625,368818,413561,401682,471294,476046,517853,515960,350741,391151,244011,312764,71172,130273,4555128,4124574,539964,515321,809620,766504,337941,787,792
2021-11-21T23:59:59+01:00,64983,61606,350002,328489,455151,416379,455877,441938,508550,512628,545603,542860,361806,404067,250570,321999,73830,135977,46697,44153,298041,284670,403049,368403,413067,401292,470906,475706,517562,515705,350613,391003,243953,312660,71156,130239,4546779,4120172,539737,515158,809604,766494,337826,787,792
2021-11-20T23:59:59+01:00,64301,60987,349312,327965,454427,415692,455192,441435,508101,512208,545294,542520,361691,403919,250526,321928,73819,135950,46637,44073,297727,284417,402621,368130,412718,401046,470602,475469,517377,515570,350565,390932,243933,312633,71151,130236,4540076,4117332,539475,515043,809600,766490,337747,787,792
2021-11-19T23:59:59+01:00,63040,59719,347833,326631,453121,414389,454069,440337,507201,511292,544680,541870,361454,403640,250437,321804,73794,135894,46395,43828,296815,283788,401712,367432,411937,400439,469906,474927,516915,515246,350452,390783,243877,312562,71138,130217,4526564,4110276,539074,514788,809595,766481,337599,787,792
2021-11-18T23:59:59+01:00,61410,58145,345844,324815,451267,412287,452468,438674,505896,509980,543801,540901,361034,403134,250274,321518,73759,135765,45901,43347,295477,282641,400358,366328,410777,399451,468948,474042,516147,514675,350208,390481,243747,312373,71096,130144,4507122,4098690,538562,514430,809588,766472,337324,787,792
2021-11-17T23:59:59+01:00,60392,57137,344155,323380,449611,410549,451096,437325,504735,508917,542962,539980,360659,402680,250121,321246,73700,135625,45606,43051,294598,281873,399326,365446,409967,398715,468197,473371,515558,514168,349982,390187,243645,312190,71070,130062,4491078,4090045,538136,514179,809575,766461,337102,787,792
2021-11-16T23:59:59+01:00,59470,56293,342263,321857,447675,408746,449566,435869,503511,507747,542075,539090,360284,402219,249940,320940,73637,135491,45334,42800,293782,281193,398448,364652,409242,398089,467594,472774,515048,513724,349764,389930,243495,312016,71040,129981,4474268,4082471,537647,513945,809568,766456,336810,787,791
2021-11-15T23:59:59+01:00,58631,55511,340107,320124,445502,406817,447947,434389,502238,506527,541175,538213,359932,401831,249782,320707,73599,135392,45125,42625,293020,280616,397659,364012,408595,397534,467089,472281,514655,513360,349574,389711,243397,311858,71005,129887,4456698,4076107,537307,513738,809551,766448,336486,787,790
2021-11-14T23:59:59+01:00,57732,54631,338283,318756,443722,405194,446598,433218,501171,505522,540429,537545,359678,401534,249676,320555,73571,135322,44919,42419,292368,280093,396970,363406,408063,397044,466624,471859,514326,513023,349379,389561,243322,311755,70985,129855,4442082,4070524,536957,513597,809527,766438,336188,787,790
2021-11-13T23:59:59+01:00,57217,54159,336788,317512,442315,403995,445484,432282,500303,504809,539904,537124,359566,401397,249625,320489,73554,135306,44833,42349,292056,279816,396675,363143,407818,396826,466393,471661,514173,512887,349328,389507,243296,311718,70980,129845,4431132,4068106,536781,513522,809514,766434,336018,787,790
2021-11-12T23:59:59+01:00,56388,53333,334179,315404,440117,402167,443752,430719,498969,503524,539007,536376,359376,401144,249528,320345,73529,135275,44637,42134,291291,279209,395958,362562,407199,396331,465869,471220,513805,512602,349219,389374,243256,311655,70964,129822,4413135,4062404,536384,513340,809508,766421,335718,787,790
2021-11-11T23:59:59+01:00,55207,52125,330699,312652,437054,399366,441215,428472,497034,501722,537744,535231,358974,400654,249368,320089,73481,135179,44180,41682,290225,278300,395034,361609,406362,395517,465182,470500,513248,512107,348999,389137,243141,311492,70930,129744,4387647,4053657,535618,512985,809490,766403,335120,787,789
2021-11-10T23:59:59+01:00,54421,51465,327977,310476,434272,396967,439118,426640,495378,500188,536627,534167,358608,400210,249206,319835,73437,135078,43920,41401,289409,277547,394194,360819,405685,394847,464582,469902,512770,511660,348753,388874,243000,311322,70897,129675,4366545,4046375,535139,512756,809462,766374,334528,787,789
2021-11-09T23:59:59+01:00,53788,50822,325706,308646,431980,395112,437471,425137,493969,498911,535651,533279,358287,399867,249064,319632,73404,134984,43639,41144,288724,276974,393546,360195,405165,394307,464135,469372,512333,511224,348549,388629,242889,311162,70860,129593,4349239,4040539,534630,512337,809436,766335,334005,787,788
2021-11-08T23:59:59+01:00,53083,50146,322642,306274,429030,392707,435248,423315,492224,497406,534517,532240,357877,399474,248913,319411,73373,134900,43436,40954,288036,276341,392838,359551,404680,393779,463680,468880,511964,510834,348346,388398,242812,311030,70832,129529,4327694,4035107,534068,512058,809404,766318,333213,787,788
2021-11-07T23:59:59+01:00,52687,49769,321064,305098,427355,391276,433887,422255,491203,496587,533894,531670,357681,399244,248818,319314,73354,134853,43278,40790,287552,275922,392322,359048,404261,393397,463366,468520,511708,510587,348234,388263,242734,310942,70820,129490,4315821,4031158,533670,511836,809387,766288,332728,787,788
2021-11-06T23:59:59+01:00,52380,49480,320224,304297,426393,390511,433174,421685,490595,496100,533561,531384,357622,399174,248782,319282,73348,134844,43226,40748,287367,275755,392103,358879,404127,393272,463259,468408,511632,510522,348205,388233,242721,310926,70816,129484,4308937,4029814,533554,511802,809383,766286,332557,787,788
2021-11-05T23:59:59+01:00,51769,48862,318527,302857,424730,388959,431720,420471,489472,495094,532895,530846,357511,399016,248743,319210,73341,134825,42999,40527,286814,275331,391663,358454,403752,392924,462934,468089,511422,510333,348134,388149,242686,310877,70809,129468,4296015,4026238,533035,511613,809372,766275,332015,787,788
2021-11-04T23:59:59+01:00,51054,48178,316289,300893,422268,386904,429793,418853,487842,493742,531969,530144,357302,398769,248657,319075,73313,134763,42593,40083,285851,274456,390768,357523,402975,392167,462298,467455,510897,509873,347958,387953,242584,310706,70766,129401,4278892,4018844,532485,511337,809358,766245,330656,786,788
2021-11-03T23:59:59+01:00,50672,47794,314920,299763,420571,385631,428537,417872,486844,492911,531322,529633,357147,398598,248588,318972,73290,134714,42293,39796,285063,273788,390014,356803,402406,391628,461797,467007,510516,509542,347795,387741,242477,310554,70732,129314,4267690,4012514,532212,511185,809351,766234,330108,785,788
2021-11-02T23:59:59+01:00,50345,47471,313589,298801,418907,384436,427268,417003,485787,492191,530712,529142,357003,398413,248517,318873,73271,134650,41919,39454,284226,273092,389239,356096,401788,391071,461300,466522,510138,509151,347610,387536,242388,310408,70702,129225,4257257,4005993,531910,510993,809347,766218,329436,785,787
2021-11-01T23:59:59+01:00,49947,47097,312103,297690,417264,383330,425949,416123,484763,491469,530177,528764,356879,398285,248469,318812,73257,134615,41667,39172,283551,272481,388560,355546,401228,390620,460845,466152,509824,508887,347496,387416,242330,310294,70681,129163,4247121,4001240,531657,510773,809314,766204,328471,784,787
2021-10-31T23:59:59+01:00,49890,47063,311918,297580,417056,383216,425746,415998,484645,491390,530119,528719,356865,398277,248467,318807,73257,134613,41610,39128,283434,272413,388456,355467,401139,390561,460794,466119,509791,508863,347486,387407,242327,310289,70677,129158,4245991,4000661,531594,510733,809311,766200,328300,784,787
2021-10-30T23:59:59+02:00,49837,47023,311718,297452,416738,383056,425525,415841,484435,491229,529997,528661,356844,398253,248462,318797,73254,134607,41573,39118,283331,272341,388347,355396,401048,390495,460734,466057,509749,508844,347479,387399,242324,310283,70673,129154,4244306,4000115,531547,510672,809310,766197,328135,784,787
2021-10-29T23:59:59+02:00,49618,46792,310686,296744,415422,382182,424403,415142,483537,490605,529489,528375,356773,398180,248424,318753,73244,134586,41442,39013,282838,271973,387861,355005,400623,390199,460384,465772,509542,508692,347422,387345,242304,310244,70666,129140,4236695,3997275,531263,510514,809306,766192,327258,784,786
2021-10-28T23:59:59+02:00,49169,46363,308894,295412,413362,380775,422787,413986,482233,489626,528754,527847,356618,398012,248359,318671,73233,134544,41131,38721,281879,271127,386906,354190,399856,389541,459769,465246,509076,508374,347274,387158,242234,310146,70644,129084,4224449,3991119,530832,510211,809291,766162,325632,784,786
2021-10-27T23:59:59+02:00,48843,46042,307997,294635,412275,379908,421924,413276,481511,489088,528339,527541,356520,397841,248300,318574,73216,134507,40837,38430,281133,270444,386258,353580,399365,389053,459342,464814,508773,508088,347116,386980,242155,310022,70617,129021,4217041,3985605,530531,510019,809285,766132,325036,784,786
2021-10-26T23:59:59+02:00,48435,45629,306923,293676,411121,378970,421028,412596,480812,488487,527921,527216,356401,397712,248236,318490,73192,134457,40477,38061,280258,269512,385496,352848,398804,388490,458901,464356,508411,507784,346969,386818,242055,309866,70591,128952,4208907,3979077,530312,509855,809272,766116,324362,784,786
2021-10-25T23:59:59+02:00,48280,45494,306412,293230,410552,378550,420548,412258,480404,488206,527733,527056,356358,397655,248223,318465,73186,134450,40411,38000,280029,269324,385249,352672,398630,388355,458752,464238,508309,507708,346947,386785,242044,309847,70588,128941,4205258,3977835,530248,509811,809270,766109,323834,784,786
2021-10-24T23:59:59+02:00,48068,45311,305856,292749,409864,378036,420035,411843,479986,487887,527515,526864,356294,397572,248191,318439,73178,134437,40220,37839,279560,268854,384783,352273,398278,388036,458482,463980,508139,507529,346854,386686,242005,309782,70575,128921,4201072,3974547,530091,509675,809268,766093,323241,784,786
2021-10-23T23:59:59+02:00,48032,45278,305695,292617,409654,377891,419882,411702,479873,487797,527441,526816,356275,397548,248187,318433,73178,134434,40180,37797,279469,268746,384663,352201,398198,387960,458411,463916,508103,507497,346834,386672,242004,309776,70574,128920,4199892,3973890,530031,509610,809266,766090,323091,784,786
2021-10-22T23:59:59+02:00,47779,45045,304919,292053,408767,377201,419140,411149,479301,487320,527084,526569,356218,397479,248168,318399,73172,134422,39929,37555,278910,268223,384163,351763,397778,387595,458106,463643,507875,507326,346766,386607,241982,309734,70568,128910,4194259,3970230,529760,509443,809264,766074,322445,784,786
2021-10-21T23:59:59+02:00,47300,44589,303792,291170,407519,376219,418129,410338,478462,486664,526537,526189,356092,397341,248101,318294,73151,134366,39347,36993,277840,267166,383258,350887,397053,386822,457468,463071,507455,506962,346608,386406,241889,309577,70542,128858,4185577,3962357,529483,509067,809259,766061,321475,784,786
2021-10-20T23:59:59+02:00,47074,44335,303183,290625,406838,375599,417574,409881,478028,486288,526247,525951,356000,397219,248030,318202,73126,134306,38927,36617,277088,266407,382637,350219,396528,386216,457036,462620,507100,506640,346433,386203,241790,309436,70503,128781,4180346,3955887,529334,508891,809251,766048,321113,783,786
2021-10-19T23:59:59+02:00,46789,44060,302624,290144,406317,375124,417187,409531,477734,486010,526010,525742,355883,397089,247967,318109,73093,134252,38474,36163,276197,265573,381921,349506,396047,385675,456628,462160,506763,506316,346248,385973,241685,309287,70466,128698,4175992,3949029,529209,508718,809242,766029,320759,783,785
2021-10-18T23:59:59+02:00,46591,43866,302067,289669,405796,374675,416811,409172,477445,485765,525775,525534,355787,396984,247915,318014,73072,134210,38186,35904,275551,264883,381371,348858,395627,385184,456289,461769,506474,506039,346093,385822,241601,309160,70433,128649,4171991,3943710,529063,508533,809237,766009,320392,783,785
2021-10-17T23:59:59+02:00,46479,43748,301735,289408,405524,374416,416584,409004,477288,485603,525673,525406,355727,396930,247894,317966,73058,134174,37937,35649,275038,264377,380998,348478,395340,384845,456044,461535,506308,505867,346002,385712,241563,309092,70410,128597,4169756,3940010,528985,508376,809227,765973,320182,783,785
2021-10-16T23:59:59+02:00,46450,43715,301656,289344,405444,374355,416539,408958,477244,485565,525647,525390,355721,396922,247890,317960,73056,134172,37896,35605,274931,264267,380918,348408,395283,384772,456003,461490,506280,505843,345993,385703,241560,309087,70409,128592,4169255,3939392,528968,508315,809227,765971,320111,783,785
2021-10-15T23:59:59+02:00,46300,43555,301221,288998,405070,374032,416242,408698,477000,485339,525487,525256,355669,396882,247873,317928,73047,134157,37664,35358,274369,263683,380509,348013,394940,384428,455726,461208,506082,505673,345931,385628,241520,309040,70404,128571,4166413,3935631,528846,508101,809223,765961,319801,783,785
2021-10-14T23:59:59+02:00,45968,43218,300427,288293,404405,373366,415720,408232,476567,484920,525169,524974,355553,396751,247814,317833,73016,134094,37107,34794,273120,262413,379699,347045,394251,383593,455079,460562,505656,505254,345697,385402,241408,308880,70373,128520,4160862,3926903,528580,507596,809205,765903,319198,783,783
2021-10-13T23:59:59+02:00,45655,42938,299845,287736,403912,372847,415312,407827,476229,484584,524903,524723,355430,396605,247746,317734,72990,134035,36776,34510,272350,261605,379092,346295,393728,382958,454655,460098,505288,504886,345520,385202,241311,308688,70337,128441,4156209,3920534,528396,507323,809198,765857,318773,783,783
2021-10-12T23:59:59+02:00,45327,42659,299187,287188,403384,372306,414901,407437,475919,484274,524650,524488,355324,396468,247698,317644,72963,133985,36480,34221,271515,260742,378397,345571,393186,382392,454235,459668,504926,504538,345297,384981,241205,308535,70297,128332,4151502,3913921,528218,507096,809189,765833,318417,782,781
2021-10-11T23:59:59+02:00,45083,42434,298600,286703,402893,371844,414490,407076,475614,483965,524408,524289,355214,396347,247627,317549,72927,133919,36194,33965,270760,260009,377723,344893,392698,381837,453852,459219,504593,504236,345104,384786,241109,308384,70254,128245,4147331,3908029,528036,506814,809178,765807,317960,782,781
2021-10-10T23:59:59+02:00,44922,42299,298240,286417,402549,371533,414256,406823,475434,483770,524265,524157,355164,396292,247603,317511,72909,133890,36026,33838,270281,259589,377263,344426,392368,381494,453563,458934,504371,504059,345008,384685,241053,308315,70237,128212,4144902,3904411,527893,506691,809166,765772,317596,782,781
2021-10-09T23:59:59+02:00,44892,42273,298137,286338,402459,371474,414190,406770,475384,483722,524238,524138,355155,396277,247601,317507,72908,133889,35976,33784,270164,259484,377163,344328,392285,381418,453505,458880,504335,504029,344998,384671,241047,308307,70236,128210,4144373,3903706,527856,506618,809163,765760,317483,782,781
2021-10-08T23:59:59+02:00,44651,42064,297630,285929,402001,371097,413886,406473,475101,483489,524024,523970,355093,396216,247566,317456,72890,133874,35768,33506,269598,258922,376737,343894,391906,381038,453228,458555,504154,503870,344934,384588,241013,308262,70225,128198,4140964,3899870,527730,506454,809159,765741,317078,782,780
2021-10-07T23:59:59+02:00,44268,41637,296649,285054,401209,370322,413239,405854,474585,482995,523619,523650,354965,396043,247474,317345,72858,133807,35116,32846,268212,257527,375744,342708,391099,380039,452517,457805,503605,503369,344678,384308,240875,308083,70166,128107,4134040,3890187,527497,505261,809151,765699,316404,782,779
2021-10-06T23:59:59+02:00,44006,41376,295940,284461,400684,369815,412833,405422,474223,482679,523346,523397,354833,395892,247399,317225,72834,133730,34788,32533,267471,256715,375201,342045,390623,379495,452094,457355,503256,503012,344505,384098,240763,307937,70137,128028,4129159,3884079,527364,505147,809145,765665,315910,782,779
2021-10-05T23:59:59+02:00,43689,41079,295230,283776,400048,369191,412313,404933,473838,482275,523060,523092,354687,395735,247319,317074,72803,133624,34487,32218,266654,255871,374513,341306,390083,378882,451590,456888,502905,502655,344312,383878,240652,307764,70089,127954,4123708,3877624,527227,505002,809138,765643,315174,782,779
2021-10-04T23:59:59+02:00,43411,40839,294385,283067,399314,368587,411800,404453,473418,481877,522757,522817,354554,395560,247245,316952,72773,133532,34183,31900,265737,254935,373787,340525,389482,378284,451114,456351,502515,502285,344121,383647,240496,307599,70049,127867,4118413,3870919,527073,504889,809128,765603,314206,781,779
2021-10-03T23:59:59+02:00,43250,40689,293979,282647,398891,368219,411479,404196,473200,481639,522579,522652,354471,395463,247198,316870,72766,133494,34002,31766,265244,254509,373330,340113,389127,377891,450841,456041,502267,502053,343996,383502,240435,307504,70031,127837,4115521,3867338,526970,504776,809102,765548,313567,781,779
2021-10-02T23:59:59+02:00,43214,40652,293855,282520,398771,368128,411393,404114,473138,481582,522543,522621,354457,395439,247197,316867,72764,133492,33955,31728,265105,254377,373230,340023,389049,377812,450785,455988,502236,502014,343984,383479,240433,307497,70029,127837,4114816,3866640,526892,504719,809100,765525,313417,781,779
2021-10-01T23:59:59+02:00,43003,40396,293232,281957,398204,367621,410934,403723,472801,481311,522275,522438,354373,395361,247168,316818,72752,133474,33656,31436,264443,253727,372738,339586,388663,377435,450459,455672,502011,501818,343908,383413,240407,307452,70020,127820,4110859,3862751,526747,504562,809091,765469,312622,780,779
2021-09-30T23:59:59+02:00,42598,39993,292092,280852,397179,366633,410116,402920,472130,480628,521759,522018,354202,395152,247075,316690,72727,133405,33118,30890,263241,252558,371867,338657,387951,376606,449854,455018,501535,501417,343739,383189,240327,307293,69991,127767,4103014,3855658,526403,503556,809070,765385,311155,778,779
2021-09-29T23:59:59+02:00,42254,39687,291313,280102,396433,365918,409561,402336,471628,480136,521395,521705,354021,394947,247000,316558,72698,133339,32816,30581,262482,251795,371223,337997,387489,376026,449428,454561,501183,501072,343566,383009,240234,307129,69969,127709,4097065,3850155,526246,503404,809062,765317,310124,778,778
2021-09-28T23:59:59+02:00,41918,39372,290438,279270,395624,365194,408949,401767,471101,479624,521010,521345,353811,394728,246904,316403,72658,133236,32505,30311,261617,251006,370510,337353,386976,375492,448983,454105,500829,500722,343386,382806,240138,306984,69942,127653,4090732,3844620,526117,503255,809054,765262,308909,778,778
2021-09-27T23:59:59+02:00,41501,38990,289541,278426,394820,364475,408383,401177,470620,479098,520607,521014,353651,394530,246818,316283,72629,133148,32184,29951,260586,250078,369636,336547,386308,374810,448438,453561,500420,500360,343203,382573,240048,306850,69917,127589,4085052,3838415,525950,503103,809047,765153,307114,778,778
2021-09-26T23:59:59+02:00,41126,38684,288964,277890,394314,364027,408039,400825,470317,478807,520395,520824,353542,394430,246774,316213,72610,133107,32026,29817,260075,249615,369186,336147,385964,374435,448144,453268,500213,500172,343111,382481,239990,306777,69901,127553,4081330,3835430,525806,502952,809022,765037,306180,778,778
2021-09-25T23:59:59+02:00,41071,38624,288794,277722,394157,363904,407920,400735,470223,478722,520333,520781,353530,394410,246765,316204,72608,133104,31983,29762,259909,249461,369038,336020,385842,374336,448073,453166,500150,500138,343091,382458,239980,306764,69901,127551,4080569,3834712,525731,502892,809019,765006,305737,778,778
2021-09-24T23:59:59+02:00,40872,38410,288153,277064,393503,363335,407390,400249,469772,478314,520032,520538,353424,394325,246724,316152,72602,133079,31723,29503,259240,248771,368423,335475,385391,373894,447654,452806,499826,499892,342974,382352,239937,306710,69889,127527,4076782,3830979,525581,502788,809009,764936,304008,778,777
2021-09-23T23:59:59+02:00,40235,37740,286437,275391,392018,361968,406197,399034,468722,477345,519276,519854,353124,394049,246592,315936,72559,132963,31328,29085,257937,247680,367266,334482,384450,373065,446840,452070,499228,499377,342738,382109,239825,306561,69863,127451,4066853,3824875,525172,502516,808997,764836,299849,778,777
2021-09-22T23:59:59+02:00,39899,37421,285433,274401,391150,361112,405441,398259,468054,476738,518733,519412,352893,393780,246482,315738,72509,132876,31040,28821,257153,246927,366511,333788,383818,372468,446325,451546,498761,499027,342534,381899,239720,306423,69830,127387,4059950,3819746,524949,502343,808975,764720,297885,777,777
2021-09-21T23:59:59+02:00,39481,36939,284343,273312,390174,360201,404675,397497,467424,476146,518281,518980,352669,393514,246380,315560,72455,132763,30722,28542,256284,246067,365737,333070,383176,371860,445823,451060,498344,498627,342340,381690,239614,306259,69796,127300,4052317,3814091,524787,502144,808964,764641,296148,777,777
2021-09-20T23:59:59+02:00,39126,36661,283197,272230,389114,359258,403845,396683,466718,475528,517782,518524,352423,393285,246271,315377,72411,132666,30337,28171,255159,245079,364744,332220,382377,371084,445098,450475,497879,498182,342111,381474,239508,306071,69760,127222,4045234,3807564,524638,501968,808949,764436,293693,777,776
2021-09-19T23:59:59+02:00,38965,36526,282601,271816,388536,358764,403435,396285,466375,475213,517513,518289,352335,393160,246231,315298,72400,132628,30220,28051,254645,244640,364238,331790,381952,370743,444728,450129,497595,497957,342002,381345,239451,305985,69750,127191,4041878,3804714,524493,501785,808925,764137,292484,777,776
2021-09-18T23:59:59+02:00,38910,36455,282438,271655,388335,358602,403251,396141,466264,475099,517445,518230,352319,393147,246223,315289,72398,132624,30089,27920,254330,244292,363984,331536,381713,370552,444565,449995,497500,497868,341972,381319,239432,305966,69747,127183,4040921,3802827,524378,501704,808922,764124,292012,777,775
2021-09-17T23:59:59+02:00,38577,36089,281532,270822,387540,357842,402523,395483,465648,474572,517062,517867,352170,393001,246160,315219,72374,132592,29821,27653,253585,243608,363293,330938,381120,370046,444095,449581,497162,497580,341851,381184,239382,305887,69734,127161,4035564,3799034,524043,501301,808913,764093,289954,776,775
2021-09-16T23:59:59+02:00,38005,35492,279941,269245,386179,356383,401311,394159,464628,473590,516287,517168,351852,392672,246029,315031,72328,132500,29384,27230,252436,242589,362326,329998,380289,369180,443427,448885,496645,497131,341624,380962,239284,305759,69703,127101,4024623,3792392,523288,500899,808870,763946,287417,776,773
2021-09-15T23:59:59+02:00,37626,35181,278809,268146,385276,355403,400450,393294,463952,472900,515752,516652,351629,392383,245860,314859,72294,132387,29082,26941,251576,241775,361538,329198,379600,368501,442856,448366,496138,496690,341414,380723,239148,305614,69680,127024,4017075,3786713,522997,500664,808857,763872,285313,776,773
2021-09-14T23:59:59+02:00,37313,34874,277836,267179,384329,354538,399712,392522,463343,472245,515220,516197,351383,392139,245730,314688,72251,132318,28806,26702,250792,240981,360802,328527,378989,367900,442312,447854,495717,496305,341218,380508,239037,305468,69656,126969,4010210,3781573,522665,500441,808827,763722,283502,775,772
2021-09-13T23:59:59+02:00,36925,34478,276590,265909,383372,353491,398932,391639,462646,471523,514693,515692,351160,391886,245607,314533,72212,132245,28346,26279,249663,239926,359976,327740,378386,367246,441753,447327,495259,495925,341023,380279,238937,305321,69627,126915,4001970,3774626,521940,500156,808794,763625,282212,775,771
2021-09-12T23:59:59+02:00,36781,34349,276005,265468,382895,353043,398542,391212,462318,471221,514479,515475,351053,391774,245561,314458,72201,132210,28188,26160,249130,239512,359468,327294,378016,366891,441448,447033,495009,495701,340898,380146,238879,305233,69612,126871,3998760,3771583,521773,499963,808757,763498,281137,775,769
2021-09-11T23:59:59+02:00,36702,34300,275814,265257,382669,352854,398381,391055,462183,471097,514408,515414,351023,391743,245552,314442,72199,132207,28041,26061,248848,239328,359245,327136,377866,366749,441299,446915,494941,495646,340874,380118,238871,305220,69612,126867,3997723,3770499,521684,499830,808748,763477,280523,775,767
2021-09-10T23:59:59+02:00,36371,33962,274730,264262,381708,351953,397498,390245,461382,470412,513848,514967,350815,391543,245464,314330,72181,132177,27832,25861,247936,238618,358412,326399,377078,366119,440607,446390,494448,495266,340713,379962,238790,305115,69590,126837,3992361,3767022,521541,499611,808738,763454,276577,775,766
2021-09-09T23:59:59+02:00,35933,33512,273414,263102,380655,350769,396552,389207,460578,469533,513265,514453,350575,391260,245337,314176,72146,132117,27449,25471,246858,237655,357494,325527,376257,365308,439914,445781,493860,494824,340498,379731,238669,304973,69559,126785,3984130,3760903,521237,499212,808693,763302,273889,773,761
2021-09-08T23:59:59+02:00,35530,33111,272447,262108,379844,349915,395852,388421,459942,468926,512825,513989,350372,391017,245233,314000,72117,132059,27154,25182,245931,236794,356675,324788,375571,364582,439307,445211,493410,494366,340296,379486,238556,304812,69525,126697,3977627,3755190,521012,498890,808637,763167,271789,772,759
2021-09-07T23:59:59+02:00,35155,32774,271424,261179,379007,349130,395206,387745,459409,468401,512382,513592,350180,390807,245132,313836,72084,131988,26878,24971,245052,236009,355868,324103,374918,364022,438800,444704,492964,493975,340089,379269,238469,304675,69498,126643,3971510,3750182,520768,498549,808624,762987,269881,772,758
2021-09-06T23:59:59+02:00,34756,32366,270303,260072,378054,348179,394515,386965,458806,467761,511942,513158,349959,390561,245043,313714,72054,131918,26642,24759,244279,235248,355119,323444,374301,363430,438335,444196,492553,493589,339878,379062,238391,304541,69469,126587,3964261,3745347,520629,498304,808575,762857,268006,772,758
2021-09-05T23:59:59+02:00,34600,32218,269891,259657,377738,347831,394217,386646,458570,467522,511765,512979,349887,390467,245001,313652,72038,131891,26506,24604,243847,234853,354719,323058,373945,363117,438073,443946,492356,493380,339779,378944,238348,304477,69452,126555,3961643,3742703,520525,498029,808547,762719,267199,771,758
2021-09-04T23:59:59+02:00,34541,32180,269722,259524,377616,347703,394089,386540,458493,467437,511714,512933,349875,390449,244994,313640,72038,131890,26468,24551,243679,234708,354557,322891,373798,363000,437981,443844,492289,493331,339758,378924,238340,304465,69452,126554,3960928,3741913,520471,497891,808542,762696,266780,771,758
2021-09-03T23:59:59+02:00,34223,31864,268821,258716,376872,347034,393495,385948,457916,466953,511252,512596,349704,390270,244928,313534,72015,131856,26144,24209,242659,233847,353758,322176,373126,362347,437328,443255,491799,492917,339561,378725,238254,304359,69432,126527,3956531,3737613,519767,496350,808514,762623,264525,771,758
2021-09-02T23:59:59+02:00,33856,31523,267760,257831,376003,346192,392754,385191,457225,466317,510718,512163,349438,390018,244805,313355,71990,131777,25844,23944,241631,233042,352862,321393,372381,361633,436610,442626,491232,492458,339314,378461,238146,304207,69406,126449,3950531,3732403,519478,495865,808478,762296,261763,771,757
2021-09-01T23:59:59+02:00,33528,31155,266905,256988,375239,345520,392221,384638,456751,465834,510331,511812,349260,389827,244716,313237,71966,131716,25456,23542,240538,231981,351991,320534,371688,360937,435993,442021,490704,491972,339084,378195,238015,304054,69380,126395,3945056,3725588,519292,495320,808443,762081,260181,771,752
2021-08-31T23:59:59+02:00,33130,30811,266031,256068,374493,344795,391638,384048,456234,465345,509874,511444,349066,389631,244620,313089,71934,131672,25171,23246,239583,231083,351178,319780,371021,360298,435434,441509,490180,491570,338882,377979,237927,303904,69346,126339,3939452,3720250,519101,494933,808417,761658,258274,769,752
2021-08-30T23:59:59+02:00,32583,30323,264724,254883,373488,343872,390818,383228,455478,464633,509310,510944,348836,389410,244527,312935,71898,131603,24851,22928,238421,230092,350170,318880,370229,359552,434730,440925,489623,491055,338626,377734,237802,303726,69305,126262,3931932,3714184,518984,494490,808372,761404,255517,768,749
2021-08-29T23:59:59+02:00,32393,30132,264153,254372,373003,343453,390435,382885,455180,464344,509080,510719,348738,389301,244477,312871,71888,131579,24625,22713,237703,229451,349554,318332,369731,359080,434298,440546,489311,490795,338485,377578,237741,303652,69287,126237,3928819,3710279,518863,494090,808342,761143,254287,768,749
2021-08-28T23:59:59+02:00,32303,30036,263924,254193,372825,343299,390279,382762,455055,464225,509004,510666,348713,389278,244466,312859,71887,131576,24560,22609,237384,229191,349303,318135,369510,358914,434115,440382,489183,490703,338443,377537,237721,303626,69285,126233,3927774,3708699,518822,493973,808336,761117,253723,768,749
2021-08-27T23:59:59+02:00,32072,29785,263279,253626,372310,342776,389806,382308,454598,463827,508628,510380,348584,389144,244408,312773,71868,131556,24414,22458,236779,228691,348686,317629,369037,358479,433661,440026,488878,490453,338313,377419,237666,303562,69274,126226,3923959,3705468,518753,493758,808277,761058,252041,768,748
2021-08-26T23:59:59+02:00,31689,29398,262275,252643,371453,341958,389047,381563,453910,463150,508074,509899,348351,388884,244287,312655,71840,131495,24064,22093,235294,227323,347448,316434,367914,357481,432784,439216,488206,489877,338025,377099,237504,303392,69244,126181,3917751,3697076,518508,493108,808238,760699,249362,768,746
2021-08-25T23:59:59+02:00,31324,29064,261349,251778,370694,341178,388383,380864,453271,462557,507514,509441,348112,388626,244163,312491,71805,131427,23458,21518,233239,225455,345953,315026,366720,356281,431780,438254,487403,489147,337643,376708,237349,303158,69200,126093,3911994,3685054,518376,492700,808208,760547,246746,766,743
2021-08-24T23:59:59+02:00,31005,28796,260616,250995,370085,340544,387842,380286,452787,462042,507100,509066,347903,388400,244046,312327,71779,131355,23141,21202,232025,224385,344986,314103,365930,355528,431105,437601,486843,488599,337363,376394,237217,302999,69175,126029,3907032,3677850,518087,492250,808188,760240,244947,766,737
2021-08-23T23:59:59+02:00,30483,28266,259226,249676,369049,339626,387003,379491,452007,461358,506446,508495,347619,388115,243906,312137,71752,131294,22831,20903,230538,223061,343667,313028,364978,354674,430243,436838,486136,488029,337057,376060,237080,302808,69149,125970,3899551,3670406,517938,491769,808153,759952,241577,765,736
2021-08-22T23:59:59+02:00,30337,28152,258815,249304,368692,339292,386731,379224,451769,461113,506254,508343,347521,388019,243865,312080,71735,131268,22649,20720,229812,222377,342971,312364,364438,354165,429802,436431,485812,487760,336890,375875,237016,302703,69131,125934,3897308,3665983,517789,491301,808113,759651,240569,764,732
2021-08-21T23:59:59+02:00,30086,27947,258318,248841,368374,338972,386474,378966,451564,460935,506105,508204,347466,387963,243843,312042,71732,131259,22373,20466,229068,221723,342483,311965,364033,353753,429437,436123,485582,487563,336805,375807,236989,302660,69125,125922,3894753,3662992,517645,490095,808105,759595,239847,764,732
2021-08-20T23:59:59+02:00,29894,27748,257658,248175,367633,338338,385792,378434,450966,460434,505627,507881,347320,387803,243788,311945,71715,131224,21968,20125,227258,220099,341068,310763,362913,352791,428479,435320,484860,487010,336561,375558,236886,302540,69100,125892,3891249,3654707,517321,488930,808092,759228,236972,762,732
2021-08-19T23:59:59+02:00,29561,27434,256669,247322,366626,337544,385002,377739,450254,459795,505061,507395,347079,387538,243679,311797,71681,131151,21473,19632,224487,217662,338749,308920,361203,351306,427072,434047,483699,486053,336140,375132,236692,302293,69066,125823,3885700,3640294,516953,487160,808049,758753,233878,761,731
2021-08-18T23:59:59+02:00,29274,27173,255871,246614,365918,336922,384417,377163,449650,459294,504587,506979,346807,387298,243561,311649,71649,131085,21095,19259,222007,215134,336686,307156,359548,349650,425540,432714,482552,485013,335623,374579,236460,301997,69016,125729,3880558,3626997,516773,483216,808019,758367,231810,760,730
2021-08-17T23:59:59+02:00,28955,26897,255086,245893,365294,336236,383853,376603,449156,458806,504151,506558,346601,387087,243445,311518,71622,131031,20623,18824,219255,212377,334604,305323,357850,348179,424100,431436,481425,484020,335128,374036,236226,301704,68962,125653,3875481,3611889,516472,480432,807993,757937,230094,759,726
2021-08-16T23:59:59+02:00,28662,26634,254389,245239,364719,335679,383389,376138,448717,458363,503731,506194,346416,386879,243346,311353,71591,130991,20069,18340,216077,209299,332308,303197,356322,346723,422892,430290,480474,483176,334738,373587,236040,301433,68923,125563,3871048,3594421,516316,479724,807966,757586,228345,759,724
2021-08-15T23:59:59+02:00,28465,26471,253890,244792,364283,335286,383027,375798,448418,458102,503488,505994,346302,386760,243296,311273,71580,130970,19284,17610,212056,205232,330402,301570,355055,345492,421859,429347,479686,482513,334404,373252,235913,301256,68899,125513,3868168,3576725,516171,478808,807928,757255,227173,759,721
2021-08-14T23:59:59+02:00,28396,26412,253642,244593,364046,335108,382851,375647,448260,457971,503370,505886,346252,386727,243278,311250,71577,130965,18958,17312,210978,204126,329575,300806,354331,344809,421361,428885,479297,482191,334265,373124,235875,301199,68890,125496,3866984,3570006,516096,478437,807922,757177,226474,759,721
2021-08-13T23:59:59+02:00,28138,26169,252934,244003,363543,334679,382412,375211,447821,457604,503031,505627,346124,386577,243213,311173,71565,130936,18354,16755,209084,202335,328140,299482,353059,343614,420307,427942,478547,481546,334020,372832,235762,301056,68872,125442,3863141,3558018,516023,477833,807912,756984,224928,756,718
2021-08-12T23:59:59+02:00,27939,25942,252207,243365,362922,334085,381872,374718,447284,457153,502608,505271,345941,386376,243111,311066,71552,130888,17770,16257,206479,200056,325253,296930,351036,341805,418794,426684,477320,480475,333567,372298,235517,300779,68832,125359,3859152,3540531,515831,476652,807874,755953,222684,754,716
2021-08-11T23:59:59+02:00,27703,25695,251475,242671,362296,333501,381344,374233,446817,456721,502196,504839,345713,386134,242994,310932,71525,130833,16950,15569,203422,197064,322060,293980,348856,339733,417288,425270,476036,479184,333023,371652,235267,300372,68782,125230,3854273,3518599,515611,475581,807834,755009,221145,751,715
2021-08-10T23:59:59+02:00,27457,25436,250638,241930,361575,332938,380795,373679,446316,456237,501739,504434,345515,385937,242907,310793,71502,130789,16153,14784,199211,192915,317374,289742,345856,336943,415156,423319,474428,477722,332333,370978,234968,299963,68725,125111,3849154,3488364,515320,474465,807796,753853,219587,749,715
2021-08-09T23:59:59+02:00,27259,25235,250008,241353,360988,332448,380344,373295,445902,455887,501392,504146,345352,385788,242841,310681,71482,130753,15159,13840,194658,188309,311647,284980,343086,334443,413236,421539,472803,476253,331688,370285,234692,299591,68666,124976,3845398,3457895,515140,471687,807764,752759,218091,747,711
2021-08-08T23:59:59+02:00,27085,25076,249524,240938,360586,332086,379990,373001,445597,455623,501147,503954,345244,385678,242778,310602,71465,130719,14937,13645,193304,186935,310015,283634,341760,333270,412351,420778,472228,475732,331425,370012,234564,299422,68640,124924,3842778,3448708,514982,470317,807710,752270,216857,746,710
2021-08-07T23:59:59+02:00,26936,24900,248993,240489,360186,331746,379652,372718,445303,455386,500920,503778,345172,385583,242744,310552,71457,130708,13765,12600,189620,183340,307963,281777,340035,331741,411011,419509,471298,474935,331069,369637,234433,299233,68606,124887,3839909,3429023,514875,468981,807698,752057,215974,746,707
2021-08-06T23:59:59+02:00,26710,24665,248123,239817,359399,331132,378973,372139,444647,454859,500383,503386,344938,385379,242645,310437,71446,130686,12857,11773,185868,179775,304479,278954,337906,329895,409404,418159,469999,473966,330688,369249,234273,299080,68582,124840,3837315,3409636,513505,467246,807686,750952,212489,746,704
2021-08-05T23:59:59+02:00,26385,24341,246942,238875,358494,330254,378143,371405,443899,454166,499713,502841,344653,385075,242532,310262,71405,130623,11851,10839,181377,175818,299070,274524,333770,326319,406584,415662,467734,472179,330018,368543,234011,298706,68521,124729,3830905,3381592,513238,462523,807616,747232,209469,746,703
2021-08-04T23:59:59+02:00,26011,23998,245796,237882,357487,329336,377364,370692,443265,453563,499133,502309,344380,384806,242409,310089,71378,130552,11037,10127,177886,172502,295288,271376,329347,322401,404325,413560,466016,470623,329322,367844,233734,298353,68461,124627,3824367,3354335,512895,460748,807582,745479,206814,742,702
2021-08-03T23:59:59+02:00,25547,23576,244426,236693,356568,328498,376649,369996,442607,452901,498531,501772,344088,384506,242280,309912,71334,130484,10474,9626,174384,169043,291164,267711,324222,317773,401567,410996,463666,468516,328478,366972,233382,297879,68393,124488,3816404,3322108,512730,458862,807533,743399,204906,741,700
2021-08-02T23:59:59+02:00,25229,23269,243369,235727,355713,327736,375943,369395,442028,452348,498006,501323,343824,384229,242162,309756,71308,130425,9918,9084,170734,165438,286450,263727,318335,312806,398801,408432,461427,466516,327703,366129,233086,297480,68331,124370,3810017,3288537,512479,456875,807473,740865,203024,740,694
2021-08-01T23:59:59+02:00,25070,23078,242735,235118,355110,327219,375498,368996,441592,452025,497658,501042,343682,384062,242086,309640,71294,130399,9651,8875,169177,163976,283954,261715,313685,309083,396932,406847,459945,465263,327267,365643,232914,297262,68302,124311,3806299,3270550,512173,454723,807379,738410,201653,737,686
2021-07-31T23:59:59+02:00,24960,22973,242389,234797,354827,326991,375254,368825,441401,451871,497550,500938,343649,384022,242066,309627,71293,130393,8415,7778,165393,160120,281120,259156,311588,307077,395530,405559,458797,464272,326947,365265,232780,297088,68276,124265,3804667,3247550,511983,453782,807373,737615,201003,736,686
2021-07-30T23:59:59+02:00,24669,22713,241584,234073,354244,326458,374760,368352,440936,451466,497186,500647,343511,383881,242021,309547,71280,130377,7477,6908,161635,156343,277714,256030,308552,304249,393293,403436,456945,462683,326435,364732,232569,296796,68243,124207,3800547,3222389,511612,452573,807352,734411,199392,735,684
2021-07-29T23:59:59+02:00,24321,22371,240045,232797,353070,325380,373790,367434,440074,450667,496369,500021,343177,383568,241883,309360,71242,130310,6492,6034,156768,151842,272309,251824,302624,299451,388913,399930,453886,460266,325598,363883,232256,296385,68183,124107,3792918,3188323,510929,447689,807266,729290,195956,734,684
2021-07-28T23:59:59+02:00,24019,22082,238888,231754,352184,324536,373038,366737,439433,449995,495798,499525,342921,383266,241745,309174,71207,130236,6000,5591,152989,148176,267793,248143,298164,295476,385632,397060,451786,458408,324935,363120,231987,295996,68119,123981,3786130,3157437,510387,445758,807188,726639,194020,733,681
2021-07-27T23:59:59+02:00,23746,21855,237877,230776,351334,323787,372331,366142,438842,449377,495272,499066,342673,382961,241611,308979,71171,130137,5430,5064,147946,143032,261846,242988,292845,290694,381603,393345,448592,455586,323942,362014,231620,295489,68027,123823,3779797,3115697,509830,443420,807130,722887,192368,731,679
2021-07-26T23:59:59+02:00,23513,21615,236898,229788,350539,323077,371718,365581,438284,448887,494817,498692,342438,382719,241484,308820,71147,130079,5007,4703,143585,138621,256268,238183,287658,286206,377123,389371,445062,452551,322984,361045,231289,295007,67952,123685,3774074,3076126,509198,441158,807046,718523,190963,728,678
2021-07-25T23:59:59+02:00,23154,21314,235554,228628,349591,322301,371034,364914,437703,448343,494350,498284,342238,382501,241394,308690,71126,130015,4752,4470,141730,136854,253563,235950,285138,284094,374977,387584,442963,450745,322463,360524,231082,294777,67927,123608,3766954,3060986,508818,438967,806978,714150,189561,727,678
2021-07-24T23:59:59+02:00,22905,21118,234624,227763,348866,321646,370459,364391,437174,447903,493988,498006,342122,382402,241350,308628,71123,130004,4430,4185,138828,134047,250823,233621,282566,281866,372712,385722,441721,449757,322112,360186,230937,294598,67908,123574,3762918,3042591,508051,435941,806963,713806,187712,727,678
2021-07-23T23:59:59+02:00,22487,20729,233118,226415,347532,320696,369405,363520,436288,447115,493290,497473,341884,382129,241260,308516,71102,129968,4006,3793,133327,129195,245433,229296,278072,278063,369004,382508,439064,447548,321408,359460,230681,294286,67854,123493,3755407,3006914,507579,434162,806907,711662,184192,727,678
2021-07-22T23:59:59+02:00,21981,20253,231009,224432,345776,319146,367899,362222,434970,445964,492306,496570,341450,381677,241084,308267,71058,129887,3584,3449,128966,125126,239419,224772,271666,272980,362088,376996,433592,443019,320220,358195,230240,293760,67760,123339,3742923,2964704,505989,428159,806774,705330,181407,726,676
2021-07-21T23:59:59+02:00,21472,19729,229117,222606,344070,317606,366275,360646,433392,444577,491077,495400,340897,381150,240836,307982,71004,129792,3381,3252,125193,121541,233943,220524,266116,268442,353941,370043,428967,439270,319098,357044,229776,293193,67679,123158,3731873,2929079,502230,417241,806547,700539,178109,726,674
2021-07-20T23:59:59+02:00,21169,19449,227648,221119,342826,316424,365308,359767,432526,443784,490351,494754,340556,380775,240688,307761,70975,129702,3120,2961,120841,117289,227574,215331,260275,263253,346809,363922,424257,434944,317999,355786,229360,292602,67581,122974,3722503,2885169,501823,409998,806415,696136,175966,724,673
2021-07-19T23:59:59+02:00,20855,19152,225910,219422,341507,315164,364265,358787,431710,443005,489679,494132,340259,380410,240536,307529,70930,129605,2924,2752,118076,114678,223169,211734,255646,259292,343081,360740,421629,432754,317273,355056,229060,292207,67506,122850,3711885,2860027,501398,404605,806320,691802,174375,724,671
2021-07-18T23:59:59+02:00,20701,19019,224607,218144,339878,313728,363190,357852,430884,442277,489140,493588,340025,380124,240407,307352,70908,129543,2832,2659,116569,113284,220495,209538,253282,257179,340827,358881,419590,431058,316782,354566,228900,291988,67485,122782,3702381,2847674,500861,400316,806244,688093,172995,722,668
2021-07-17T23:59:59+02:00,20302,18596,223451,217084,339297,313185,362596,357337,430363,441826,488722,493299,339921,380006,240365,307296,70905,129532,2568,2402,114497,111177,218030,207228,250807,254978,338393,356736,418137,429793,316445,354175,228765,291820,67462,122742,3696792,2830112,500658,397588,806218,687303,171529,719,668
2021-07-16T23:59:59+02:00,19758,18082,220912,214937,337556,311883,361084,356042,428895,440622,487624,492439,339516,379635,240195,307137,70880,129496,2301,2161,111377,108367,213250,203287,246258,251335,334082,353027,414787,427067,315522,353241,228415,291402,67408,122661,3686576,2802344,499896,395220,806059,683482,165261,718,667
2021-07-15T23:59:59+02:00,19116,17454,218120,212510,335645,310170,359490,354599,427551,439431,486676,491583,339111,379208,239992,306882,70838,129391,2124,2020,107460,105130,204853,197018,238729,245711,327460,347770,407696,420599,313775,351421,227866,290730,67336,122462,3671476,2755585,499294,386754,805941,676032,162128,715,665
2021-07-14T23:59:59+02:00,18270,16728,215673,210178,333935,308635,358080,353251,426322,438229,485645,490623,338657,378745,239751,306570,70784,129303,1972,1875,103835,101775,198349,191826,232993,241026,323152,344277,403510,416964,312459,350105,227455,290169,67252,122307,3656510,2721818,498706,381196,805817,669211,159407,714,660
2021-07-13T23:59:59+02:00,17616,16070,213485,208149,332330,307250,356740,352013,425142,437135,484678,489760,338216,378271,239548,306323,70749,129210,1859,1766,100065,98222,191840,186395,225836,234948,316453,338196,395089,409084,310656,348176,226850,289374,67139,122105,3642623,2678859,498144,368489,805658,659712,157314,714,655
2021-07-12T23:59:59+02:00,16597,15134,210189,204958,330260,305508,355155,350535,423895,435925,483692,488858,337798,377796,239370,306094,70709,129132,1779,1695,96954,95494,186536,182075,218844,229255,309599,332148,389976,404800,308916,346305,226257,288638,67039,121934,3624076,2640437,497585,361332,805478,651273,155512,711,652
2021-07-11T23:59:59+02:00,16088,14657,208826,203678,329505,304782,354487,349903,423325,435417,483242,488511,337603,377590,239309,305988,70687,129092,1745,1669,95529,94200,183737,179757,215831,226953,306902,329988,387134,402406,306435,343675,225879,288167,66985,121836,3617776,2625375,496942,359331,805343,640754,153676,704,648
2021-07-10T23:59:59+02:00,15613,14197,206975,201886,328031,303510,353347,348922,422591,434818,482765,488112,337434,377425,239243,305902,70677,129072,1704,1622,94220,92923,181188,177632,212788,224464,304368,327820,385966,401367,305789,343003,225699,287979,66969,121809,3609160,2608523,496297,359099,805108,638995,150993,703,648
2021-07-09T23:59:59+02:00,15288,13916,205061,200040,326421,302046,352273,347955,421684,434099,482189,487632,337226,377201,239147,305782,70662,129038,1030,966,91422,90196,177646,174396,208433,220300,299338,323209,382514,398379,304690,341770,225393,287609,66931,121744,3599968,2579454,495427,357029,804911,631381,148387,699,648
2021-07-08T23:59:59+02:00,14819,13488,201564,197044,323099,299362,349888,345961,419967,432634,480755,486562,336782,376759,238968,305534,70617,128960,912,855,87114,86420,170390,168711,200285,213890,291950,317078,375542,392153,301955,338840,224611,286667,66814,121484,3584554,2533142,491374,348345,804392,620994,143450,698,647
2021-07-07T23:59:59+02:00,14317,13034,197817,193169,319916,296491,347566,343905,418406,431157,479546,485458,336301,376192,238776,305261,70578,128854,778,759,83425,82965,163070,162981,191215,206696,283947,310501,368491,385324,298637,335214,223699,285563,66671,121237,3563189,2485059,490002,334882,804004,610972,140506,696,644
2021-07-06T23:59:59+02:00,13857,12660,194379,189786,316646,293744,345086,341608,416687,429590,478275,484322,335797,375629,238579,304971,70525,128769,656,641,79850,79377,156373,157454,183791,200482,274992,302536,361987,379219,295432,331959,222812,284468,66563,121008,3543273,2432427,486925,327889,803586,601442,138071,693,644
2021-07-05T23:59:59+02:00,13459,12323,189974,185534,312578,290397,342569,339266,415004,428036,477126,483245,335324,375109,238399,304725,70492,128683,580,546,76775,76538,151240,153354,179018,196351,268067,296256,355869,373673,292152,328509,221924,283345,66453,120837,3520360,2393271,485756,323393,803089,591069,133972,688,640
2021-07-04T23:59:59+02:00,13280,12164,186127,181651,309932,288358,341251,338186,414120,427254,476541,482749,335100,374854,238312,304599,70466,128629,548,517,74586,74657,148123,150773,176677,194302,265611,294193,352745,371456,288834,325107,221343,282676,66397,120715,3508068,2379422,484459,321090,802525,579506,129450,688,639
2021-07-03T23:59:59+02:00,12084,11106,179690,175645,305655,284896,338909,336011,412302,425446,475325,481693,334700,374408,238138,304352,70442,128586,517,498,72803,73075,145691,148889,174232,192215,262541,291466,350458,369599,287074,323120,221075,282312,66365,120666,3481648,2363646,483049,320888,802344,575011,123256,688,639
2021-07-02T23:59:59+02:00,10984,10014,175972,172173,303226,282688,337153,334300,411050,424255,474549,481001,334441,374093,238024,304170,70414,128538,478,447,70102,70381,141758,145594,169781,188163,256481,286009,345220,364884,283816,319387,220434,281538,66316,120581,3463506,2330354,481565,318092,802161,562416,120718,683,624
2021-07-01T23:59:59+02:00,9886,9085,172290,168717,299178,279381,334653,332022,409250,422671,473453,480039,334021,373630,237823,303901,70368,128458,406,374,65201,65654,135416,140240,162483,181644,246207,277135,334403,355069,279026,314104,218579,279279,66137,120268,3440892,2273881,479463,305712,801815,544662,117552,683,619
2021-06-30T23:59:59+02:00,9396,8692,169013,165627,293550,274743,330970,328678,407478,421130,472430,479067,333600,373142,237631,303600,70334,128369,324,313,62062,62800,129764,135553,155825,175637,236139,267971,320981,341776,273804,308546,216686,276952,65969,119946,3415737,2218748,477287,292884,801525,525795,113784,682,617
2021-06-29T23:59:59+02:00,8858,8169,165204,161837,288999,270464,327398,325373,405362,419041,470879,477651,333011,372502,237376,303245,70279,128260,266,242,59262,59794,124805,131126,149792,170099,224272,257250,312407,333394,267338,301351,214709,274490,65766,119599,3388131,2159367,475285,288209,801199,508374,110159,680,614
2021-06-28T23:59:59+02:00,8453,7789,161869,158370,283951,266136,324087,322524,403216,417109,469391,476338,332492,371889,237143,302936,70235,128167,206,192,56983,57434,120889,127600,145434,166007,215034,248819,306606,327975,262388,296050,212946,272254,65618,119333,3364146,2123557,471313,279573,800540,491828,106946,680,612
2021-06-27T23:59:59+02:00,8305,7666,160352,156837,281842,264323,322281,320981,401512,415750,468495,475621,332202,371597,237040,302773,70216,128118,180,172,55777,56317,118756,125885,142859,163868,210913,245420,303231,325109,258572,292034,210484,269338,65507,119138,3354092,2108028,469236,276066,799494,475661,103936,679,610
2021-06-26T23:59:59+02:00,7150,6567,157080,153496,279732,262438,319862,318738,400320,414594,467796,474923,331932,371316,236933,302615,70192,128088,169,160,55229,55725,117407,124726,141431,162625,208666,243410,300695,322690,257032,290372,210149,268927,65480,119068,3334934,2091170,466407,275974,799487,473161,103800,659,592
2021-06-25T23:59:59+02:00,5928,5450,152768,149206,276330,259479,317806,316774,399007,413342,466794,474095,331643,370981,236806,302459,70165,128039,140,138,53933,54095,114918,122018,137333,158052,199889,234952,294994,316806,255305,288248,209553,268125,65409,118952,3309940,2048590,464976,274273,799436,466562,103569,659,588
2021-06-24T23:59:59+02:00,5062,4661,148313,145069,271485,255522,313523,312988,396804,411461,465417,472957,331216,370519,236637,302221,70131,127952,121,108,51279,51497,109770,117280,129970,151392,187819,224481,283566,306563,249916,282395,207713,265777,65206,118551,3278663,1986403,462966,262453,799270,452786,101871,658,585
2021-06-23T23:59:59+02:00,4841,4455,145144,141945,267778,252353,308277,308180,394311,409112,464012,471635,330688,369899,236406,301909,70083,127845,89,78,49332,49405,105964,113358,124284,145701,177908,215805,271576,294550,245297,277565,206376,264077,65045,118191,3251057,1929946,459437,252578,799109,442078,100094,656,582
2021-06-22T23:59:59+02:00,4588,4225,142062,138812,264057,248965,302145,302744,391675,406550,462466,470146,330138,369290,236186,301556,70036,127738,59,57,47635,47655,102345,110042,119471,141113,165302,204651,260652,284233,241220,273085,204452,261666,64793,117719,3218955,1871468,457497,244838,798918,431111,98815,655,573
2021-06-21T23:59:59+02:00,4329,3979,138795,135861,259340,245054,296897,297872,388625,403674,460991,468789,329618,368726,235965,301245,69996,127626,51,49,46400,46422,99951,107812,116725,138399,159070,198866,253757,277592,235862,267235,200511,257131,64608,117342,3187160,1840394,455449,239320,798713,411289,96852,650,572
2021-06-20T23:59:59+02:00,4185,3860,137281,134349,255074,241551,294306,295627,387232,402354,460199,468039,329393,368437,235853,301112,69976,127564,45,46,45263,45489,97680,106006,114438,136405,156033,196324,249439,273509,232852,263701,199521,255876,64527,117216,3169623,1819944,453682,235764,798553,403413,95317,648,565
2021-06-19T23:59:59+02:00,3769,3509,135125,132247,252322,239223,292519,293969,385386,400785,459356,467310,329172,368184,235750,300974,69956,127532,44,44,44715,44840,96404,104735,112957,134929,154522,194881,246210,270476,232126,262849,199349,255612,64505,117163,3153264,1803926,450854,234176,798542,403120,95201,648,564
2021-06-18T23:59:59+02:00,2817,2596,131835,129106,248795,236166,288501,290554,382981,398655,458015,466150,328796,367784,235595,300739,69930,127483,44,44,43929,43922,94823,102949,110654,132258,150971,190839,239336,263177,230393,260839,198861,254971,64429,117028,3127422,1774553,446413,233646,798516,396399,94917,647,562
2021-06-17T23:59:59+02:00,2581,2373,128121,125813,242758,231714,283266,286161,378182,394658,455687,464311,328200,367062,235350,300383,69865,127369,42,44,41681,42093,90766,99466,105739,127499,143095,183152,227927,251769,225181,254893,197209,252810,64170,116608,3092549,1718776,443413,229495,798253,385470,90445,597,552
2021-06-16T23:59:59+02:00,2310,2137,124881,122403,237851,227360,278557,281899,373007,390157,453090,462166,327459,366265,235058,299968,69799,127254,42,40,39844,40488,87223,96426,101375,123663,134844,175795,215807,239835,218938,247769,195281,250482,63918,116120,3058953,1658860,437862,223884,797761,377342,87836,595,549
2021-06-15T23:59:59+02:00,1921,1804,119964,117531,231861,222206,273200,276905,367936,385520,450238,459743,326588,365285,234707,299456,69717,127070,41,38,38226,38872,83888,93373,97400,119604,127778,169411,203432,227788,212896,240968,193314,248045,63608,115547,3014179,1601465,435928,218024,797198,369648,85117,594,546
2021-06-14T23:59:59+02:00,1658,1528,115905,113366,226626,217295,267833,271928,362643,380759,447115,457147,325800,364424,234397,299067,69655,126949,37,37,37246,37982,81608,91268,94684,117079,123654,165656,196819,221276,209776,237456,192177,246569,63389,115152,2971972,1571801,433572,215739,796938,361977,82367,593,542
2021-06-13T23:59:59+02:00,1585,1443,114410,111985,224172,215182,265287,269667,360386,378797,445940,456120,325524,364118,234260,298896,69623,126875,34,37,36376,37244,79744,89589,92667,115253,120826,163038,192932,217557,206680,234007,191140,245197,63156,114738,2956950,1557746,431131,208455,796637,353727,80300,592,540
2021-06-12T23:59:59+02:00,1436,1305,111758,109233,222276,213451,263901,268383,358947,377397,445046,455351,325234,363808,234168,298793,69605,126847,34,37,36006,36835,78753,88493,91409,113947,119243,161470,189363,214248,205645,232878,189742,243540,63146,114706,2940756,1544549,430152,208442,796615,346347,80160,591,539
2021-06-11T23:59:59+02:00,1289,1169,109204,106716,219375,210823,260230,265190,355805,374660,443328,453878,324797,363357,234031,298583,69578,126792,34,36,35330,35716,76743,85104,89171,110406,115126,156316,182646,206782,203548,230506,189135,242770,63083,114607,2916304,1516975,427348,207745,796431,332882,79454,590,538
2021-06-10T23:59:59+02:00,1127,1012,104450,102298,213294,206053,253167,259360,349704,369359,438830,450101,323938,362386,233711,298137,69494,126640,32,35,33748,34223,72733,80915,84243,104889,108441,148076,170262,193119,197454,223599,187403,240625,62829,114202,2872622,1469673,420231,205994,795597,305833,75314,585,533
2021-06-09T23:59:59+02:00,978,882,100525,98583,207314,201322,246347,253643,343034,363405,435146,447077,323257,361641,233439,297754,69430,126507,31,34,32209,32958,69489,78258,80541,101717,103705,143785,159095,182331,186807,211574,185534,238376,62556,113707,2833557,1415498,411694,202004,795084,294533,70649,566,527
2021-06-08T23:59:59+02:00,796,701,95986,94031,200671,195746,239381,247620,334764,356116,430034,442403,322419,360638,233064,297267,69351,126371,29,32,31133,32098,66898,75952,77250,98976,99104,139862,151465,174815,178072,201836,183722,236120,62325,113339,2781507,1376164,405914,197079,794498,283639,66118,564,519
2021-06-07T23:59:59+02:00,637,560,92757,90925,194594,191036,232818,242369,326931,349939,426980,439951,321873,359999,232847,296939,69297,126275,27,30,30256,31248,64424,73992,74289,96813,95330,136925,143364,167006,174009,197196,182288,234306,62101,112953,2742434,1348966,399734,193770,793930,272499,61285,564,518
2021-06-06T23:59:59+02:00,599,525,91175,89606,191295,188474,229457,239589,322644,346531,425540,438870,321597,359701,232739,296781,69274,126228,27,30,29653,30690,62644,72301,72200,94792,92128,133850,137657,161195,171471,194557,181177,232906,61872,112574,2726975,1337067,392330,184049,793441,262045,58523,563,511
2021-06-05T23:59:59+02:00,517,445,89228,87588,186413,184248,226989,237455,320826,344910,424544,437958,321314,359382,232589,296614,69260,126196,27,29,29191,29928,61438,70339,70796,92637,90439,131567,132884,155844,168457,190881,180691,232247,61838,112508,2703441,1313383,392197,183582,793344,256597,58129,561,508
2021-06-04T23:59:59+02:00,417,360,86866,85057,182739,180622,222970,233500,317228,341267,422181,435758,320857,358847,232394,296385,69221,126134,27,27,28719,29250,60308,68677,69496,90535,88642,128935,129502,152177,164211,186099,179698,230979,61790,112420,2674152,1294451,388369,182807,793224,246507,57677,559,504
2021-06-03T23:59:59+02:00,325,283,83575,81978,176993,175941,215682,227385,309497,334555,414420,428890,319820,357661,232023,295932,69165,126001,25,26,27828,28234,58401,66471,67090,87774,84988,124797,122718,145490,157850,178465,178121,228943,61676,112182,2625114,1265148,378114,177451,792803,233733,54691,557,494
2021-06-02T23:59:59+02:00,275,224,81487,79806,172884,172199,212020,224215,305901,331189,412366,427052,319409,357202,231870,295725,69137,125950,24,25,27356,27749,57261,65339,65472,86484,82910,122839,117726,140591,149952,169474,177396,227985,61591,112011,2596251,1232805,376724,175476,792778,230104,53745,553,483
2021-06-01T23:59:59+02:00,175,156,77213,75976,164595,165611,202641,216471,296786,323294,404147,419210,317898,355589,231329,294985,69025,125723,23,22,25801,26329,52940,62372,60615,83179,77466,118319,110285,133353,138825,156023,175282,225239,61384,111586,2537479,1182483,365058,171359,792020,218313,46828,547,470
2021-05-31T23:59:59+02:00,153,139,74466,73485,158929,161281,195322,210489,289393,316901,398400,414236,316898,354469,230941,294463,68935,125552,23,21,24887,25265,50310,60142,57435,80634,73844,115025,105768,128890,134652,151090,173906,223509,61215,111253,2496993,1159959,355651,168987,791378,207893,40967,546,461
2021-05-30T23:59:59+02:00,142,131,73412,72414,156441,159238,192688,208130,286595,314384,396514,412490,316535,354057,230780,294222,68897,125471,23,21,24279,24478,48710,58393,55686,78767,71589,112448,103101,126010,132491,148554,173111,222572,61121,111041,2481145,1150114,353123,167675,790747,196492,38056,545,447
2021-05-29T23:59:59+02:00,139,129,72803,71821,154925,157833,190387,206102,284754,312797,395677,411720,316312,353812,230699,294143,68886,125452,22,21,23953,23950,47787,56892,54339,76883,69662,109602,100774,123203,129674,145117,172454,221664,61094,110989,2467246,1136448,352962,167607,790683,185941,38030,543,441
2021-05-28T23:59:59+02:00,135,126,71717,70706,152518,155574,186710,202557,281474,309664,393814,409949,315900,353305,230553,293930,68867,125395,22,20,23418,22947,46174,54760,52501,74317,67611,105647,96434,117311,125277,140044,171476,220352,61047,110875,2443386,1113717,351907,167392,790475,171423,37648,541,433
2021-05-27T23:59:59+02:00,124,117,68395,67687,146024,150623,178518,196295,275067,304491,387500,404259,314632,351858,230092,293398,68795,125213,20,19,22089,21263,42918,51703,48614,70495,63036,99622,90064,109784,121332,135403,168660,216637,60873,110560,2398741,1085169,344272,164650,788666,151299,31914,537,424
2021-05-26T23:59:59+02:00,120,114,66239,65501,141067,146527,172408,191230,268309,298817,380758,397568,313105,350238,229597,292700,68690,125000,20,18,21343,20342,41086,49560,46257,67749,59991,95823,85469,104652,116339,129663,164846,211279,60663,110131,2361393,1053112,331053,163066,786842,139806,29188,533,417
2021-05-25T23:59:59+02:00,119,107,64208,63503,136858,143036,167356,186930,261236,292521,375325,392171,311816,348821,229182,292049,68607,124823,20,18,20763,19674,39680,48036,44416,65724,57512,92812,81381,100260,111376,123944,159276,203997,60493,109824,2323765,1021402,323539,159641,784294,130558,27549,529,410
2021-05-24T23:59:59+02:00,117,104,62960,62284,134093,140923,164074,184510,254285,286522,370377,387486,310985,347902,228897,291664,68536,124692,20,18,20417,19262,38654,46955,43069,64234,55824,90799,79137,97738,109938,122282,158664,203205,60380,109621,2299990,1011988,312413,158334,782486,123854,25992,527,402
2021-05-23T23:59:59+02:00,112,103,62461,61766,132990,140024,162874,183473,253040,285497,368784,386053,310361,347242,228724,291436,68516,124656,20,15,20183,19072,38098,46394,42308,63529,54653,89800,77637,96366,108755,120874,157683,201979,60309,109479,2288455,1003759,311824,155249,782441,122248,25859,526,391
2021-05-22T23:59:59+02:00,109,101,61764,61140,131490,138938,160496,181845,250065,283199,366301,383821,309832,346647,228547,291168,68490,124605,19,15,19863,18647,37479,45788,41668,62999,53997,89067,76864,95216,107203,119063,156908,201008,60282,109425,2270424,997036,311807,155243,782402,118805,24385,526,390
2021-05-21T23:59:59+02:00,105,99,60421,59697,128574,136334,157192,178516,244823,278429,360198,378133,308895,345552,228252,290770,68429,124497,19,15,19495,18277,36860,45012,41011,61942,53037,87666,75133,92912,103956,115107,155767,199554,60189,109249,2234281,983958,310161,154915,780822,112195,24096,521,384
2021-05-20T23:59:59+02:00,96,97,57368,56900,122829,131453,150250,172198,234500,269663,351156,369841,306351,342805,227482,289757,68297,124277,18,15,18198,17339,34682,42762,38551,59031,50207,83887,71200,88397,99813,110444,153291,196524,60005,108891,2176191,964545,303486,152953,774865,94512,21199,516,381
2021-05-19T23:59:59+02:00,94,95,55154,54706,117813,126768,143074,165575,223945,260295,340602,358922,303698,339942,226732,288708,68146,124001,18,15,17613,16551,33455,41175,37140,56960,48186,81099,67950,84815,95924,105966,149650,191773,59743,108400,2110179,941054,297228,150969,771883,84990,19379,511,364
2021-05-18T23:59:59+02:00,90,91,53051,52739,113023,122500,136682,160001,212366,249918,330712,349116,301026,336970,225851,287509,67996,123746,18,15,17091,15945,32238,39707,35776,55164,46365,78685,65054,81582,91905,101422,146444,187693,59531,107965,2050245,920731,287842,148097,768287,76327,17398,507,363
2021-05-17T23:59:59+02:00,87,87,52014,51742,110680,120434,133863,157343,205833,243895,323134,342016,299230,334998,225261,286686,67887,123534,18,15,16631,15494,31185,38660,34595,53864,44880,76882,62782,79179,87060,95546,144977,185807,59382,107652,2023391,908982,275519,140622,764855,69622,15336,501,354
2021-05-16T23:59:59+02:00,85,84,51223,51087,109229,119109,132116,155675,202858,241209,315694,335052,298208,333867,224951,286202,67834,123436,18,15,16347,15121,30432,37877,33719,52941,43815,75566,61445,77706,83643,91461,144186,184730,59295,107510,2008015,902858,265083,133856,761605,65481,13583,497,347
2021-05-15T23:59:59+02:00,84,84,50684,50452,108224,118116,131100,154558,200924,239270,312122,331833,297585,333182,224755,285931,67814,123372,18,15,16206,14957,30175,37565,33432,52505,43326,74915,60590,76717,83045,90645,143666,184062,59259,107461,1991785,897592,265061,133707,760735,64344,12872,495,342
2021-05-14T23:59:59+02:00,83,83,49422,49019,105963,116014,127499,151100,192706,232192,305803,325942,296603,332044,224469,285483,67765,123278,18,15,15705,14525,29382,36737,32644,51310,42246,73121,59014,74764,81125,88149,143054,183066,59218,107376,1954453,887880,263356,132822,756186,58902,11817,492,340
2021-05-13T23:59:59+02:00,80,81,47500,47063,102107,112771,122767,146980,182667,223597,295187,316114,293637,328623,223659,284345,67665,123070,16,14,14845,14077,28524,36033,31881,50405,41289,72022,57500,73190,77343,83792,140283,179456,59109,107159,1902794,875290,254702,125763,749952,55048,10794,486,332
2021-05-12T23:59:59+02:00,78,79,46584,46350,100184,111330,120695,145309,180105,221482,290454,310782,292474,327350,223419,284027,67627,122986,16,13,14679,13925,28200,35811,31472,50115,40838,71644,56955,72618,75990,82157,139502,178319,59022,107000,1879650,869503,252536,123963,749460,54776,9992,482,330
2021-05-11T23:59:59+02:00,74,73,44333,44872,96139,108242,114870,140573,166725,210203,278792,300013,289072,323435,222466,282628,67478,122687,15,12,14245,13358,27183,34377,30332,48304,39526,69367,55243,70346,72893,78564,138139,176481,58861,106640,1820733,857150,242798,121269,740937,46910,8508,477,329
2021-05-10T23:59:59+02:00,73,69,43077,43891,93532,106230,111605,137938,158330,203177,270906,292899,286896,320981,221894,281768,67354,122446,15,11,13900,12913,26419,33390,29537,47042,38524,67510,54012,68615,70802,76003,136994,174965,58741,106350,1785123,848250,236747,120210,733956,39708,7532,471,320
2021-05-09T23:59:59+02:00,72,69,41952,43115,90847,104463,108935,136163,153310,199749,265378,287950,285650,319587,221517,281239,67288,122299,15,11,13583,12690,25719,32719,28808,46236,37728,66545,53083,67668,69566,74598,136396,174125,58686,106219,1765742,843652,229641,119229,727948,34925,6544,462,317
2021-05-08T23:59:59+02:00,71,69,41660,42812,89998,103728,107832,135298,151857,198529,262811,285882,285148,319046,221398,281062,67272,122267,15,11,13482,12627,25584,32626,28661,46104,37538,66349,52741,67347,68600,73674,135323,172756,58639,106126,1753659,839018,229126,118477,727720,34142,6527,455,309
2021-05-07T23:59:59+02:00,69,68,40736,42093,88057,102384,104993,133073,147234,194718,256549,280364,283806,317443,221053,280609,67220,122145,15,11,12734,12145,24754,31889,27893,45040,36673,65085,51557,65829,66346,70981,133088,169927,58550,105949,1727815,829298,225915,116201,723594,27348,5578,449,306
2021-05-06T23:59:59+02:00,65,67,38091,40367,83303,98920,98988,128314,137033,186202,240098,265945,278686,311645,219764,278921,67046,121832,15,11,12049,11626,23813,30784,26891,43686,35312,63081,49815,63845,63851,67846,130976,167162,58436,105732,1662205,818167,216004,113085,712677,18971,4669,434,300
2021-05-05T23:59:59+02:00,63,65,36199,39168,79639,96327,94381,124659,129199,179665,225338,251899,272499,304508,218188,276930,66800,121310,15,10,11813,11349,23263,30054,26285,42761,34385,61677,48659,62424,61235,64726,128030,163455,58338,105481,1595953,805816,210919,109509,706627,15001,3600,430,294
2021-05-04T23:59:59+02:00,63,63,35089,38054,76905,93997,90869,121612,123620,174928,214699,241614,267011,298058,216742,275087,66591,120843,15,10,11647,11143,22852,29513,25819,41984,33659,60578,47546,61145,58507,61534,125660,160518,58189,105245,1546836,793871,205789,106867,700535,11850,2946,423,289
2021-05-03T23:59:59+02:00,62,61,34216,37001,74611,92172,87989,119254,119179,171280,208032,235603,263722,294192,215945,274000,66469,120548,15,10,11399,10870,22454,28927,25335,41281,32968,59610,46518,59999,55707,58188,121881,155617,57931,104806,1515032,777956,202672,105152,695593,9090,1295,417,280
2021-05-02T23:59:59+02:00,62,61,33861,36685,73427,91260,86509,118150,116747,169410,204930,233079,262758,293103,215660,273593,66402,120440,15,9,11326,10795,22263,28710,25099,40993,32620,59202,46061,59519,54517,56724,118806,151935,57847,104674,1504388,772905,199872,99583,691709,8185,426,408,269
2021-05-01T23:59:59+02:00,61,61,33542,36305,72662,90465,85436,117106,115274,168044,201841,230047,262066,292276,215449,273313,66391,120401,15,9,11312,10779,22209,28679,25034,40954,32558,59145,45979,59441,54275,56430,118649,151738,57838,104657,1489266,771588,199863,99543,691443,8137,419,407,267
2021-04-30T23:59:59+02:00,58,59,32997,35704,71454,89243,83970,115374,111488,164469,194436,222930,260074,289905,215000,272705,66331,120292,15,9,10987,10583,21844,28401,24755,40525,32230,58581,45512,58806,53377,55265,117697,150551,57783,104538,1456339,767895,199536,97548,690642,5790,217,403,262
2021-04-29T23:59:59+02:00,56,58,31495,34751,68519,87210,80330,112757,106366,160348,181609,211375,252136,280798,213804,271076,66197,119949,15,9,10677,10368,21366,27951,24324,40026,31641,57840,44706,57872,51542,53066,115845,148310,57682,104341,1401371,759040,192251,94873,685260,3466,192,392,259
2021-04-28T23:59:59+02:00,55,57,30260,34136,66646,85895,77846,110931,102938,157487,171907,202186,241280,268194,212523,269392,66001,119623,15,9,10488,10205,21060,27590,23955,39551,31210,57178,43975,57042,49400,50429,113260,145069,57557,104129,1348661,749412,188886,90313,679887,2242,159,386,241
2021-04-27T23:59:59+02:00,52,56,29501,33448,65062,84422,75827,109116,100169,155088,167167,197450,232769,258381,211377,267777,65881,119401,15,9,10363,10092,20777,27297,23718,39220,30848,56673,43281,56352,47391,47885,110617,141630,57438,103929,1314556,739579,186577,86298,671891,1520,157,375,225
2021-04-26T23:59:59+02:00,51,56,29070,33063,63961,83533,74323,107943,97871,153372,158547,189443,228574,253529,210670,266780,65788,119201,15,9,10268,10002,20558,27105,23478,39004,30546,56329,42662,55774,45583,45735,108722,139145,57342,103775,1285575,731599,185136,83190,665158,1138,150,360,218
2021-04-25T23:59:59+02:00,51,55,28817,32823,63179,83002,73254,107203,96135,152137,153149,184568,224239,248644,210080,265998,65722,119078,15,9,10212,9967,20478,27023,23389,38921,30437,56201,42498,55614,45171,45238,108042,138238,57314,103704,1272760,729921,178996,81422,656476,1006,147,353,218
2021-04-24T23:59:59+02:00,51,54,28471,32395,62237,81776,72066,105749,94579,150471,148237,179412,221452,245306,209611,265324,65688,119028,15,9,10198,9947,20436,26979,23334,38855,30357,56114,42347,55478,44927,44927,107790,137941,57293,103676,1247850,728819,178963,80722,655187,962,146,349,216
2021-04-23T23:59:59+02:00,49,54,27721,31771,60668,80259,70261,103727,91984,147824,143437,175011,216890,239752,208956,264336,65625,118913,15,9,10145,9883,20327,26892,23198,38704,30124,55904,41982,55147,44310,44167,106726,136652,57136,103400,1222903,725452,177778,78244,646645,910,142,346,213
2021-04-22T23:59:59+02:00,47,53,27103,31170,59129,78819,67789,101507,87845,144329,135389,167511,207859,228755,206919,261709,65426,118516,14,9,10020,9784,20073,26594,22842,38266,29608,55389,41231,54510,43152,42851,104729,134200,56907,103002,1181342,717952,170316,74332,638300,789,142,339,206
2021-04-21T23:59:59+02:00,47,49,26607,30649,57797,77713,65901,99870,84796,141687,128203,160692,194770,213417,204769,258823,65200,118090,14,9,9888,9697,19839,26342,22553,37940,29248,54935,40677,53972,42299,41828,102531,131405,56652,102586,1129805,711367,167430,70233,631921,714,142,336,198
2021-04-20T23:59:59+02:00,45,48,26179,30178,56624,76561,64220,98279,82237,139113,123110,155615,183298,199955,202341,255686,64964,117660,13,9,9783,9605,19619,26152,22257,37665,28835,54515,40135,53441,41477,40891,100305,128408,56313,102052,1087111,703772,163940,66982,625134,633,140,334,187
2021-04-19T23:59:59+02:00,45,47,25812,29819,55649,75744,62932,97101,80101,137186,119576,152221,177530,193114,200632,253455,64779,117330,13,9,9675,9511,19385,25930,22009,37390,28517,54121,39620,52906,40681,39985,97190,124409,55907,101337,1062524,693355,162103,64559,618524,595,139,325,185
2021-04-18T23:59:59+02:00,44,42,25503,29555,54877,75194,61804,96152,78237,135759,116208,149822,172414,187552,199616,252225,64667,117138,13,9,9601,9434,19194,25752,21830,37222,28301,53840,39359,52655,40352,39603,95975,122855,55723,101036,1048495,689463,160433,62628,607953,580,139,321,181
2021-04-17T23:59:59+02:00,43,41,25391,29461,54504,74993,61286,95798,77582,135156,115357,149079,168158,182666,199083,251499,64633,117075,13,9,9556,9375,19055,25563,21642,36993,28073,53565,39095,52387,40048,39278,95208,121927,55658,100952,1037596,685435,160403,62312,603878,568,139,320,180
2021-04-16T23:59:59+02:00,43,41,25016,29212,53512,74382,59996,94918,75952,133824,111204,144934,160511,173895,197424,249295,64525,116867,13,9,9350,9198,18658,25128,21051,36417,26958,52657,37064,50781,36713,36315,92009,118398,55255,100296,1011664,670279,159608,55374,594351,538,137,318,176
2021-04-15T23:59:59+02:00,41,37,24539,28763,52253,73213,58030,93190,72667,130980,105728,139653,152640,164914,192769,243425,64229,116251,13,9,9175,9034,18286,24703,20555,35752,26278,51854,35673,49547,34599,34263,88883,114650,54746,99439,979429,657119,157550,49779,576413,488,136,312,169
2021-04-14T23:59:59+02:00,39,34,24199,28436,51313,72273,56686,91798,70280,128815,101726,135875,143435,154526,185030,233547,63888,115586,13,9,8764,8760,17807,24194,20013,35096,25362,50977,34385,48426,32546,32100,85900,110992,54252,98576,941516,642151,154881,45552,561164,396,135,302,168
2021-04-13T23:59:59+02:00,39,34,23955,28214,50612,71738,55729,90961,68637,127396,97996,132431,131598,141392,178638,225224,63550,114997,13,9,8525,8585,17455,23780,19578,34549,24688,50179,33309,47403,31160,30732,83734,108583,53891,98031,908195,632702,150360,41158,544662,273,134,297,166
2021-04-12T23:59:59+02:00,39,33,23746,28023,50054,71224,54859,90224,67162,126104,95355,130104,124476,133357,175412,221276,63279,114506,13,9,8288,8396,17088,23479,19206,34111,24213,49642,32642,46774,29626,29188,82070,106643,53565,97509,891756,624228,148813,37903,528747,260,132,288,162
2021-04-11T23:59:59+02:00,38,33,23572,27858,49522,70801,54119,89765,66013,125296,93488,128622,118985,127332,171498,216672,63109,114208,13,9,8151,8262,16787,23200,18886,33794,23855,49260,32197,46388,28987,28520,81051,105396,53356,97190,884244,618919,144406,36072,512374,246,126,280,158
2021-04-10T23:59:59+02:00,38,33,23510,27801,49351,70659,53914,89603,65681,125024,92962,128181,116899,124800,170058,214818,63067,114108,13,9,7562,7655,15893,22411,17925,32953,22734,48223,31084,45391,28324,27808,78954,102787,53088,96754,877222,603567,143548,35693,509837,242,118,278,158
2021-04-09T23:59:59+02:00,37,33,23262,27550,48843,70164,53264,88906,64682,123893,91133,126270,108065,113851,166678,210409,62867,113750,12,9,6601,6753,14358,21085,16204,31393,20590,46251,28868,43378,26542,25979,75441,98600,52544,95914,857750,576055,136491,34174,499526,230,106,269,156
2021-04-08T23:59:59+02:00,37,33,22964,27302,48263,69671,52506,88206,63367,122806,88708,124099,97743,101841,161129,203560,62537,113181,12,9,5956,6163,13163,20064,14940,30053,18949,44535,26373,41048,23518,23003,70769,92794,51387,94147,839030,544386,127593,32236,481450,203,94,266,154
2021-04-07T23:59:59+02:00,35,32,22649,27073,47452,69204,51568,87581,61969,121811,85549,121648,88533,91535,154116,194774,62243,112624,12,9,5575,5838,12500,19385,14120,29221,17908,43485,24462,39151,20976,20477,66797,88011,50389,92528,818546,520858,121986,29756,459996,178,85,252,150
2021-04-06T23:59:59+02:00,34,32,22435,26914,46920,68819,50977,87052,60934,121033,83435,119900,80767,82718,147738,186804,61898,111998,12,9,5378,5679,12146,19023,13765,28783,17372,42920,23601,38336,19844,19446,63628,83900,49465,91135,799227,507445,118769,26789,442551,166,79,243,146
2021-04-05T23:59:59+02:00,34,31,22335,26789,46608,68470,50585,86649,60380,120337,82251,118746,76286,77623,142757,180716,61697,111682,12,9,5239,5540,11886,18768,13471,28467,17051,42543,23153,37876,19381,18976,60733,80336,48767,90068,789773,498080,117016,23997,427335,161,73,234,146
2021-04-04T23:59:59+02:00,34,31,22286,26725,46485,68196,50413,86334,60099,119835,81737,118113,74840,75910,142055,179742,61660,111600,12,9,5233,5531,11867,18753,13459,28450,17032,42527,23054,37804,18974,18654,59292,78483,48560,89756,787215,493274,116905,23992,422134,154,67,229,143
2021-04-03T23:59:59+02:00,34,31,22224,26644,46360,68087,50249,86158,59785,119520,81168,117535,73494,74276,140941,178206,61577,111452,12,9,5222,5522,11854,18733,13437,28430,16999,42480,22948,37729,18838,18503,58938,77917,48471,89609,780853,491478,116862,23992,420185,152,66,228,143
2021-04-02T23:59:59+02:00,34,31,22145,26558,46196,67918,50026,85908,59313,119064,80284,116722,71936,72389,138658,175224,61383,111092,12,9,5201,5484,11805,18689,13382,28348,16910,42331,22675,37253,18483,18140,56600,75030,47659,88506,771716,482992,115078,23350,418250,152,62,225,139
2021-04-01T23:59:59+02:00,31,30,21950,26353,45780,67398,49382,85164,58440,118124,78398,115052,68673,68958,134569,170048,61066,110522,12,9,5054,5340,11529,18424,13156,28110,16588,42023,22171,36810,17653,17388,51730,68975,45967,86028,760060,464836,108986,21976,411059,139,57,221,135
2021-03-31T23:59:59+02:00,30,30,21621,26134,45377,66867,48880,84511,57708,117182,77236,113811,66622,66632,129809,163929,60660,109798,11,9,4976,5287,11429,18300,12991,27956,16349,41754,21576,36293,16516,16483,46495,62542,44580,84034,750273,446404,101809,21036,404930,136,49,218,132
2021-03-30T23:59:59+02:00,30,29,21443,25909,44974,66248,48372,83708,56996,116127,76096,112432,64776,64611,125429,158177,60193,108902,11,9,4909,5201,11324,18173,12796,27765,16017,41430,21001,35747,15680,15681,43729,59124,43468,82235,740074,434526,97583,19667,396984,109,42,209,129
2021-03-29T23:59:59+02:00,29,29,21245,25670,44510,65696,47891,83013,56259,115044,74858,110992,62279,61860,118692,149555,59424,107511,11,9,4811,5129,11217,18055,12639,27599,15770,41106,20538,35278,15028,15139,41124,56128,42360,80405,719521,423279,94161,18980,391068,92,40,206,127
2021-03-28T23:59:59+02:00,29,29,21040,25378,44010,65002,47373,82268,55578,114036,73908,109881,61020,60423,113981,143586,58981,106753,11,9,4754,5068,11071,17904,12379,27299,15576,40859,20370,35044,14789,14892,40048,54714,42008,79863,712966,418948,86853,17654,383649,71,40,202,117
2021-03-27T23:59:59+01:00,29,29,20919,25219,43714,64637,47008,81738,55072,113345,73232,109143,59865,59334,112491,141879,58914,106671,11,9,4740,5056,11044,17884,12360,27269,15214,40427,19970,34606,14497,14682,39563,54027,41536,79047,707686,414892,86148,17001,379596,66,40,199,115
2021-03-26T23:59:59+01:00,29,28,20667,24706,42905,62931,46032,79712,53735,110323,71217,105526,57848,57445,109739,138646,58586,106153,9,9,4720,5023,11021,17832,12289,27176,15135,40317,19626,34011,14026,14029,36479,50174,39476,75789,696277,400325,82830,16782,367315,53,37,192,115
2021-03-25T23:59:59+01:00,29,25,20235,24033,42028,61164,44932,77159,52223,106789,68823,101760,55250,54804,106426,134677,58015,105160,9,9,4674,4967,10930,17728,12165,27032,14949,40099,19346,33702,13546,13534,32630,45117,36473,71236,684829,381934,78627,16186,350274,47,34,187,111
2021-03-24T23:59:59+01:00,29,25,19831,23583,41243,59889,43908,75617,50838,104861,66718,99427,52466,51886,102175,129586,57376,104083,9,9,4618,4899,10836,17585,11997,26828,14719,39811,18979,33281,13086,13086,30058,41901,33354,66396,672009,366352,73746,15088,337987,41,29,184,107
2021-03-23T23:59:59+01:00,29,25,19584,23281,40683,58965,43178,74516,49795,103346,65046,97564,50166,49542,99422,126375,56819,103246,9,9,4558,4827,10736,17458,11849,26642,14473,39497,18561,32891,12583,12577,27619,38787,29653,60461,663839,348685,70404,14499,327542,37,27,182,105
2021-03-22T23:59:59+01:00,29,25,19359,22861,40036,58078,42506,73473,48849,101958,63570,95931,48334,47649,97026,123635,56351,102480,6,8,4501,4781,10648,17340,11717,26464,14314,39258,18319,32588,12266,12203,25775,36417,25649,53975,657502,332286,67600,13942,317248,32,27,180,103
2021-03-21T23:59:59+01:00,29,25,19219,22600,39537,57319,41945,72624,48191,100799,62625,94696,47285,46623,95382,121784,55979,101902,6,8,4485,4772,10611,17292,11668,26377,14253,39169,18238,32487,12145,12067,25345,35968,25295,53415,654887,330078,65566,13529,308308,32,24,179,98
2021-03-20T23:59:59+01:00,28,25,19158,22455,39324,56823,41705,72063,47877,100163,62184,94094,46628,45855,92787,118552,55691,101418,6,8,4476,4763,10601,17279,11639,26359,14210,39134,18157,32411,11991,11907,24704,35196,24530,52333,648410,326369,65116,13341,303497,32,24,178,98
2021-03-19T23:59:59+01:00,27,24,18801,21888,38193,54695,40421,70068,46139,98074,59301,91338,42187,41983,87566,112795,54992,100342,6,8,4455,4748,10568,17229,11574,26246,14118,38960,17920,32111,11636,11625,23024,33132,22846,49763,630651,317002,57902,12977,290473,29,23,174,97
2021-03-18T23:59:59+01:00,27,23,18407,21239,37011,52538,38884,67277,43982,93599,55452,85541,38152,38172,82833,107317,53903,98688,6,8,4435,4719,10502,17126,11495,26090,13972,38771,17706,31909,11401,11442,21777,31608,21130,47162,613696,308909,52168,12363,267367,27,22,170,93
2021-03-17T23:59:59+01:00,26,22,17979,20886,36280,51615,38116,66319,42900,92239,53662,83716,35472,35380,78819,102489,52962,97217,5,8,4412,4691,10438,17026,11420,25956,13858,38581,17509,31716,11161,11215,20522,30189,19539,44756,597004,301374,47766,11650,261509,25,20,167,86
2021-03-16T23:59:59+01:00,25,22,17620,20466,35528,50543,37301,65120,41801,90565,51820,81729,33262,33361,74781,97523,52079,95903,5,6,4361,4639,10366,16896,11330,25803,13758,38342,17375,31473,10982,11032,19240,28665,18057,42428,583707,293570,43077,11215,252843,24,17,164,84
2021-03-15T23:59:59+01:00,25,22,17339,20101,34814,49558,36506,63926,40892,89086,50559,80125,31536,31525,71487,93426,51385,94771,5,6,4339,4604,10299,16773,11264,25602,13640,38054,17226,31200,10813,10871,18509,27698,16789,40565,572557,287734,39748,10565,244966,24,5,158,79
2021-03-14T23:59:59+01:00,25,21,17068,19674,33959,48351,35603,62610,39829,87260,49302,78395,30367,30281,69489,90863,50943,94094,5,6,4315,4585,10254,16695,11207,25460,13579,37832,17134,31037,10740,10785,18330,27417,16527,40003,565432,286532,37869,9433,235022,15,2,154,79
2021-03-13T23:59:59+01:00,25,21,16248,18610,32458,46307,34026,60469,37788,84179,47162,75834,29011,28924,67470,88238,50675,93704,5,6,4315,4584,10252,16689,11202,25451,13570,37824,17126,31028,10706,10753,17581,26529,15480,38548,549071,282271,37585,9432,224661,14,2,154,78
2021-03-12T23:59:59+01:00,24,20,15146,17234,30011,43655,31358,57326,34919,79324,43947,71364,26170,25735,63158,82930,49690,92301,5,5,4302,4549,10233,16627,11183,25398,13524,37706,17036,30897,10426,10526,16688,25276,14408,37020,520992,276446,36274,9418,207206,12,2,149,76
2021-03-11T23:59:59+01:00,23,20,14103,15771,27750,40959,29032,54140,32324,74931,40184,66471,22760,22256,57133,75610,47763,89473,5,5,4260,4508,10153,16508,11069,25172,13406,37395,16871,30590,10122,10313,16056,24430,13740,35742,488893,272435,34682,7975,187266,10,2,144,68
2021-03-10T23:59:59+01:00,23,20,13509,15070,26338,39342,27376,52313,30758,72609,37658,63342,20002,19694,51215,68468,46212,87134,5,5,4223,4464,10054,16340,10948,24920,13258,36975,16672,30216,9880,10126,15314,23657,13080,34716,462432,267691,32636,7230,176153,6,2,140,66
2021-03-09T23:59:59+01:00,22,19,13225,14604,25212,38299,25958,51129,29692,70955,36278,61507,18815,18569,47701,64014,45090,85347,5,5,4198,4438,9969,16173,10844,24660,13104,36658,16494,29979,9753,10021,14649,22817,12581,33940,448814,263969,30093,6392,167655,6,2,139,60
2021-03-08T23:59:59+01:00,21,19,12894,13993,24131,37183,24685,49989,28754,69471,35037,59887,17741,17686,43581,59033,43863,83361,5,5,4183,4402,9907,15975,10741,24397,12969,36299,16363,29713,9669,9937,14152,22210,12265,33496,433349,260767,28083,5997,160021,2,2,136,59
2021-03-07T23:59:59+01:00,21,19,12660,13698,23535,36329,23986,49109,28149,68600,34425,59126,17476,17431,42514,57581,43498,82801,5,5,4171,4388,9884,15933,10714,24323,12937,36129,16306,29599,9647,9908,13953,21954,12130,33290,428575,259700,26266,5653,156242,0,2,130,59
2021-03-06T23:59:59+01:00,20,19,12546,13406,23131,35592,23449,48317,27098,67066,33323,57359,17089,17101,41868,56690,43198,82333,5,5,4168,4374,9872,15906,10696,24289,12927,36088,16288,29568,9629,9867,13906,21916,12027,33079,424498,259320,26202,5369,149028,0,2,129,57
2021-03-05T23:59:59+01:00,20,19,12132,12802,22447,34387,22760,47087,26341,65431,32088,54940,16439,16265,38409,52390,41045,78893,5,5,4141,4327,9802,15805,10645,24141,12859,35893,16201,29362,9534,9797,13721,21705,11656,32466,409310,257624,24748,4522,139954,0,1,129,55
2021-03-04T23:59:59+01:00,18,19,11372,11788,21259,32659,21545,45037,24983,62778,30392,52580,15708,15544,34404,47223,37966,74208,5,5,4091,4235,9687,15509,10542,23783,12726,35358,16056,28959,9354,9641,13563,21495,11572,32320,390854,254558,22669,4424,126074,0,1,128,52
2021-03-03T23:59:59+01:00,16,19,11060,11290,20571,31441,20769,43673,24070,61026,29345,50939,15228,15039,31788,43897,34876,69438,5,5,4049,4170,9607,15336,10461,23529,12618,34935,15876,28611,9169,9513,13436,21275,11428,32047,375386,251898,21872,4256,117338,0,1,124,46
2021-03-02T23:59:59+01:00,16,19,10799,10860,19925,30467,20055,42652,23283,59635,28368,49662,14599,14388,29112,40531,30979,63221,5,5,4001,4098,9544,15169,10391,23264,12512,34502,15772,28301,9042,9410,13296,21083,11351,31902,357174,249480,20361,4251,111145,0,0,121,46
2021-03-01T23:59:59+01:00,14,18,10626,10600,19410,29660,19491,41767,22692,58565,27652,48537,14176,13934,27039,37947,26709,56320,5,5,3985,4048,9489,15013,10325,22964,12428,34127,15663,27977,8957,9348,13113,20814,11235,31719,339915,247045,19245,4251,106103,0,0,119,46
2021-02-28T23:59:59+01:00,13,18,10455,10397,18941,29007,18952,41027,22210,57708,27160,47741,13966,13691,26432,37287,26304,55717,5,5,3968,4034,9463,14980,10306,22912,12411,34057,15636,27929,8930,9324,12981,20635,11171,31569,337445,246186,18383,4213,101302,0,0,118,44
2021-02-27T23:59:59+01:00,13,17,10276,9882,18613,28143,18693,40238,21926,56725,26833,46953,13694,13391,25763,36486,25380,54300,5,5,3954,4022,9441,14959,10274,22865,12372,33975,15589,27855,8909,9308,12960,20610,11149,31549,333537,245822,17661,4064,96228,0,0,118,42
2021-02-26T23:59:59+01:00,12,16,9479,9098,17714,26707,17911,38034,20994,53876,25372,44132,13227,12991,24171,34496,23851,51992,5,5,3873,3953,9362,14799,10200,22609,12292,33609,15472,27562,8830,9228,12893,20542,11109,31479,324399,243917,17406,3990,82361,0,0,117,41
2021-02-25T23:59:59+01:00,12,16,8324,8246,16394,25096,16644,35784,19758,50993,23661,41349,12749,12590,22893,32906,22352,49709,5,5,3749,3807,9196,14482,9977,22001,12034,32751,15144,26905,8633,9077,12631,20217,10969,31211,316774,239758,16631,3122,66158,0,0,112,39
2021-02-24T23:59:59+01:00,11,15,7958,7722,15742,24062,16019,34548,19042,49480,22870,40150,12354,12254,21586,31410,20676,47082,4,5,3675,3737,9052,14189,9799,21544,11827,32120,14882,26368,8491,8938,12487,20044,10904,30999,308541,236969,15664,2181,58860,0,0,112,38
2021-02-23T23:59:59+01:00,11,15,7475,7244,14928,22885,15332,33331,18319,48072,22149,39078,12039,11929,20245,29837,19063,44529,4,5,3633,3660,8932,13985,9658,21145,11639,31540,14579,25864,8320,8793,12359,19833,10832,30762,300415,234113,14862,1515,51284,0,0,110,37
2021-02-22T23:59:59+01:00,10,13,7368,7038,14546,22268,14979,32605,17852,47063,21654,38344,11835,11679,19496,28824,17743,42575,4,5,3603,3558,8794,13694,9495,20642,11384,30793,14208,25264,8070,8597,12158,19578,10726,30452,294531,230786,14254,321,47184,0,0,106,37
2021-02-21T23:59:59+01:00,10,13,7278,6912,14220,21821,14560,32022,17435,46413,21216,37850,11727,11576,19334,28610,17495,42241,4,5,3563,3518,8709,13570,9414,20424,11311,30500,14085,24991,8010,8536,12100,19467,10655,30288,293380,228927,13885,304,43546,0,0,101,36
2021-02-20T23:59:59+01:00,10,13,7161,6862,14093,21741,14442,31884,17315,46260,21054,37667,11627,11492,18551,27693,16436,40770,4,5,3561,3511,8698,13562,9404,20403,11296,30475,14070,24980,8005,8527,12035,19403,10601,30219,289114,228538,13688,303,42346,0,0,99,35
2021-02-19T23:59:59+01:00,8,12,6859,6609,13739,21301,14069,31213,16842,45464,20348,36794,11020,11090,17502,26363,15280,39162,4,5,3481,3486,8622,13533,9361,20344,11258,30382,14011,24885,7963,8467,11816,19131,10408,29889,282722,226828,13311,301,37717,0,0,96,34
2021-02-18T23:59:59+01:00,8,12,6461,6136,13112,20157,13428,29841,16026,43594,19472,35213,10789,10872,16910,25610,14704,38276,4,5,3293,3348,8287,12994,9065,19591,10907,29338,13640,24054,7755,8157,11227,18177,9911,28733,279136,218270,12731,299,28829,0,0,92,33
2021-02-17T23:59:59+01:00,8,11,6295,5793,12666,19279,12935,28653,15324,41873,18823,33888,10557,10616,16154,24796,13928,37091,3,5,3043,3187,7945,12476,8764,18800,10538,28290,13253,23201,7521,7919,10671,17324,9473,27917,274469,210115,11998,294,22298,0,0,86,33
2021-02-16T23:59:59+01:00,8,11,5969,5491,12129,18446,12433,27580,14778,40498,18229,32854,10400,10511,15486,23967,13420,36309,3,5,2861,3067,7640,12021,8458,18076,10141,27196,12791,22300,7249,7623,9955,16149,8743,26364,270944,200585,11501,138,16153,0,0,80,30
2021-02-15T23:59:59+01:00,8,11,5861,5307,11831,17802,12166,26796,14429,39503,17878,32083,10269,10398,14927,23314,13059,35772,3,5,2772,2987,7447,11697,8240,17568,9838,26346,12439,21617,6979,7337,9258,15091,8230,25083,267832,192926,10898,92,12768,0,0,74,29
2021-02-14T23:59:59+01:00,8,11,5593,5190,11583,17531,11942,26362,14197,39056,17687,31806,10223,10346,14692,22973,12895,35379,3,5,2721,2949,7331,11530,8111,17360,9661,26012,12260,21314,6882,7212,9034,14708,8043,24546,266827,189675,9960,90,10771,0,0,72,26
2021-02-13T23:59:59+01:00,8,11,5533,5152,11532,17494,11911,26330,14168,39023,17667,31787,10209,10318,14665,22940,12881,35361,3,5,2717,2946,7325,11521,8099,17338,9644,25977,12233,21270,6850,7177,8878,14495,7690,23913,266580,188158,9956,8,10539,0,0,71,23
2021-02-12T23:59:59+01:00,8,10,5016,4835,10963,17131,11594,25780,13848,38382,17336,31148,10098,10211,14482,22727,12800,35253,3,5,2666,2913,7229,11362,7998,17106,9496,25585,12020,20823,6667,6941,8514,13932,7096,22567,264889,183003,9943,6,6874,0,0,70,22
2021-02-11T23:59:59+01:00,8,10,4555,4534,10376,16448,11180,24971,13369,37120,16849,30290,9782,9948,14202,22278,12519,34566,3,5,2497,2638,6628,10167,7307,15370,8633,22967,10963,18738,6013,6224,7462,12315,6278,20250,261652,164538,8300,3,3136,0,0,68,15
2021-02-10T23:59:59+01:00,8,10,4306,4367,10042,15998,10869,24433,13055,36236,16435,29540,9563,9810,14019,22072,12427,34357,3,5,2134,2345,5690,8699,6496,13323,7648,20057,9832,16694,5469,5636,6473,10652,5503,18197,258992,144937,7798,2,841,0,0,62,3
2021-02-09T23:59:59+01:00,8,9,4243,4269,9918,15729,10760,24028,12881,35618,16220,29067,9384,9669,13823,21858,12284,34133,3,5,1739,1992,4906,7428,5721,11522,6729,17535,8747,14695,4893,5007,5422,9084,4768,16075,256536,126343,7016,1,434,0,0,60,2
2021-02-08T23:59:59+01:00,8,9,4209,4215,9824,15520,10649,23667,12758,35160,16075,28707,9289,9602,13620,21573,12177,33936,3,5,1574,1795,4343,6431,5055,9942,5912,15007,7730,12834,4339,4476,4446,7490,4005,13987,254152,109439,6502,1,428,0,0,57,2
2021-02-07T23:59:59+01:00,8,9,4044,4148,9667,15386,10547,23502,12677,34898,15962,28514,9248,9556,13476,21393,12102,33792,3,5,1360,1549,3922,5758,4637,9061,5482,13840,7241,11871,4085,4215,4214,7094,3844,13387,253058,101631,5957,1,0,0,0,53,1
2021-02-06T23:59:59+01:00,8,9,4034,4139,9656,15370,10534,23467,12655,34848,15943,28458,9229,9543,13458,21358,11996,33596,3,5,1207,1354,3689,5452,4452,8636,5263,13255,6961,11314,3949,4080,4087,6945,3566,12931,252714,97209,5673,1,0,0,0,53,0
2021-02-05T23:59:59+01:00,8,8,3961,4070,9583,15227,10468,23217,12570,34480,15829,28174,9145,9470,13386,21284,11646,33001,3,4,1066,1123,3407,5005,4193,8052,4948,12476,6576,10586,3693,3833,3927,6713,3056,12039,250831,90757,4780,0,0,0,0,53,0
2021-02-04T23:59:59+01:00,8,8,3903,3945,9461,14910,10289,22669,12381,33683,15615,27610,9022,9358,13160,20989,11532,32794,3,2,803,789,2580,3750,3259,6304,3994,9926,5251,8367,3017,3119,3308,5727,2668,10543,246869,73453,4552,0,0,0,0,52,0
2021-02-03T23:59:59+01:00,8,8,3833,3872,9357,14687,10186,22332,12248,33176,15467,27194,8912,9243,13020,20813,11456,32629,3,2,666,620,1948,2829,2520,4868,3017,7623,4021,6309,2201,2245,2414,4236,1934,7892,244148,55379,4378,0,0,0,0,51,0
2021-02-02T23:59:59+01:00,8,8,3766,3776,9258,14491,10087,21953,12107,32613,15263,26743,8784,9126,12897,20606,11373,32364,2,2,530,489,1477,2094,1927,3660,2270,5798,3003,4721,1562,1546,1650,2794,1348,5249,240935,40143,4374,0,0,0,0,48,0
2021-02-01T23:59:59+01:00,7,8,3726,3684,9179,14260,9980,21568,11969,31977,15078,26238,8662,8977,12787,20462,11324,32185,1,0,393,355,1031,1445,1270,2442,1481,3798,1869,2994,992,986,979,1707,773,3036,237783,25564,4374,0,0,0,0,46,0
2021-01-31T23:59:59+01:00,7,8,3705,3648,9125,14151,9908,21362,11901,31679,14975,26042,8606,8918,12735,20349,11279,32055,1,0,362,334,907,1255,1080,2067,1279,3243,1634,2624,894,895,877,1523,702,2728,236282,22415,4257,0,0,0,0,44,0
2021-01-30T23:59:59+01:00,7,8,3704,3645,9114,14137,9894,21338,11888,31659,14963,26028,8602,8913,12666,20280,11212,31977,1,0,346,310,846,1171,1023,1943,1215,3053,1559,2488,866,869,858,1483,687,2675,235957,21402,4164,0,0,0,0,44,0
2021-01-29T23:59:59+01:00,7,8,3643,3628,9053,14108,9865,21286,11856,31583,14914,25961,8578,8890,12480,20057,11030,31733,1,0,279,226,724,996,878,1581,1060,2664,1347,2161,775,777,810,1429,669,2622,234731,19006,4035,0,0,0,0,43,0
2021-01-28T23:59:59+01:00,7,7,3525,3541,8846,13720,9644,20772,11623,31000,14587,25461,8441,8787,12047,19439,10674,31155,1,0,132,59,305,370,384,621,468,1158,614,972,408,430,476,826,384,1590,229939,9201,3425,0,0,0,0,41,0
2021-01-27T23:59:59+01:00,7,7,3294,3403,8552,13301,9343,20147,11235,30165,14200,24723,8224,8573,11497,18631,10249,30390,1,0,81,35,212,230,250,424,311,807,437,671,310,314,353,617,289,1167,223218,6511,2808,0,0,0,0,38,0
2021-01-26T23:59:59+01:00,6,7,3129,3305,8268,12960,9080,19578,10930,29408,13802,24089,7984,8349,10919,17715,9601,29238,1,0,75,31,197,220,234,389,295,754,406,609,295,288,325,553,262,1037,216492,5973,1964,0,0,0,0,34,0
2021-01-25T23:59:59+01:00,5,7,3041,3210,7984,12476,8790,18872,10543,28403,13322,23323,7701,8147,10302,16897,9145,28338,1,0,67,23,173,197,200,330,255,633,354,504,257,243,271,475,213,850,210178,5048,416,0,0,0,0,32,0
2021-01-24T23:59:59+01:00,5,7,2997,3189,7898,12396,8716,18745,10434,28243,13191,23140,7658,8110,10235,16784,9097,28243,1,0,66,22,168,192,197,316,252,611,345,490,248,239,269,468,209,835,208866,4930,312,0,0,0,0,29,0
2021-01-23T23:59:59+01:00,5,7,2996,3188,7896,12392,8711,18734,10431,28229,13185,23135,7650,8107,10110,16618,8768,27656,1,0,65,21,168,191,197,314,250,610,343,490,248,239,269,468,209,833,207602,4918,308,0,0,0,0,26,0
2021-01-22T23:59:59+01:00,5,7,2933,3142,7771,12276,8627,18591,10321,28056,13103,23020,7619,8070,9911,16314,8250,26631,1,0,65,20,167,190,196,314,250,610,342,490,248,239,269,468,209,833,204438,4913,306,0,0,0,0,21,0
2021-01-21T23:59:59+01:00,5,7,2847,2970,7271,11362,8143,17443,9784,26429,12496,21808,7335,7745,9278,15378,7736,25587,1,0,59,18,150,176,178,282,224,535,305,448,224,212,236,384,176,695,193413,4305,306,0,0,0,0,16,0
2021-01-20T23:59:59+01:00,5,7,2487,2625,6388,9951,7393,15484,8834,23602,11387,19735,6733,7094,8179,13609,6922,23366,1,0,57,18,148,171,175,280,215,521,292,426,212,205,230,359,162,657,173584,4131,302,0,0,0,0,14,0
2021-01-19T23:59:59+01:00,5,7,2048,2270,5486,8562,6530,13590,7813,20817,10117,17499,5982,6214,6801,11428,5902,20337,0,0,41,12,98,126,119,171,150,357,192,297,135,117,143,242,114,491,151261,2806,220,0,0,0,0,14,0
2021-01-18T23:59:59+01:00,4,7,1775,1981,4730,7176,5574,11356,6614,17220,8694,14782,5092,5335,5417,9176,4833,16859,0,0,22,7,39,47,54,79,66,163,76,148,61,56,68,135,62,223,126597,1307,94,0,0,0,0,14,0
2021-01-17T23:59:59+01:00,3,7,1500,1694,4215,6383,5066,10223,6078,15653,8054,13520,4754,4988,5042,8501,4506,15858,0,0,8,2,9,15,16,29,20,50,29,58,24,23,20,31,13,47,116015,394,89,0,0,0,0,13,0
2021-01-16T23:59:59+01:00,3,6,1334,1491,3998,6062,4886,9784,5818,14990,7724,12826,4562,4759,4827,8225,4153,15255,0,0,0,0,0,1,1,2,1,1,1,2,0,1,1,0,0,1,110749,12,9,0,0,0,0,13,0
2021-01-15T23:59:59+01:00,3,6,1184,1264,3742,5638,4629,9216,5527,14149,7318,12026,4271,4462,4637,7916,3616,14209,0,0,0,0,0,0,0,0,0,0,0,0,0,0,0,0,0,0,103860,0,4,0,0,0,0,13,0
2021-01-14T23:59:59+01:00,3,4,911,949,2994,4449,3762,7399,4583,11403,5922,9678,3470,3589,3894,6685,3133,12403,0,0,0,0,0,0,0,0,0,0,0,0,0,0,0,0,0,0,85268,0,0,0,0,0,0,13,0
2021-01-13T23:59:59+01:00,3,3,775,794,2521,3713,3176,6171,3810,9453,4829,7794,2599,2674,2936,5096,2399,9484,0,0,0,0,0,0,0,0,0,0,0,0,0,0,0,0,0,0,68259,0,0,0,0,0,0,12,0
2021-01-12T23:59:59+01:00,2,3,642,662,2109,3044,2617,5015,3050,7605,3808,6122,1868,1853,2010,3457,1700,6482,0,0,0,0,0,0,0,0,0,0,0,0,0,0,0,0,0,0,52084,0,0,0,0,0,0,0,0
2021-01-11T23:59:59+01:00,1,1,497,526,1757,2466,2096,4008,2363,5781,2832,4444,1203,1146,1206,2039,938,3693,0,0,0,0,0,0,0,0,0,0,0,0,0,0,0,0,0,0,37022,0,0,0,0,0,0,0,0
2021-01-10T23:59:59+01:00,1,1,439,457,1494,2039,1753,3281,1953,4796,2352,3725,1062,1020,1062,1791,837,3240,0,0,0,0,0,0,0,0,0,0,0,0,0,0,0,0,0,0,31319,0,0,0,0,0,0,0,0
2021-01-09T23:59:59+01:00,1,1,408,412,1369,1862,1607,2990,1800,4348,2167,3395,989,951,1007,1738,819,3197,0,0,0,0,0,0,0,0,0,0,0,0,0,0,0,0,0,0,29075,0,0,0,0,0,0,0,0
2021-01-08T23:59:59+01:00,1,1,311,282,1118,1515,1327,2319,1479,3567,1795,2776,853,843,919,1614,771,3040,0,0,0,0,0,0,0,0,0,0,0,0,0,0,0,0,0,0,24542,0,0,0,0,0,0,0,0
2021-01-07T23:59:59+01:00,1,0,146,77,408,515,488,802,598,1378,783,1212,467,488,567,975,468,1920,0,0,0,0,0,0,0,0,0,0,0,0,0,0,0,0,0,0,11296,0,0,0,0,0,0,0,0
2021-01-06T23:59:59+01:00,1,0,112,45,279,294,315,526,403,935,535,834,361,366,430,757,361,1453,0,0,0,0,0,0,0,0,0,0,0,0,0,0,0,0,0,0,8010,0,0,0,0,0,0,0,0
2021-01-05T23:59:59+01:00,1,0,87,33,199,238,248,438,325,824,451,712,345,350,413,725,354,1399,0,0,0,0,0,0,0,0,0,0,0,0,0,0,0,0,0,0,7145,0,0,0,0,0,0,0,0
2021-01-04T23:59:59+01:00,1,0,69,27,179,199,206,343,261,640,357,522,270,257,293,528,237,943,0,0,0,0,0,0,0,0,0,0,0,0,0,0,0,0,0,0,5334,0,0,0,0,0,0,0,0
2021-01-03T23:59:59+01:00,1,0,67,23,171,193,201,327,259,624,348,504,262,255,289,515,235,926,0,0,0,0,0,0,0,0,0,0,0,0,0,0,0,0,0,0,5202,0,0,0,0,0,0,0,0
2021-01-02T23:59:59+01:00,1,0,67,22,171,193,201,326,255,624,345,504,262,255,289,515,235,925,0,0,0,0,0,0,0,0,0,0,0,0,0,0,0,0,0,0,5192,0,0,0,0,0,0,0,0
2021-01-01T23:59:59+01:00,1,0,66,21,170,192,200,323,254,624,342,502,262,255,289,513,235,925,0,0,0,0,0,0,0,0,0,0,0,0,0,0,0,0,0,0,5176,0,0,0,0,0,0,0,0
2020-12-31T23:59:59+01:00,1,0,66,21,169,190,200,322,252,623,341,501,262,255,289,513,235,925,0,0,0,0,0,0,0,0,0,0,0,0,0,0,0,0,0,0,5167,0,0,0,0,0,0,0,0
2020-12-30T23:59:59+01:00,1,0,65,21,168,189,198,319,251,621,340,499,262,255,289,513,234,925,0,0,0,0,0,0,0,0,0,0,0,0,0,0,0,0,0,0,5152,0,0,0,0,0,0,0,0
2020-12-29T23:59:59+01:00,1,0,46,13,119,142,148,213,182,446,239,384,180,167,201,384,173,723,0,0,0,0,0,0,0,0,0,0,0,0,0,0,0,0,0,0,3762,0,0,0,0,0,0,0,0
2020-12-28T23:59:59+01:00,1,0,25,9,66,79,82,123,101,254,118,235,99,95,106,203,102,391,0,0,0,0,0,0,0,0,0,0,0,0,0,0,0,0,0,0,2090,0,0,0,0,0,0,0,0
2020-12-27T23:59:59+01:00,0,0,12,3,18,27,37,47,36,90,37,97,34,30,42,73,31,146,0,0,0,0,0,0,0,0,0,0,0,0,0,0,0,0,0,0,760,0,0,0,0,0,0,0,0
