Datum,<15_m,<15_w,15-24_1_m,15-24_1_w,25-34_1_m,25-34_1_w,35-44_1_m,35-44_1_w,45-54_1_m,45-54_1_w,55-64_1_m,55-64_1_w,65-74_1_m,65-74_1_w,75-84_1_m,75-84_1_w,>84_1_m,>84_1_w,<24_2_m,<24_2_w,25-34_2_m,25-34_2_w,35-44_2_m,35-44_2_w,45-54_2_m,45-54_2_w,55-64_2_m,55-64_2_w,65-74_2_m,65-74_2_w,75-84_2_m,75-84_2_w,>84_2_m,>84_2_w,bp_1,bp_2,mo_1,mo_2,az_1,az_2,ja,unb_1,unb_2
2021-08-27T23:59:59+02:00,31741,29545,261931,252122,370108,340620,387824,380635,452842,462324,507091,509101,347635,388247,244107,312568,71840,131541,234949,226851,345968,314997,366456,356202,431293,437780,486535,488156,336619,375602,236556,302212,68970,125533,3908719,3682484,517161,491227,807336,758477,249151,477,376
2021-08-26T23:59:59+02:00,31390,29189,261026,251231,369356,339895,387131,379952,452218,461701,506592,508660,347428,388015,243997,312469,71814,131485,233602,225604,344853,313925,365444,355279,430496,437043,485928,487631,336366,375313,236414,302058,68945,125491,3903099,3674884,516930,490601,807297,758136,246768,477,376
2021-08-25T23:59:59+02:00,31039,28861,260139,250396,368636,339148,386498,379271,451604,461123,506056,508222,347199,387766,243878,312314,71781,131419,231644,223797,343427,312572,364304,354123,429532,436106,485158,486935,335998,374934,236271,301828,68902,125407,3897581,3663389,516806,490197,807270,757988,244239,476,374
2021-08-24T23:59:59+02:00,30747,28608,259451,249661,368064,338551,385996,378733,451152,460651,505677,507885,347001,387558,243773,312161,71754,131351,230466,222764,342500,311678,363555,353414,428884,435489,484617,486414,335733,374638,236145,301674,68879,125346,3892959,3656422,516532,489763,807252,757689,242577,476,369
2021-08-23T23:59:59+02:00,30244,28099,258098,248379,367063,337662,385183,377961,450403,459989,505055,507331,346728,387279,243635,311976,71727,131294,229028,221493,341244,310653,362636,352585,428054,434761,483933,485856,335437,374317,236015,301490,68853,125287,3885759,3649307,516395,489315,807219,757419,239278,476,369
2021-08-22T23:59:59+02:00,30105,27988,257697,248018,366718,337343,384915,377699,450170,459749,504873,507188,346637,387186,243596,311918,71711,131268,228319,220832,340568,310004,362112,352091,427628,434360,483618,485597,335279,374142,235953,301388,68834,125250,3883596,3645004,516255,488864,807180,757129,238293,476,369
2021-08-21T23:59:59+02:00,29858,27785,257208,247560,366407,337026,384664,377444,449967,459576,504726,507051,346584,387130,243575,311880,71708,131259,227583,220182,340093,309613,361717,351692,427267,434056,483391,485408,335196,374076,235927,301345,68828,125238,3881082,3642079,516115,487671,807173,757074,237583,476,369
2021-08-20T23:59:59+02:00,29670,27589,256556,246906,365677,336410,384002,376925,449379,459088,504260,506734,346443,386975,243520,311784,71692,131226,225794,218580,338705,308442,360617,350748,426323,433269,482681,484864,334958,373829,235827,301227,68805,125209,3877669,3633951,515800,486528,807161,756709,234750,476,369
2021-08-19T23:59:59+02:00,29345,27280,255599,246072,364706,335641,383239,376248,448675,458472,503708,506257,346209,386718,243413,311640,71660,131155,223057,216164,336421,306637,358931,349290,424941,432018,481538,483916,334546,373409,235636,300990,68771,125139,3872305,3619757,515448,484784,807132,756244,231696,475,369
2021-08-18T23:59:59+02:00,29065,27022,254811,245374,364019,335041,382672,375682,448089,457987,503239,505856,345943,386482,243296,311494,71629,131090,220610,213661,334396,304888,357307,347655,423439,430706,480409,482896,334035,372866,235408,300701,68724,125047,3867290,3606647,515277,480908,807108,755870,229659,475,369
2021-08-17T23:59:59+02:00,28754,26747,254034,244671,363414,334379,382122,375144,447617,457519,502817,505444,345748,386278,243182,311366,71603,131039,217880,210928,332341,303074,355634,346203,422023,429453,479298,481922,333562,372333,235182,300420,68674,124973,3862392,3591776,514980,478145,807081,755453,227967,475,368
2021-08-16T23:59:59+02:00,28473,26490,253355,244034,362855,333832,381666,374690,447190,457085,502408,505081,345568,386074,243087,311206,71572,131000,214739,207881,330075,300980,354135,344770,420831,428332,478365,481088,333184,371903,235000,300151,68636,124887,3858070,3574562,514829,477452,807058,755110,226251,475,368
2021-08-15T23:59:59+02:00,28280,26330,252874,243598,362439,333453,381314,374359,446898,456837,502173,504893,345458,385961,243041,311127,71561,130980,210748,203843,328198,299379,352887,343569,419821,427404,477589,480435,332854,371573,234882,299977,68612,124837,3855300,3557088,514695,476544,807025,754790,225098,475,368
2021-08-14T23:59:59+02:00,28215,26276,252634,243400,362210,333279,381140,374211,446743,456709,502058,504787,345409,385929,243023,311104,71558,130976,209685,202750,327395,298619,352175,342899,419332,426948,477207,480116,332715,371447,234844,299920,68603,124820,3854146,3550458,514625,476182,807021,754715,224411,475,368
2021-08-13T23:59:59+02:00,27965,26036,251940,242819,361717,332856,380712,373787,446311,456350,501723,504532,345281,385779,242959,311030,71546,130948,207818,200974,325981,297317,350926,341724,418293,426013,476461,479482,332474,371160,234733,299778,68585,124768,3850378,3538619,514555,475588,807011,754526,222895,469,368
2021-08-12T23:59:59+02:00,27770,25816,251221,242190,361106,332279,380190,373313,445787,455915,501311,504187,345103,385581,242859,310928,71534,130900,205239,198722,323113,294801,348933,339944,416798,424780,475253,478432,332037,370634,234489,299502,68545,124687,3846502,3521352,514369,474428,806977,753507,220690,469,368
2021-08-11T23:59:59+02:00,27538,25567,250500,241513,360496,331714,379677,372842,445338,455506,500907,503767,344879,385345,242747,310796,71507,130849,202210,195747,319943,291878,346775,337885,415314,423384,473979,477151,331502,370002,234243,299104,68497,124566,3841760,3499628,514157,473369,806940,752574,219179,469,367
2021-08-10T23:59:59+02:00,27298,25311,249675,240791,359804,331183,379151,372306,444849,455037,500466,503379,344691,385153,242663,310661,71484,130805,198027,191645,315301,287697,343813,335128,413206,421451,472403,475709,330831,369337,233956,298702,68442,124450,3836773,3469672,513882,472298,806906,751427,217695,468,367
2021-08-09T23:59:59+02:00,27107,25115,249060,240228,359244,330723,378721,371933,444451,454701,500131,503101,344538,385011,242599,310552,71464,130770,193504,187073,309609,282963,341068,332650,411309,419689,470792,474253,330203,368653,233692,298336,68386,124318,3833197,3439436,513707,469559,806876,750344,216218,468,366
2021-08-08T23:59:59+02:00,26943,24964,248587,239835,358862,330383,378386,371657,444161,454454,499895,502913,344433,384908,242539,310474,71447,130737,192169,185718,308000,281643,339769,331507,410454,418942,470234,473747,329947,368388,233570,298171,68361,124268,3830741,3430454,513557,468208,806826,749870,215003,468,366
2021-08-07T23:59:59+02:00,26796,24792,248067,239388,358470,330055,378057,371379,443868,454219,499670,502741,344363,384815,242504,310425,71439,130727,188513,182138,305961,279798,338058,329994,409128,417687,469312,472960,329597,368018,233440,297983,68327,124232,3827927,3410926,513450,466881,806816,749656,214131,468,363
2021-08-06T23:59:59+02:00,26575,24559,247203,238729,357701,329456,377397,370806,443220,453701,499144,502357,344128,384611,242406,310310,71428,130705,184787,178602,302516,277014,335940,328169,407536,416357,468021,471999,329219,367634,233280,297829,68303,124187,3825405,3391717,512109,465160,806806,748569,210665,468,362
2021-08-05T23:59:59+02:00,26258,24239,246036,237808,356822,328606,376600,370095,442497,453033,498485,501826,343851,384314,242292,310137,71387,130643,180333,174669,297164,272648,331849,324643,404748,413882,465777,470218,328554,366935,233019,297464,68245,124077,3819193,3363980,511855,460474,806745,744881,207684,468,362
2021-08-04T23:59:59+02:00,25889,23898,244900,236825,355841,327706,375836,369391,441880,452438,497921,501310,343579,384047,242173,309968,71361,130573,176877,171378,293426,269531,327453,320756,402506,411798,464081,468674,327865,366240,232748,297118,68187,123976,3812787,3336952,511517,458723,806712,743135,205074,460,361
2021-08-03T23:59:59+02:00,25425,23481,243539,235648,354950,326888,375135,368712,441236,451784,497334,500783,343294,383749,242048,309793,71318,130507,173404,167945,289340,265906,322358,316164,399777,409252,461765,466590,327044,365384,232401,296655,68121,123841,3804923,3305013,511357,456858,806675,741066,203222,460,361
2021-08-02T23:59:59+02:00,25108,23174,242491,234696,354112,326145,374449,368120,440675,451246,496819,500338,343035,383477,241933,309643,71292,130449,169777,164361,284672,261962,316509,311229,397037,406707,459542,464607,326274,364552,232107,296259,68059,123724,3798644,3271675,511113,454905,806621,738542,201376,460,360
2021-08-01T23:59:59+02:00,24957,22987,241866,234099,353521,325642,374016,367741,440243,450926,496475,500061,342901,383316,241858,309525,71279,130422,168233,162917,282197,259977,311887,307518,395185,405139,458070,463366,325849,364073,231941,296044,68032,123665,3795022,3253845,510807,452778,806534,736101,200022,460,360
2021-07-31T23:59:59+02:00,24848,22883,241525,233784,353246,325422,373780,367574,440056,450775,496369,499962,342868,383279,241838,309512,71278,130417,164476,159084,279385,257444,309807,305528,393790,403857,456924,462380,325531,363697,231807,295872,68006,123619,3793430,3230994,510621,451841,806530,735313,199385,460,360
2021-07-30T23:59:59+02:00,24561,22626,240734,233075,352675,324899,373299,367113,439600,450376,496011,499672,342730,383140,241794,309433,71265,130401,160739,155325,275991,254346,306793,302718,391566,401754,455085,460803,325024,363170,231598,295580,67973,123563,3789380,3205986,510267,450643,806513,732127,197794,460,360
2021-07-29T23:59:59+02:00,24214,22289,239198,231813,351521,323831,372338,366208,438754,449588,495206,499050,342401,382831,241659,309254,71228,130337,155898,150860,270625,250183,300903,297957,387229,398281,452042,458406,324192,362331,231288,295174,67913,123467,3781858,3172201,509600,445810,806432,727033,194379,460,360
2021-07-28T23:59:59+02:00,23916,22005,238055,230784,350641,322996,371604,365532,438128,448928,494641,498566,342149,382535,241529,309070,71194,130266,152145,147221,266146,246541,296483,294017,383971,395441,449960,456567,323536,361576,231027,294790,67848,123344,3775195,3141586,509071,443893,806353,724405,192470,459,359
2021-07-27T23:59:59+02:00,23647,21781,237051,229818,349804,322260,370912,364946,437548,448321,494115,498110,341909,382234,241396,308877,71159,130168,147126,142109,260241,241412,291195,289268,379967,391753,446792,453769,322556,360479,230664,294287,67758,123188,3768953,3100103,508527,441601,806298,720675,190829,458,358
2021-07-26T23:59:59+02:00,23415,21545,236085,228856,349024,321562,370320,364402,436995,447838,493666,497748,341682,381997,241269,308721,71136,130111,142787,137728,254705,236634,286035,284802,375511,387808,443281,450751,321606,359516,230337,293809,67684,123051,3763340,3060763,507903,439354,806219,716334,189458,458,358
2021-07-25T23:59:59+02:00,23057,21244,234748,227707,348090,320806,369649,363748,436425,447302,493213,497346,341488,381784,241182,308591,71115,130047,140944,135985,252039,234430,283548,282717,373380,386042,441213,448976,321100,359004,230139,293581,67659,122975,3756327,3045863,507527,437183,806157,711989,188078,458,358
2021-07-24T23:59:59+02:00,22810,21050,233822,226853,347373,320157,369077,363226,435899,446865,492854,497070,341371,381687,241140,308529,71112,130036,138052,133187,249311,232113,280987,280512,371128,384189,439977,447993,320753,358668,229995,293403,67640,122941,3752341,3027552,506759,434178,806140,711653,186237,458,358
2021-07-23T23:59:59+02:00,22394,20664,232325,225520,346057,319229,368035,362368,435024,446080,492158,496539,341136,381417,241051,308416,71091,130000,132583,128351,243954,227824,276518,276735,367441,381003,437335,445797,320055,357947,229741,293094,67586,122860,3744918,2992097,506289,432412,806085,709516,182757,458,357
2021-07-22T23:59:59+02:00,21894,20188,230226,223558,344314,317697,366537,361086,433715,444943,491180,495647,340716,380970,240882,308172,71046,129920,128249,124307,237967,223327,270146,271683,360562,375518,431883,441303,318886,356697,229314,292577,67492,122709,3732540,2950137,504704,426441,805961,703208,180026,458,357
2021-07-21T23:59:59+02:00,21387,19669,228349,221748,342627,316175,364922,359519,432145,443560,489961,494483,340166,380451,240635,307888,70993,129825,124497,120749,232522,219098,264633,267168,352446,368603,427288,437569,317771,355550,228854,292013,67411,122531,3721601,2914726,500953,415590,805738,698433,176748,458,354
2021-07-20T23:59:59+02:00,21084,19390,226886,220283,341402,315016,363963,358648,431293,442774,489246,493846,339828,380083,240491,307667,70966,129736,120168,116529,226182,213935,258811,262006,345340,362508,422601,433266,316680,354297,228442,291431,67316,122350,3712360,2871038,500549,408388,805609,694052,174620,458,353
2021-07-19T23:59:59+02:00,20768,19096,225161,218597,340098,313771,362935,357679,430488,442004,488576,493234,339532,379722,240342,307437,70922,129638,117420,113940,221812,210350,254210,258057,341632,359342,419990,431093,315960,353570,228151,291042,67243,122227,3701842,2846080,500131,403011,805520,689742,173042,458,353
2021-07-18T23:59:59+02:00,20616,18965,223876,217332,338502,312353,361877,356767,429685,441288,488043,492692,339301,379437,240213,307260,70900,129576,115933,112560,219176,208184,251862,255969,339392,357499,417967,429407,315481,353087,227991,290824,67222,122160,3692458,2833846,499592,398745,805446,686054,171720,458,352
2021-07-17T23:59:59+02:00,20223,18544,222725,216278,337926,311817,361292,356257,429170,440839,487631,492405,339197,379321,240171,307205,70897,129566,113866,110462,216721,205885,249407,253781,336971,355369,416522,428147,315147,352697,227856,290657,67198,122120,3686918,2816380,499389,396027,805433,685269,170259,455,352
2021-07-16T23:59:59+02:00,19680,18031,220179,214136,336189,310525,359792,354970,427703,439635,486533,491544,338793,378952,239998,307047,70872,129529,110755,107660,211960,201957,244878,250144,332679,351679,413181,425429,314228,351773,227506,290241,67144,122038,3676731,2788726,498634,393678,805272,681459,164003,455,351
2021-07-15T23:59:59+02:00,19039,17407,217398,211716,334284,308825,358211,353534,426373,438456,485595,490695,338398,378527,239797,306792,70830,129425,106854,104457,203610,195724,237402,244548,326092,346453,406125,419003,312500,349969,226965,289577,67073,121840,3661729,2742272,498036,385264,805153,674046,160911,455,351
2021-07-14T23:59:59+02:00,18194,16681,214966,209399,332594,307299,356814,352198,425160,437260,484572,489741,337946,378065,239559,306482,70776,129339,103256,101135,197160,190579,231703,239894,321809,342987,401960,415383,311193,348659,226563,289020,66993,121686,3646842,2708763,497477,379740,805025,667256,158224,455,348
2021-07-13T23:59:59+02:00,17544,16022,212781,207374,330994,305930,355481,350979,423992,436176,483611,488882,337512,377593,239356,306237,70741,129247,99503,97606,190686,185195,224577,233840,315144,336931,393578,407542,309406,346737,225962,288233,66885,121489,3633036,2666072,496920,367079,804874,657799,156146,453,342
2021-07-12T23:59:59+02:00,16527,15090,209507,204196,328935,304204,353907,349513,422750,434978,482636,487982,337097,377125,239177,306008,70701,129170,96412,94893,185413,180908,217605,228172,308319,330902,388487,403272,307685,344876,225374,287501,66786,121321,3614602,2627841,496365,359957,804696,649396,154363,452,340
2021-07-11T23:59:59+02:00,16019,14617,208153,202926,328199,303492,353247,348894,422191,434479,482193,487641,336911,376922,239117,305903,70680,129130,94994,93608,182649,178604,214618,225892,305636,328755,385662,400887,305220,342255,224996,287032,66733,121223,3608398,2612900,495727,357970,804570,638921,152544,449,339
2021-07-10T23:59:59+02:00,15545,14158,206309,201145,326741,302233,352115,347924,421467,433885,481719,487243,336743,376757,239051,305817,70670,129110,93696,92338,180124,176497,211586,223408,303122,326597,384501,399852,304573,341585,224816,286844,66717,121196,3599822,2596120,495099,357741,804333,637171,149899,449,339
2021-07-09T23:59:59+02:00,15222,13879,204405,199306,325141,300786,351048,346966,420565,433173,481150,486767,336538,376536,238954,305697,70654,129076,90913,89616,176599,173276,207246,219264,298104,321997,381066,396878,303480,340360,224513,286477,66680,121132,3590694,2567169,494236,355686,804143,629584,147306,449,338
2021-07-08T23:59:59+02:00,14759,13451,200915,196325,321828,298120,348681,344983,418859,431727,479716,485701,336102,376093,238777,305451,70609,129001,86614,85857,169360,167634,199126,212877,290743,315900,374137,390678,300772,337451,223742,285544,66563,120874,3575383,2521046,490184,347049,803624,619256,142420,449,338
2021-07-07T23:59:59+02:00,14259,12997,197184,192467,318671,295267,346379,342943,417302,430258,478521,484604,335626,375533,238588,305180,70572,128896,82937,82417,162079,161936,190104,205713,282775,309347,367121,383875,297473,333851,222842,284445,66425,120628,3554139,2473155,488826,333638,803240,609288,139551,448,336
2021-07-06T23:59:59+02:00,13801,12625,193754,189087,315414,292534,343905,340654,415584,428699,477256,483471,335125,374977,238391,304890,70519,128810,79371,78841,155412,156432,182699,199513,273844,301401,360640,377795,294281,330612,221960,283355,66316,120397,3534305,2420713,485763,326665,802820,599791,137117,447,336
2021-07-05T23:59:59+02:00,13404,12289,189372,184849,311375,289210,341398,338330,413921,427159,476116,482399,334652,374459,238217,304646,70486,128725,76317,76026,150302,152359,177940,195394,266946,295143,354535,372263,291011,327170,221077,282240,66207,120228,3511525,2381721,484607,322187,802328,589440,133054,444,334
2021-07-04T23:59:59+02:00,13227,12132,185538,180983,308748,287192,340090,337262,413043,426382,475536,481914,334431,374207,238127,304522,70460,128672,74134,74160,147219,149812,175618,193358,264508,293086,351431,370061,287711,323782,220498,281576,66152,120109,3499321,2367992,483319,319900,801761,577936,128570,444,332
2021-07-03T23:59:59+02:00,12034,11077,179115,174996,304496,283741,337765,335099,411231,424575,474330,480854,334032,373761,237952,304276,70436,128629,72355,72589,144801,147937,173184,191279,261451,290364,349153,368208,285963,321802,220230,281216,66120,120060,3473006,2352295,481918,319702,801577,573452,122392,444,332
2021-07-02T23:59:59+02:00,10938,9985,175407,171538,302089,281547,336019,333403,409983,423388,473556,480170,333774,373447,237836,304094,70408,128581,69665,69905,140889,144656,168761,187251,255400,284929,343939,363505,282714,318080,219591,280447,66072,119976,3454937,2319151,480442,316920,801388,560881,119884,443,311
2021-07-01T23:59:59+02:00,9847,9060,171743,168111,298054,278268,333534,331142,408190,421814,472460,479209,333355,372988,237635,303822,70361,128503,64793,65191,134601,139335,161495,180757,245165,276091,333159,353742,277941,312815,217739,278195,65893,119664,3432435,2262952,478356,304584,801042,543189,116749,443,310
2021-06-30T23:59:59+02:00,9358,8668,168480,165041,292444,273649,329868,327809,406420,420284,471441,478240,332935,372506,237444,303524,70327,128415,61669,62353,128968,134661,154861,174764,235130,266961,319781,340487,272741,307284,215851,275876,65725,119346,3407389,2208039,476196,291792,800748,524377,113003,442,308
2021-06-29T23:59:59+02:00,8822,8146,164693,161276,287920,269399,326313,324516,404326,418207,469901,476829,332350,371870,237194,303170,70272,128306,58888,59368,124033,130265,148850,169248,223296,256284,311240,332139,266287,300104,213886,273422,65522,119001,3379946,2148907,474209,287142,800425,506996,109409,441,305
2021-06-28T23:59:59+02:00,8417,7766,161379,157825,282893,265090,323021,321667,402186,416281,468415,475521,331830,371259,236961,302859,70228,128212,56621,57029,120141,126766,144512,165173,214080,247880,305463,326746,261345,294814,212123,271191,65376,118737,3356067,2113260,470237,278550,799769,490488,106210,441,302
2021-06-27T23:59:59+02:00,8269,7643,159878,156303,280792,263284,321223,320135,400493,414921,467526,474811,331537,370967,236858,302698,70209,128163,55424,55923,118021,125063,141955,163049,209980,244506,302111,323894,257547,290822,209668,268284,65265,118549,3346082,2097856,468165,275076,798721,474375,103215,441,302
2021-06-26T23:59:59+02:00,7117,6547,156616,152966,278687,261398,318817,317901,399304,413770,466827,474109,331266,370684,236752,302541,70185,128133,54877,55339,116690,123916,140535,161816,207736,242505,299581,321485,256016,289164,209335,267874,65238,118479,3326982,2081107,465348,274988,798715,471880,103082,402,268
2021-06-25T23:59:59+02:00,5897,5431,152307,148692,275301,258444,316761,315941,398001,412526,465827,473286,330977,370350,236625,302386,70157,128084,53593,53716,114220,121223,136464,157253,198987,234063,293904,315621,254295,287047,208745,267074,65167,118361,3302053,2038675,463923,273298,798661,465312,102861,402,268
2021-06-24T23:59:59+02:00,5044,4647,147869,144570,270490,254521,312490,312172,395821,410656,464458,472157,330558,369888,236457,302150,70124,127997,50953,51131,109110,116519,129154,150622,186979,223632,282502,305405,248923,281220,206915,264733,64964,117961,3270958,1976751,461924,261549,798494,451579,101194,401,267
2021-06-23T23:59:59+02:00,4825,4440,144711,141460,266805,251374,307253,307379,393329,408313,463057,470842,330031,369270,236228,301841,70076,127892,49013,49053,105319,112614,123496,144952,177101,214980,270552,293443,244321,276418,205585,263037,64803,117601,3243465,1920546,458407,251709,798336,440895,99420,399,267
2021-06-22T23:59:59+02:00,4575,4211,141640,138337,263101,248002,301134,301945,390695,405758,461517,469361,329488,368667,236009,301491,70028,127786,47327,47316,101719,109322,118711,140387,164525,203853,259657,283160,240263,271955,203666,260630,64552,117132,3211455,1862298,456479,244007,798152,429948,98153,397,259
2021-06-21T23:59:59+02:00,4316,3966,138380,135400,258404,244116,295895,297084,387659,402894,460048,468015,328970,368110,235786,301181,69988,127673,46098,46089,99342,107109,115981,137688,158321,198087,252783,276523,234919,266130,199747,256125,64367,116757,3179782,1831373,454445,238496,797944,410204,96204,396,259
2021-06-20T23:59:59+02:00,4172,3848,136878,133896,254180,240653,293321,294851,386269,401582,459259,467271,328747,367830,235674,301049,69968,127611,44981,45172,97091,105325,113713,135706,155291,195554,248484,272466,231921,262605,198760,254873,64286,116631,3162388,1811087,452686,234950,797792,402349,94677,396,254
2021-06-19T23:59:59+02:00,3755,3497,134730,131800,251433,238335,291542,293207,384432,400016,458416,466543,328527,367578,235570,300909,69947,127579,44446,44526,95825,104073,112247,134243,153793,194121,245271,269453,231204,261759,198590,254610,64264,116578,3146062,1795177,449871,233373,797783,402073,94577,396,253
2021-06-18T23:59:59+02:00,2806,2584,131454,128662,247910,235293,287534,289804,382038,397893,457078,465381,328153,367178,235415,300673,69920,127530,43662,43614,94247,102298,109962,131578,150251,190093,238427,262191,229484,259760,198106,253972,64189,116444,3120282,1765923,445441,232853,797757,395387,94303,395,253
2021-06-17T23:59:59+02:00,2572,2361,127748,125378,241903,230860,282322,285421,377260,393911,454758,463551,327563,366459,235173,300318,69855,127417,41425,41791,90200,98830,105080,126837,142399,182425,227051,250825,224289,253834,196459,251821,63929,116025,3085569,1710349,442465,228717,797504,384496,89847,313,244
2021-06-16T23:59:59+02:00,2301,2128,124515,121978,237015,226527,277630,281161,372090,389422,452177,461421,326826,365663,234885,299908,69789,127304,39598,40200,86670,95813,100740,123022,134176,175098,214966,238933,218072,246743,194542,249499,63677,115537,3052118,1650676,436934,223119,796993,376427,87246,311,243
2021-06-15T23:59:59+02:00,1914,1796,119601,117116,231034,221386,272288,276181,367031,384793,449337,459013,325959,364694,234538,299394,69707,127121,37980,38594,83351,92771,96778,118979,127135,168732,202645,226936,212056,239963,192588,247074,63366,114968,3007464,1593506,435011,217288,796430,368762,84537,311,240
2021-06-14T23:59:59+02:00,1652,1522,115551,112961,225809,216477,266929,271209,361749,380053,446224,456423,325178,363839,234226,299005,69645,127001,36999,37706,81075,90687,94074,116466,123029,164993,196060,220453,208950,236460,191454,245604,63149,114581,2965363,1563988,432660,215018,796171,361111,81792,309,239
2021-06-13T23:59:59+02:00,1578,1437,114057,111585,223363,214376,264389,268950,359494,378098,445056,455391,324903,363535,234091,298837,69613,126927,36138,36977,79225,89024,92067,114654,120208,162400,192201,216756,205870,233025,190423,244238,62917,114170,2950381,1550038,430224,207757,795866,352920,79738,309,238
2021-06-12T23:59:59+02:00,1429,1300,111409,108840,221470,212649,263006,267675,358059,376701,444159,454622,324616,363226,233999,298734,69595,126899,35770,36573,78240,87929,90818,113362,118634,160841,188643,213454,204837,231900,189022,242581,62907,114140,2934217,1536911,429245,207748,795846,345539,79608,308,237
2021-06-11T23:59:59+02:00,1281,1163,108869,106329,218578,210028,259345,264490,354926,373973,442445,453151,324182,362776,233863,298529,69568,126844,35100,35461,76241,84562,88585,109838,114534,155702,181954,206015,202742,229534,188420,241813,62845,114043,2909819,1509467,426456,207056,795668,332098,78919,308,235
2021-06-10T23:59:59+02:00,1120,1010,104112,101926,212511,205272,252293,258669,348841,368680,437951,449378,323328,361809,233542,298082,69485,126692,33519,33979,72249,80392,83671,104338,107874,147506,169632,192388,196680,222661,186693,239675,62592,113641,2866230,1462425,419367,205319,794824,305104,74787,306,231
2021-06-09T23:59:59+02:00,972,880,100199,98229,206559,200547,245487,252966,342189,362733,434277,446358,322656,361068,233274,297704,69421,126560,31989,32724,69021,77743,79977,101171,103160,143230,158509,181653,186075,210688,184831,237430,62320,113146,2827294,1408478,410846,201347,794322,293844,70142,279,227
2021-06-08T23:59:59+02:00,789,699,95674,93688,199930,194988,238531,246961,333944,355458,429172,441695,321824,360069,232902,297220,69340,126423,30916,31871,66436,75447,76697,98452,98585,139315,150926,174172,177372,200982,183028,235186,62087,112780,2775358,1369333,405085,196438,793740,282993,65635,279,215
2021-06-07T23:59:59+02:00,631,557,92457,90591,193872,190288,231975,241723,326112,349289,426131,439254,321282,359438,232688,296897,69286,126327,30051,31025,63974,73495,73744,96298,94828,136383,142859,166393,173331,196372,181601,233375,61864,112397,2736391,1342266,398927,193148,793176,271906,60808,277,214
2021-06-06T23:59:59+02:00,593,521,90882,89275,190590,187746,228629,238957,321837,345888,424700,438181,321015,359145,232580,296739,69262,126280,29449,30470,62205,71817,71669,94295,91645,133317,137180,160618,170801,193756,180492,231976,61635,112017,2721000,1330431,391547,183504,792701,261472,58069,275,213
2021-06-05T23:59:59+02:00,513,441,88939,87261,185725,183530,226166,236826,320021,344262,423700,437267,320729,358825,232432,296570,69248,126248,28994,29716,61005,69868,70275,92150,89968,131056,132431,155293,167800,190093,180008,231319,61601,111951,2697532,1306840,391427,183024,792549,256102,57688,274,212
2021-06-04T23:59:59+02:00,413,356,86586,84733,182065,179927,222160,232878,316432,340625,421341,435075,320271,358290,232235,296341,69210,126185,28529,29046,59890,68217,69000,90074,88179,128445,129070,151639,163568,185328,179017,230052,61553,111865,2668289,1288039,387607,182252,792432,246025,57280,274,211
2021-06-03T23:59:59+02:00,320,282,83299,81667,176336,175270,214908,226787,308727,333933,413589,428219,319240,357113,231866,295893,69155,126054,27640,28037,57997,66031,66613,87334,84552,124340,122328,144977,157229,177731,177448,228026,61440,111628,2619391,1258874,377372,176948,792012,233294,54353,272,207
2021-06-02T23:59:59+02:00,271,223,81222,79502,172263,171550,211263,223632,305149,330587,411547,426390,318834,356661,231713,295687,69127,126003,27175,27559,56871,64918,65024,86064,82498,122405,117358,140096,149355,168773,176730,227072,61355,111459,2590650,1226701,375988,174979,791981,229679,53466,270,202
2021-06-01T23:59:59+02:00,172,155,76960,75679,163988,164994,201909,215902,296049,322714,403350,418558,317325,355054,231174,294951,69015,125775,25624,26143,52559,61970,60192,82778,77087,117906,109937,132894,138264,155379,174631,224340,61146,111032,2531998,1176617,364354,170869,791220,217904,46595,268,197
2021-05-31T23:59:59+02:00,150,138,74217,73204,158336,160681,194605,209942,288661,316342,397612,413595,316332,353945,230789,294431,68925,125604,24713,25087,49938,59757,57030,80247,73488,114634,105446,128453,134121,150482,173266,222621,60976,110700,2491603,1154218,354970,168542,790588,207512,40783,267,195
2021-05-30T23:59:59+02:00,139,130,73169,72138,155861,158653,191984,207590,285885,313827,395727,411855,315971,353534,230628,294197,68887,125524,24112,24300,48350,58031,55294,78395,71263,112075,102790,125592,131970,147960,172473,221686,60883,110489,2475791,1144456,352454,167236,789961,196142,37924,267,191
2021-05-29T23:59:59+02:00,136,128,72559,71546,154350,157252,189685,205558,284045,312241,394890,411082,315750,353289,230548,294119,68876,125506,23790,23775,47433,56537,53956,76522,69340,109230,100474,122795,129168,144542,171821,220778,60856,110437,2461898,1130864,352294,167171,789893,185608,37904,267,190
2021-05-28T23:59:59+02:00,132,125,71473,70428,151961,154996,186030,202023,280776,309107,393030,409316,315343,352787,230401,293904,68857,125449,23259,22773,45825,54411,52132,73964,67300,105283,96151,116905,124797,139496,170846,219471,60810,110323,2438102,1108273,351247,166958,789685,171081,37526,266,187
2021-05-27T23:59:59+02:00,121,115,68162,67414,145480,150060,177846,195772,274391,303951,386717,403635,314082,351343,229942,293374,68786,125267,21940,21090,42575,51361,48255,70148,62752,99272,89802,109398,120874,134878,168049,215770,60638,110010,2393557,1079861,343632,164217,787877,151020,31800,266,183
2021-05-26T23:59:59+02:00,117,112,66010,65238,140528,145980,171750,190711,267641,298285,379980,396948,312566,349740,229456,292678,68684,125056,21199,20174,40756,49226,45902,67417,59720,95480,85212,104289,115897,129162,164262,210439,60429,109584,2356305,1047971,330440,162644,786066,139548,29069,264,182
2021-05-25T23:59:59+02:00,116,105,63980,63249,136328,142492,166701,186425,260575,292010,374560,391563,311290,348337,229052,292035,68600,124879,20622,19511,39358,47709,44070,65404,57250,92483,81134,99918,110964,123478,158731,203205,60259,109280,2318796,1016485,322936,159223,783529,130322,27433,260,177
2021-05-24T23:59:59+02:00,113,103,62739,62037,133574,140389,163420,184013,253629,286024,369629,386891,310463,347418,228767,291650,68528,124750,20280,19106,38340,46638,42725,63921,55573,90473,78900,97412,109545,121823,158125,202416,60147,109078,2295062,1007142,311838,157925,781743,123639,25885,260,174
2021-05-23T23:59:59+02:00,108,103,62242,61521,132474,139498,162226,182979,252386,285004,368043,385463,309847,346761,228596,291424,68507,124714,20051,18919,37789,46082,41971,63222,54414,89477,77415,96047,108371,120427,157147,201197,60077,108939,2283572,998985,311256,154844,781697,122047,25760,260,172
2021-05-22T23:59:59+02:00,105,101,61548,60900,130986,138427,159856,181358,249417,282715,365565,383242,309318,346168,228419,291158,68481,124664,19732,18498,37177,45482,41331,62693,53758,88752,76644,94905,106821,118627,156375,200228,60050,108885,2265617,992285,311241,154840,781657,118623,24297,260,172
2021-05-21T23:59:59+02:00,101,97,60218,59460,128085,135834,156573,178037,244187,277952,359473,377558,308385,345078,228123,290762,68421,124556,19372,18132,36564,44713,40680,61643,52807,87359,74927,92604,103581,114677,155237,198778,59958,108710,2229574,979271,309603,154514,780090,112031,24014,257,170
2021-05-20T23:59:59+02:00,94,95,57169,56665,122353,130964,149649,171727,233883,269215,350452,369281,305854,342340,227357,289755,68289,124338,18076,17198,34391,42467,38227,58745,49992,83590,70999,88109,99465,110046,152779,195765,59778,108354,2171648,960003,302949,152572,774134,94369,21118,249,170
2021-05-19T23:59:59+02:00,93,93,54955,54472,117349,126286,142484,165117,223352,259863,339907,358394,303212,339475,226612,288713,68139,124062,17496,16414,33167,40880,36822,56683,47981,80813,67761,84534,95585,105571,149158,191047,59516,107863,2105784,936623,296697,150597,771157,84869,19290,249,157
2021-05-18T23:59:59+02:00,88,88,52859,52513,112566,122027,136108,159549,211788,249498,330040,348601,300544,336510,225736,287518,67987,123808,16979,15810,31958,39419,35467,54890,46176,78405,64876,81308,91589,101045,145966,186992,59303,107428,2045965,916419,287336,147740,767563,76229,17307,245,157
2021-05-17T23:59:59+02:00,85,85,51825,51521,110234,119972,133301,156894,205266,243485,322474,341520,298757,334541,225152,286695,67880,123596,16523,15361,30909,38374,34302,53600,44695,76609,62617,78916,86761,95190,144503,185108,59153,107113,2019185,904743,275047,140278,764141,69545,15250,244,154
2021-05-16T23:59:59+02:00,84,82,51038,50865,108792,118649,131562,155235,202297,240805,315044,334571,297740,333412,224845,286211,67828,123499,16239,14989,30160,37595,33430,52679,43631,75297,61284,77447,83344,91119,143715,184033,59066,106973,2003869,898669,264629,133512,760903,65406,13496,242,150
2021-05-15T23:59:59+02:00,84,82,50502,50232,107794,117663,130549,154126,200363,238872,311474,331363,297119,332726,224649,285940,67808,123435,16099,14826,29906,37289,33143,52248,43144,74652,60436,76465,82747,90303,143201,183366,59030,106926,1987684,893435,264611,133365,760036,64279,12785,240,149
2021-05-14T23:59:59+02:00,83,82,49242,48810,105544,115571,126962,150675,192159,231807,305163,325484,296139,331589,224364,285492,67761,123340,15601,14398,29123,36470,32376,51058,42066,72872,58875,74516,80845,87818,142588,182380,58990,106840,1950448,883802,262914,132495,755488,58859,11741,237,148
2021-05-13T23:59:59+02:00,79,81,47326,46865,101704,112346,122256,146571,182148,223229,294566,315673,293173,328171,223556,284353,67661,123133,14738,13952,28267,35774,31614,50156,41123,71778,57370,72951,77069,83473,139829,178777,58880,106624,1898908,871269,254309,125452,749260,55008,10724,234,145
2021-05-12T23:59:59+02:00,77,79,46415,46159,99786,110922,120197,144913,179604,221121,289835,310351,292010,326906,223315,284034,67623,123048,14573,13802,27947,35557,31214,49866,40678,71403,56831,72384,75733,81851,139053,177644,58794,106464,1875861,865544,252148,123664,748771,54738,9925,229,144
2021-05-11T23:59:59+02:00,73,73,44171,44684,95760,107846,114397,140188,166242,209856,278190,299592,288609,322995,222358,282633,67474,122749,14145,13235,26938,34132,30085,48065,39374,69125,55120,70120,72651,78269,137701,175815,58636,106106,1817026,853291,242454,120977,740263,46875,8449,225,142
2021-05-10T23:59:59+02:00,72,69,42919,43713,93161,105844,111144,137562,157860,202835,270322,292488,286436,320548,221784,281771,67350,122507,13801,12791,26179,33149,29292,46808,38378,67270,53895,68391,70567,75713,136557,174305,58516,105818,1781500,844431,236409,119926,733299,39675,7477,221,136
2021-05-09T23:59:59+02:00,71,69,41798,42943,90480,104093,108484,135794,152857,199419,264805,287554,285198,319167,221409,281242,67284,122361,13486,12573,25488,32481,28563,46006,37587,66311,52958,67444,69338,74311,135961,173472,58461,105687,1762205,839855,229316,118951,727316,34911,6487,217,134
2021-05-08T23:59:59+02:00,70,69,41507,42643,89635,103364,107393,134941,151412,198205,262244,285492,284697,318625,221291,281063,67268,122329,13384,12512,25361,32389,28419,45877,37398,66117,52618,67126,68374,73390,134893,172109,58414,105594,1750190,835254,228805,118207,727093,34133,6474,194,117
2021-05-07T23:59:59+02:00,68,68,40584,41927,87706,102027,104571,132732,146793,194401,255995,279988,283358,317026,220941,280606,67215,122206,12638,12029,24539,31655,27656,44817,36535,64854,51433,65617,66129,70705,132673,169292,58324,105416,1724429,825601,225598,115945,722972,27338,5521,193,115
2021-05-06T23:59:59+02:00,64,67,37941,40206,82961,98573,98578,127983,136613,185899,239552,265583,278236,311235,219655,278918,67040,121890,11951,11513,23601,30550,26662,43466,35180,62852,49695,63645,63643,67583,130563,166533,58210,105198,1658906,814517,215688,112840,712089,18972,4608,183,114
2021-05-05T23:59:59+02:00,62,64,36054,39012,79310,95990,93980,124339,128794,179371,224804,251548,272053,304097,218083,276929,66794,121367,11717,11238,23062,29826,26059,42542,34255,61453,48544,62232,61035,64478,127621,162835,58112,104948,1592728,802247,210617,109277,706060,14991,3535,183,112
2021-05-04T23:59:59+02:00,62,62,34951,37908,76592,93673,90479,121299,123233,174641,214191,241277,266566,297653,216642,275085,66585,120899,11555,11034,22658,29286,25602,41770,33538,60367,47436,60959,58316,61303,125259,159904,57962,104712,1543712,790383,205501,106642,699988,11847,2883,181,110
2021-05-03T23:59:59+02:00,61,60,34084,36854,74306,91859,87604,118953,118793,170998,207539,235277,263290,293790,215844,274004,66464,120604,11311,10761,22264,28710,25119,41071,32853,59401,46414,59820,55534,57967,121486,155013,57705,104275,1511979,774554,202391,104930,695066,9086,1227,179,109
2021-05-02T23:59:59+02:00,61,60,33732,36536,73133,90956,86137,117860,116368,169132,204444,232766,262331,292702,215560,273596,66398,120496,11240,10689,22076,28499,24890,40785,32512,58995,45963,59344,54345,56507,118423,151335,57621,104145,1501393,769542,199600,99378,691192,8186,358,178,106
2021-05-01T23:59:59+02:00,60,60,33415,36162,72373,90163,85067,116820,114902,167773,201366,229737,261641,291881,215351,273316,66387,120458,11226,10673,22023,28469,24831,40747,32450,58937,45880,59269,54103,56215,118264,151139,57612,104128,1486325,768233,199598,99338,690926,8137,353,177,106
2021-04-30T23:59:59+02:00,57,58,32875,35563,71167,88940,83608,115092,111125,164212,193972,222623,259650,289514,214902,272709,66327,120352,10906,10478,21662,28190,24555,40324,32125,58374,45417,58637,53207,55051,117312,149953,57557,104008,1453457,764556,199272,97348,690128,5794,156,174,103
2021-04-29T23:59:59+02:00,55,56,31375,34615,68250,86917,79976,112493,106024,160107,181164,211082,251722,280420,213705,271076,66191,120003,10603,10266,21186,27742,24125,39825,31540,57633,44609,57702,51375,52860,115466,147719,57457,103813,1398610,755732,191996,94669,684759,3483,135,166,101
2021-04-28T23:59:59+02:00,54,54,30141,34004,66384,85606,77497,110672,102597,157255,171487,201917,240870,267824,212426,269391,65994,119675,10419,10107,20888,27390,23762,39355,31116,56978,43882,56880,49254,50244,112886,144489,57334,103601,1345994,746196,188635,90124,679385,2259,105,159,97
2021-04-27T23:59:59+02:00,51,53,29383,33320,64809,84143,75491,108865,99846,154858,166768,197197,232368,258021,211278,267777,65874,119453,10294,9996,20607,27101,23526,39026,30756,56483,43199,56189,47249,47703,110247,141058,57217,103401,1311987,736395,186330,86116,671400,1541,104,156,92
2021-04-26T23:59:59+02:00,50,53,28954,32936,63710,83260,73992,107699,97564,153148,158159,189185,228184,253179,210571,266785,65782,119255,10199,9907,20392,26915,23291,38808,30460,56145,42582,55613,45444,45557,108353,138580,57121,103248,1283071,728436,184886,83023,664672,1161,100,152,90
2021-04-25T23:59:59+02:00,50,52,28703,32698,62936,82738,72930,106965,95836,151925,152776,184316,223854,248300,209982,266005,65716,119132,10144,9873,20314,26840,23205,38727,30349,56019,42423,55454,45030,45060,107672,137673,57093,103178,1270331,726781,178749,81253,655996,1030,97,151,88
2021-04-24T23:59:59+02:00,50,51,28361,32272,61999,81517,71745,105522,94291,150269,147877,179173,221068,244970,209512,265331,65682,119082,10129,9855,20273,26798,23154,38662,30268,55933,42274,55318,44788,44752,107423,137379,57072,103150,1245495,725699,178720,80554,654716,987,96,151,86
2021-04-23T23:59:59+02:00,48,51,27615,31647,60431,80010,69959,103504,91701,147632,143104,174783,216519,239426,208857,264342,65619,118967,10077,9793,20165,26711,23023,38512,30034,55726,41911,54988,44170,43995,106362,136094,56916,102875,1220652,722352,177540,78079,646179,935,95,148,84
2021-04-22T23:59:59+02:00,46,50,27000,31048,58895,78575,67495,101289,87580,144145,135073,167298,207487,228430,206819,261710,65421,118570,9952,9697,19916,26414,22667,38079,29519,55212,41158,54351,43001,42668,104372,133649,56687,102477,1179144,714884,170100,74139,637843,811,95,143,82
2021-04-21T23:59:59+02:00,46,48,26507,30526,57569,77474,65613,99660,84545,141509,127891,160490,194426,213102,204670,258821,65195,118145,9821,9611,19684,26166,22382,37754,29167,54762,40606,53821,42155,41651,102186,130869,56434,102066,1127700,708349,167221,70063,631473,739,95,137,81
2021-04-20T23:59:59+02:00,45,47,26082,30058,56411,76332,63939,98080,82000,138935,122813,155431,182955,199649,202246,255689,64959,117719,9718,9520,19466,25978,22090,37485,28756,54350,40068,53287,41339,40720,99969,127883,56098,101529,1085107,700808,163737,66812,624703,659,93,135,76
2021-04-19T23:59:59+02:00,45,46,25715,29702,55443,75513,62656,96903,79875,137009,119294,152053,177208,192809,200539,253455,64776,117386,9609,9427,19235,25758,21845,37212,28440,53959,39557,52758,40544,39811,96873,123919,55693,100817,1060577,690468,161909,64391,618101,622,92,130,76
2021-04-18T23:59:59+02:00,44,44,25411,29442,54675,74968,61536,95959,78025,135589,115932,149662,172101,187256,199529,252231,64665,117195,9535,9352,19046,25584,21668,37046,28223,53682,39298,52507,40216,39424,95657,122375,55512,100521,1046624,686604,160242,62459,607551,607,92,129,75
2021-04-17T23:59:59+02:00,43,43,25302,29350,54304,74773,61019,95607,77371,134990,115086,148921,167850,182375,198995,251506,64631,117130,9490,9293,18908,25396,21480,36816,27996,53407,39033,52239,39917,39102,94895,121447,55448,100437,1035746,682588,160214,62145,603488,595,92,129,75
2021-04-16T23:59:59+02:00,43,43,24928,29102,53316,74168,59735,94728,75746,133659,110941,144780,160218,173604,197339,249301,64522,116921,9282,9118,18515,24969,20900,36242,26890,52503,37009,50638,36609,36173,91710,117926,55045,99782,1009852,667538,159423,55236,593969,561,92,128,73
2021-04-15T23:59:59+02:00,39,39,24454,28650,52065,72999,57776,92999,72477,130815,105472,139501,152357,164631,192687,243429,64225,116302,9108,8956,18147,24547,20407,35583,26213,51709,35616,49408,34498,34143,88601,114200,54538,98925,977649,654464,157370,49650,576046,511,91,126,71
2021-04-14T23:59:59+02:00,37,35,24114,28325,51128,72063,56438,91613,70090,128658,101483,135734,143164,154249,184949,233552,63884,115634,8702,8684,17673,24041,19871,34938,25299,50831,34329,48285,32456,31987,85623,110555,54048,98065,939795,639579,154702,45423,560801,412,90,122,71
2021-04-13T23:59:59+02:00,37,35,23876,28108,50432,71528,55495,90789,68456,127249,97758,132302,131335,141133,178560,225223,63546,115046,8467,8512,17328,23635,19451,34402,24635,50038,33264,47271,31074,30626,83471,108176,53691,97521,906563,630269,150189,41032,544305,289,90,120,69
2021-04-12T23:59:59+02:00,36,34,23667,27920,49877,71019,54631,90056,66989,125959,95126,129978,124227,133101,175334,221274,63275,114555,8230,8327,16965,23339,19080,33967,24163,49501,32596,46645,29548,29089,81810,106240,53365,97000,890154,621844,148649,37776,528404,274,88,118,67
2021-04-11T23:59:59+02:00,35,34,23492,27760,49353,70598,53902,89602,65847,125156,93271,128501,118747,127087,171415,216670,63105,114257,8097,8193,16669,23060,18762,33659,23807,49121,32149,46259,28911,28424,80790,104995,53156,96681,882687,616560,144241,35950,512054,256,85,117,64
2021-04-10T23:59:59+02:00,35,34,23431,27703,49186,70463,53702,89444,65521,124886,92746,128066,116664,124561,169975,214820,63063,114157,7510,7590,15779,22275,17805,32819,22687,48089,31039,45263,28251,27712,78697,102388,52889,96245,875698,601249,143387,35571,509526,251,80,117,64
2021-04-09T23:59:59+02:00,34,34,23184,27453,48686,69972,53062,88761,64525,123763,90920,126159,107838,113626,166595,210416,62865,113801,6552,6690,14251,20953,16084,31259,20547,46125,28837,43257,26475,25888,75198,98215,52344,95406,856292,573815,136336,34058,499226,239,72,112,62
2021-04-08T23:59:59+02:00,34,34,22888,27207,48106,69481,52307,88061,63218,122680,88503,123992,97529,101641,161058,203572,62538,113237,5909,6103,13064,19935,14826,29920,18908,44407,26338,40923,23455,22921,70554,92447,51204,93656,837640,542280,127439,32118,481178,208,62,110,62
2021-04-07T23:59:59+02:00,32,33,22577,26982,47303,69024,51382,87450,61828,121701,85364,121553,88348,91351,154057,194786,62244,112677,5529,5782,12404,19262,14011,29093,17865,43355,24429,39026,20920,20396,66599,87684,50210,92041,817257,518829,121845,29636,459766,178,56,107,61
2021-04-06T23:59:59+02:00,31,33,22367,26821,46775,68644,50793,86926,60795,120925,83256,119810,80587,82549,147696,186829,61901,112049,5336,5623,12053,18905,13659,28662,17331,42793,23566,38217,19793,19365,63442,83593,49289,90659,797997,505470,118631,26694,442339,167,51,103,58
2021-04-05T23:59:59+02:00,31,32,22269,26696,46464,68299,50408,86528,60250,120235,82076,118658,76109,77458,142694,180728,61700,111734,5197,5484,11792,18653,13365,28350,17009,42421,23121,37757,19329,18896,60563,80042,48590,89594,788570,496147,116877,23901,427103,161,48,101,58
2021-04-04T23:59:59+02:00,31,32,22221,26637,46343,68031,50239,86214,59971,119734,81569,118026,74667,75752,141991,179755,61663,111652,5193,5477,11774,18640,13354,28334,16990,42404,23023,37685,18922,18573,59126,78195,48384,89283,786036,491355,116773,23899,421907,154,44,98,56
2021-04-03T23:59:59+02:00,31,32,22159,26556,46220,67923,50077,86039,59655,119422,81001,117447,73322,74117,140875,178219,61580,111503,5184,5468,11761,18622,13331,28314,16956,42357,22918,37611,18786,18422,58776,77633,48295,89137,779676,489570,116731,23899,419959,154,43,97,56
2021-04-02T23:59:59+02:00,31,32,22082,26473,46060,67757,49859,85791,59185,118973,80123,116635,71767,72236,138597,175239,61383,111144,5165,5431,11714,18579,13277,28232,16867,42209,22644,37134,18428,18059,56436,74752,47482,88036,770568,481091,114956,23255,418032,154,40,96,54
2021-04-01T23:59:59+02:00,28,30,21887,26269,45644,67235,49213,85049,58309,118033,78242,114964,68504,68805,134517,170067,61066,110577,5018,5287,11443,18316,13054,27996,16544,41900,22140,36691,17612,17316,51594,68724,45803,85581,758931,463053,108861,21884,410839,141,35,93,53
2021-03-31T23:59:59+02:00,28,30,21560,26051,45242,66712,48719,84401,57580,117096,77085,113722,66463,66487,129759,163958,60664,109854,4940,5236,11346,18198,12894,27846,16304,41630,21545,36180,16482,16413,46383,62306,44423,83598,749186,444716,101704,20937,404720,138,30,90,49
2021-03-30T23:59:59+02:00,28,29,21382,25828,44843,66093,48213,83604,56870,116044,75946,112346,64622,64466,125381,158206,60196,108954,4873,5151,11242,18073,12702,27657,15977,41307,20972,35631,15649,15610,43628,58898,43307,81803,738997,432865,97484,19575,396776,109,26,85,48
2021-03-29T23:59:59+02:00,27,29,21185,25589,44382,65543,47737,82915,56134,114970,74720,110914,62134,61722,118643,149566,59426,107561,4776,5080,11137,17960,12549,27491,15730,40984,20514,35162,14997,15070,41040,55916,42200,79981,718469,421665,94063,18897,390869,94,26,85,47
2021-03-28T23:59:59+02:00,27,29,20979,25300,43883,64858,47220,82174,55454,113964,73779,109808,60875,60287,113936,143589,58982,106804,4721,5022,10991,17814,12292,27192,15539,40737,20347,34930,14758,14826,39960,54497,41852,79442,711931,417348,86749,17570,383472,74,26,84,44
2021-03-27T23:59:59+01:00,27,29,20859,25143,43591,64492,46856,81645,54954,113275,73107,109070,59718,59203,112450,141882,58915,106724,4708,5010,10964,17795,12274,27162,15178,40309,19947,34494,14465,14614,39474,53809,41378,78625,706657,413294,86048,16916,379437,68,26,84,44
2021-03-26T23:59:59+01:00,27,28,20607,24631,42786,62789,45888,79620,53617,110254,71092,105457,57704,57321,109698,138642,58588,106208,4690,4977,10940,17743,12204,27070,15100,40199,19607,33899,13998,13962,36405,49972,39321,75382,695264,398789,82729,16697,367165,55,23,83,44
2021-03-25T23:59:59+01:00,27,26,20175,23959,41913,61026,44792,77069,52103,106728,68703,101692,55110,54686,106388,134672,58017,105217,4644,4922,10849,17640,12082,26925,14917,39980,19331,33592,13523,13471,32555,44928,36325,70850,683842,380455,78535,16099,350128,50,21,81,44
2021-03-24T23:59:59+01:00,27,26,19773,23512,41130,59758,43777,75532,50724,104805,66606,99362,52327,51774,102136,129573,57379,104140,4590,4856,10756,17497,11914,26723,14685,39697,18963,33174,13065,13017,29986,41716,33212,66014,671042,364899,73663,14998,337862,43,16,80,44
2021-03-23T23:59:59+01:00,27,26,19525,23210,40571,58845,43055,74441,49689,103294,64950,97503,50037,49430,99379,126361,56819,103300,4531,4786,10657,17372,11769,26540,14439,39385,18545,32788,12562,12510,27552,38621,29545,60124,662924,347350,70322,14409,327424,41,15,77,44
2021-03-22T23:59:59+01:00,27,26,19303,22797,39931,57965,42389,73402,48744,101909,63477,95871,48202,47546,96980,123615,56348,102529,4473,4739,10571,17256,11638,26362,14281,39145,18304,32487,12252,12137,25718,36270,25591,53746,656624,331146,67515,13857,317129,38,15,76,43
2021-03-21T23:59:59+01:00,27,26,19165,22538,39440,57212,41840,72557,48090,100753,62534,94639,47154,46522,95334,121764,55978,101950,4459,4731,10535,17208,11592,26276,14221,39055,18222,32388,12132,12005,25290,35822,25237,53188,654052,328953,65487,13443,308187,38,14,75,41
2021-03-20T23:59:59+01:00,26,26,19105,22393,39229,56717,41600,71996,47780,100116,62094,94037,46501,45756,92736,118532,55691,101464,4450,4723,10526,17196,11564,26259,14178,39018,18140,32313,11973,11844,24649,35047,24474,52102,647588,325237,65038,13254,303374,38,14,75,41
2021-03-19T23:59:59+01:00,25,25,18751,21828,38096,54594,40319,70002,46046,98031,59213,91279,42057,41884,87519,112768,54989,100384,4429,4710,10493,17146,11499,26147,14087,38848,17905,32014,11621,11561,22982,32988,22793,49542,629833,315913,57827,12892,290348,32,14,72,41
2021-03-18T23:59:59+01:00,25,24,18356,21181,36919,52439,38779,67212,43890,93562,55367,85483,38023,38084,82789,107286,53902,98724,4409,4682,10427,17043,11421,25992,13939,38660,17689,31811,11389,11378,21735,31474,21080,46944,612893,307835,52085,12281,267259,29,14,72,40
2021-03-17T23:59:59+01:00,25,23,17934,20830,36194,51521,38014,66258,42809,92210,53579,83655,35350,35297,78765,102463,52958,97251,4386,4656,10365,16948,11348,25858,13826,38471,17490,31618,11152,11154,20493,30062,19490,44544,596237,300332,47682,11572,261404,26,14,71,40
2021-03-16T23:59:59+01:00,24,23,17577,20411,35448,50451,37202,65063,41712,90534,51741,81667,33145,33277,74734,97517,52077,95937,4336,4607,10292,16820,11257,25707,13727,38234,17357,31375,10982,10976,19210,28544,18009,42220,582978,292558,42994,11138,252753,26,11,69,40
2021-03-15T23:59:59+01:00,24,23,17298,20047,34740,49473,36410,63873,40808,89053,50481,80066,31422,31437,71452,93425,51380,94804,4314,4572,10225,16697,11190,25506,13611,37946,17208,31103,10816,10818,18477,27579,16751,40359,571852,286736,39669,10489,244887,26,0,67,40
2021-03-14T23:59:59+01:00,24,22,17030,19620,33885,48265,35510,62555,39750,87227,49225,78338,30256,30204,69457,90862,50935,94128,4290,4553,10180,16620,11134,25364,13551,37724,17118,30939,10744,10733,18296,27298,16489,39798,564741,285537,37791,9356,234952,17,0,63,40
2021-03-13T23:59:59+01:00,24,22,16217,18558,32388,46232,33938,60422,37711,84155,47095,75788,28905,28850,67443,88237,50666,93737,4290,4553,10178,16614,11131,25357,13542,37718,17111,30930,10707,10701,17548,26412,15443,38346,548386,281287,37506,9355,224671,16,0,63,40
2021-03-12T23:59:59+01:00,23,22,15116,17181,29946,43584,31273,57280,34847,79298,43885,71327,26069,25658,63138,82935,49684,92332,4277,4520,10159,16552,11113,25306,13496,37600,17020,30799,10430,10474,16665,25166,14371,36822,520363,275487,36194,9344,207206,13,0,61,39
2021-03-11T23:59:59+01:00,22,22,14075,15721,27698,40889,28953,54090,32259,74908,40130,66431,22671,22181,57123,75616,47750,89492,4236,4480,10079,16433,11002,25081,13378,37290,16854,30495,10126,10262,16030,24325,13703,35547,488309,271483,34603,7903,187266,10,0,60,38
2021-03-10T23:59:59+01:00,22,22,13480,15023,26288,39273,27303,52269,30695,72590,37610,63302,19921,19627,51205,68474,46198,87153,4201,4436,9979,16266,10884,24832,13230,36870,16655,30122,9889,10079,15287,23552,13044,34521,461879,266752,32555,7159,176166,8,0,58,38
2021-03-09T23:59:59+01:00,21,21,13198,14555,25165,38232,25887,51083,29632,70935,36231,61468,18737,18502,47693,64034,45073,85364,4177,4410,9894,16099,10781,24573,13077,36553,16480,29885,9764,9977,14624,22715,12548,33747,448273,263043,30026,6326,167664,8,0,58,36
2021-03-08T23:59:59+01:00,20,21,12867,13948,24081,37123,24615,49945,28696,69451,34997,59850,17657,17623,43572,59046,43845,83380,4162,4373,9833,15901,10679,24313,12944,36195,16351,29620,9680,9893,14129,22109,12234,33308,432808,259859,28021,5935,160038,3,0,57,35
2021-03-07T23:59:59+01:00,20,21,12634,13655,23487,36273,23917,49069,28095,68580,34388,59091,17395,17373,42503,57595,43478,82816,4150,4360,9812,15859,10652,24240,12912,36025,16294,29506,9658,9864,13931,21856,12098,33106,428044,258801,26206,5595,156267,0,0,56,34
2021-03-06T23:59:59+01:00,20,20,12521,13363,23085,35539,23386,48282,27046,67052,33288,57327,17009,17044,41858,56706,43177,82348,4147,4346,9801,15833,10634,24206,12902,35983,16276,29475,9640,9823,13884,21818,11995,32896,423981,258422,26142,5311,149073,0,0,56,33
2021-03-05T23:59:59+01:00,20,20,12108,12761,22403,34336,22703,47052,26291,65421,32053,54908,16363,16209,38398,52398,41020,78904,4120,4299,9731,15733,10582,24058,12834,35788,16189,29268,9544,9754,13698,21603,11624,32285,408786,256722,24690,4462,140010,0,0,56,32
2021-03-04T23:59:59+01:00,18,20,11348,11755,21215,32608,21484,45005,24935,62769,30358,52551,15633,15490,34392,47231,37939,74216,4071,4209,9618,15441,10478,23700,12701,35255,16044,28868,9368,9601,13540,21392,11540,32140,390339,253671,22614,4370,126129,0,0,56,29
2021-03-03T23:59:59+01:00,16,20,11041,11260,20526,31387,20710,43643,24027,61019,29313,50909,15156,14987,31780,43908,34853,69447,4031,4146,9537,15271,10399,23448,12595,34833,15866,28522,9184,9475,13415,21178,11394,31870,374893,251036,21821,4205,117403,0,0,52,27
2021-03-02T23:59:59+01:00,16,20,10779,10835,19880,30418,19996,42622,23242,59631,28342,49635,14529,14340,29103,40534,30967,63228,3983,4075,9475,15106,10330,23183,12491,34400,15765,28215,9058,9373,13277,20991,11317,31725,356701,248635,20310,4204,111215,0,0,51,27
2021-03-01T23:59:59+01:00,14,19,10607,10575,19368,29614,19433,41739,22653,58561,27627,48513,14114,13885,27033,37944,26710,56340,3968,4025,9421,14951,10267,22884,12410,34023,15659,27892,8976,9313,13094,20721,11201,31542,339480,246217,19196,4204,106179,0,0,51,27
2021-02-28T23:59:59+01:00,13,19,10441,10376,18900,28965,18900,41002,22175,57709,27141,47719,13906,13643,26424,37284,26304,55738,3952,4011,9397,14919,10248,22833,12393,33953,15632,27846,8949,9289,12962,20543,11138,31392,337027,245363,18337,4168,101399,0,0,51,27
2021-02-27T23:59:59+01:00,13,18,10262,9861,18571,28098,18641,40215,21890,56725,26812,46925,13630,13342,25755,36479,25381,54318,3940,3999,9376,14898,10216,22785,12354,33871,15587,27773,8927,9273,12943,20521,11117,31372,333111,245007,17615,4019,96312,0,0,51,27
2021-02-26T23:59:59+01:00,12,17,9466,9076,17668,26656,17858,38006,20961,53871,25352,44101,13163,12940,24166,34490,23856,52012,3859,3931,9298,14737,10142,22529,12273,33506,15470,27478,8847,9192,12876,20453,11076,31303,323992,243100,17361,3945,82415,0,0,51,25
2021-02-25T23:59:59+01:00,12,17,8307,8224,16346,25052,16589,35743,19724,50981,23643,41316,12689,12539,22886,32898,22359,49727,3737,3787,9136,14424,9922,21924,12019,32654,15143,26823,8651,9041,12614,20127,10936,31034,316367,238960,16590,3089,66188,0,0,50,23
2021-02-24T23:59:59+01:00,11,16,7942,7700,15691,24016,15959,34505,19010,49464,22850,40116,12293,12203,21578,31398,20678,47100,3665,3720,8996,14132,9745,21470,11816,32028,14881,26285,8510,8904,12471,19954,10871,30823,308113,236186,15624,2159,58883,0,0,50,23
2021-02-23T23:59:59+01:00,11,16,7459,7223,14873,22838,15274,33284,18288,48054,22132,39047,11986,11879,20239,29823,19064,44543,3625,3644,8876,13930,9607,21072,11627,31451,14581,25783,8339,8762,12343,19743,10801,30591,299997,233354,14824,1495,51299,0,0,49,22
2021-02-22T23:59:59+01:00,10,14,7352,7017,14488,22220,14923,32556,17824,47048,21638,38314,11788,11630,19490,28815,17749,42589,3595,3542,8739,13638,9443,20570,11372,30710,14207,25186,8091,8568,12143,19490,10695,30288,294131,230041,14214,309,47207,0,0,47,22
2021-02-21T23:59:59+01:00,10,14,7262,6892,14167,21777,14504,31973,17409,46396,21200,37820,11681,11528,19327,28602,17502,42254,3556,3502,8656,13515,9367,20354,11301,30418,14086,24917,8029,8506,12087,19383,10624,30125,292988,228202,13842,295,43573,0,0,45,22
2021-02-20T23:59:59+01:00,10,14,7145,6842,14042,21697,14388,31838,17290,46246,21042,37639,11582,11444,18545,27684,16444,40784,3554,3496,8646,13507,9357,20333,11287,30393,14073,24906,8024,8497,12022,19319,10570,30057,288731,227819,13645,294,42382,0,0,45,21
2021-02-19T23:59:59+01:00,8,13,6843,6590,13687,21258,14017,31169,16816,45448,20335,36769,10980,11043,17500,26353,15285,39174,3474,3473,8570,13480,9315,20276,11249,30302,14014,24812,7981,8437,11800,19047,10377,29726,282343,226113,13270,293,37756,0,0,42,20
2021-02-18T23:59:59+01:00,8,13,6446,6115,13060,20114,13377,29795,16000,43576,19461,35189,10749,10824,16908,25598,14708,38291,3288,3336,8236,12940,9021,19526,10898,29260,13646,23985,7776,8128,11213,18094,9880,28576,278764,217584,12688,293,28859,0,0,42,19
2021-02-17T23:59:59+01:00,8,12,6280,5772,12614,19233,12888,28604,15300,41854,18814,33862,10520,10573,16151,24784,13931,37101,3039,3176,7896,12424,8720,18735,10528,28216,13254,23135,7542,7893,10656,17241,9442,27758,274096,209434,11956,291,22323,0,0,42,19
2021-02-16T23:59:59+01:00,8,12,5954,5471,12075,18397,12384,27529,14755,40474,18221,32827,10366,10469,15482,23953,13422,36312,2856,3056,7594,11973,8415,18011,10132,27126,12789,22237,7272,7598,9937,16067,8715,26208,270558,199919,11460,135,16167,0,0,40,19
2021-02-15T23:59:59+01:00,8,12,5848,5290,11780,17754,12117,26746,14407,39480,17872,32057,10240,10359,14921,23297,13061,35773,2766,2975,7402,11651,8196,17504,9830,26281,12440,21553,6991,7312,9236,15009,8200,24926,267453,192252,10857,89,12786,0,0,40,18
2021-02-14T23:59:59+01:00,8,12,5579,5175,11531,17483,11893,26310,14173,39034,17681,31780,10195,10308,14687,22958,12896,35380,2716,2937,7288,11486,8067,17298,9654,25949,12262,21251,6895,7188,9015,14625,8012,24390,266451,189014,9921,87,10786,0,0,38,18
2021-02-13T23:59:59+01:00,8,12,5519,5137,11481,17447,11862,26279,14145,39002,17661,31761,10181,10280,14660,22926,12884,35363,2712,2934,7283,11479,8055,17277,9638,25913,12235,21208,6865,7154,8861,14412,7660,23764,266207,187509,9920,9,10557,0,0,37,17
2021-02-12T23:59:59+01:00,8,11,5003,4819,10910,17083,11544,25727,13826,38358,17332,31117,10070,10173,14476,22712,12804,35254,2662,2901,7189,11322,7954,17046,9488,25521,12018,20763,6683,6921,8499,13851,7068,22424,264510,182371,9909,7,6882,0,0,37,17
2021-02-11T23:59:59+01:00,8,10,4541,4518,10323,16403,11131,24921,13346,37094,16842,30258,9755,9912,14194,22263,12524,34568,2494,2627,6589,10129,7266,15309,8627,22906,10966,18682,6032,6206,7452,12232,6253,20104,261280,163933,8266,4,3139,0,0,35,16
2021-02-10T23:59:59+01:00,8,10,4295,4350,9988,15950,10821,24380,13034,36209,16426,29508,9541,9774,14013,22059,12432,34361,2133,2335,5652,8668,6459,13265,7636,19991,9839,16646,5486,5620,6465,10569,5477,18045,258629,144349,7767,3,837,0,0,33,4
2021-02-09T23:59:59+01:00,8,9,4231,4251,9865,15682,10711,23978,12861,35588,16214,29034,9362,9636,13818,21849,12290,34139,1737,1981,4872,7399,5686,11472,6717,17480,8751,14651,4907,4990,5415,9016,4747,15947,256179,125827,6989,1,432,0,0,32,4
2021-02-08T23:59:59+01:00,8,9,4197,4196,9772,15470,10603,23620,12742,35127,16073,28676,9270,9569,13616,21564,12181,33946,1572,1786,4314,6402,5024,9896,5895,14956,7728,12796,4347,4457,4427,7428,3984,13867,253809,108933,6475,1,426,0,0,32,4
2021-02-07T23:59:59+01:00,8,9,4032,4129,9616,15334,10501,23456,12663,34864,15961,28482,9229,9524,13470,21381,12107,33803,1357,1539,3894,5728,4610,9017,5470,13797,7242,11837,4091,4197,4197,7034,3824,13272,252711,101158,5929,1,0,0,0,30,3
2021-02-06T23:59:59+01:00,8,9,4023,4120,9605,15318,10488,23420,12641,34814,15944,28425,9209,9510,13452,21346,12002,33605,1205,1343,3661,5421,4424,8592,5250,13208,6962,11279,3954,4060,4071,6885,3545,12814,252366,96724,5644,1,0,0,0,30,2
2021-02-05T23:59:59+01:00,8,8,3950,4052,9533,15175,10421,23170,12556,34444,15829,28144,9125,9436,13379,21271,11652,33008,1064,1114,3380,4976,4164,8012,4933,12427,6576,10551,3693,3814,3908,6654,3039,11924,250479,90276,4751,0,0,0,0,30,2
2021-02-04T23:59:59+01:00,8,8,3893,3928,9412,14858,10244,22622,12368,33648,15613,27582,9002,9326,13153,20978,11538,32804,799,781,2556,3723,3229,6268,3980,9880,5250,8336,3011,3101,3289,5676,2651,10435,246529,72999,4527,0,0,0,0,28,2
2021-02-03T23:59:59+01:00,8,8,3824,3857,9309,14635,10140,22286,12236,33140,15463,27165,8892,9211,13011,20801,11464,32638,663,613,1928,2808,2495,4839,3007,7588,4017,6286,2199,2234,2403,4209,1924,7826,243804,55067,4355,0,0,0,0,28,2
2021-02-02T23:59:59+01:00,8,8,3757,3762,9209,14442,10041,21905,12094,32576,15261,26712,8767,9097,12888,20590,11382,32373,527,486,1458,2073,1906,3640,2261,5772,2997,4698,1556,1536,1640,2773,1338,5209,240588,39889,4353,0,0,0,0,28,2
2021-02-01T23:59:59+01:00,7,8,3717,3672,9130,14212,9935,21520,11955,31940,15076,26208,8647,8950,12780,20447,11331,32197,392,352,1015,1430,1256,2423,1474,3781,1861,2975,985,979,972,1694,769,3022,237450,25388,4353,0,0,0,0,26,2
2021-01-31T23:59:59+01:00,7,8,3699,3637,9077,14104,9866,21316,11889,31643,14972,26011,8591,8891,12729,20336,11286,32068,362,331,893,1240,1067,2050,1272,3229,1628,2608,887,887,868,1510,698,2716,235962,22252,4238,0,0,0,0,25,2
2021-01-30T23:59:59+01:00,7,8,3698,3634,9067,14091,9852,21293,11876,31623,14960,25997,8587,8886,12660,20267,11219,31991,345,307,833,1156,1010,1927,1208,3039,1553,2471,859,861,849,1470,683,2663,235641,21239,4145,0,0,0,0,25,2
2021-01-29T23:59:59+01:00,7,8,3638,3619,9006,14061,9823,21241,11844,31548,14912,25929,8563,8863,12473,20042,11039,31748,278,224,712,983,866,1567,1053,2649,1342,2146,769,769,800,1415,665,2610,234421,18851,4016,0,0,0,0,22,2
2021-01-28T23:59:59+01:00,7,8,3519,3533,8801,13675,9603,20728,11612,30968,14585,25430,8426,8762,12036,19421,10683,31167,131,57,293,360,378,611,461,1149,611,964,407,425,469,814,382,1580,229631,9094,3408,0,0,0,0,20,1
2021-01-27T23:59:59+01:00,7,8,3288,3398,8508,13259,9302,20104,11229,30132,14198,24695,8210,8551,11485,18614,10258,30404,79,33,202,222,244,415,306,802,432,662,309,311,349,607,287,1158,222923,6419,2797,0,0,0,0,20,1
2021-01-26T23:59:59+01:00,6,8,3122,3300,8226,12922,9039,19534,10924,29375,13801,24063,7974,8329,10907,17698,9610,29252,74,29,187,212,228,381,290,751,401,601,294,285,322,544,260,1028,216205,5888,1954,0,0,0,0,20,1
2021-01-25T23:59:59+01:00,6,8,3034,3206,7944,12441,8749,18828,10538,28373,13321,23300,7692,8128,10288,16881,9154,28351,66,21,167,191,194,325,251,631,349,496,257,240,268,467,211,840,209903,4975,408,0,0,0,0,18,1
2021-01-24T23:59:59+01:00,6,8,2990,3185,7859,12363,8675,18703,10429,28213,13192,23117,7649,8092,10223,16769,9106,28255,65,20,163,187,192,311,248,610,340,482,248,236,266,460,207,825,208597,4861,305,0,0,0,0,18,1
2021-01-23T23:59:59+01:00,6,8,2989,3184,7858,12360,8671,18693,10427,28199,13186,23112,7642,8089,10099,16603,8778,27668,64,20,163,187,191,310,246,610,338,482,248,236,266,460,207,823,207338,4852,303,0,0,0,0,17,1
2021-01-22T23:59:59+01:00,6,8,2927,3138,7734,12247,8588,18551,10317,28029,13105,22997,7612,8056,9901,16301,8260,26644,64,20,162,187,191,310,246,610,337,482,248,236,266,460,207,823,204188,4850,303,0,0,0,0,16,1
2021-01-21T23:59:59+01:00,6,8,2845,2968,7235,11333,8103,17404,9781,26402,12498,21783,7330,7731,9264,15354,7743,25594,58,18,147,173,174,279,221,534,300,442,222,209,235,380,177,691,193145,4261,303,0,0,0,0,16,1
2021-01-20T23:59:59+01:00,6,8,2486,2621,6354,9921,7356,15448,8827,23572,11388,19710,6729,7079,8167,13586,6928,23372,56,18,146,168,171,277,213,520,288,420,210,202,229,355,163,653,173316,4090,300,0,0,0,0,16,1
2021-01-19T23:59:59+01:00,6,8,2046,2267,5455,8533,6496,13557,7806,20789,10120,17476,5974,6198,6782,11401,5907,20319,40,11,97,124,115,171,150,356,189,292,133,115,141,237,114,486,150970,2771,219,0,0,0,0,16,1
2021-01-18T23:59:59+01:00,5,8,1773,1977,4699,7149,5541,11317,6608,17192,8691,14760,5091,5316,5396,9148,4834,16837,21,6,38,46,52,79,66,162,75,146,59,54,66,131,62,220,126292,1283,95,0,0,0,0,16,1
2021-01-17T23:59:59+01:00,4,8,1495,1687,4186,6354,5033,10185,6071,15620,8050,13495,4751,4966,5023,8474,4505,15829,8,2,8,15,15,28,20,51,28,56,23,23,20,31,13,47,115685,387,90,0,0,0,0,15,1
2021-01-16T23:59:59+01:00,4,7,1328,1484,3969,6033,4853,9745,5812,14955,7720,12802,4561,4738,4810,8198,4150,15225,0,0,0,1,1,2,1,1,2,2,0,1,1,0,0,1,110424,12,7,0,0,0,0,14,1
2021-01-15T23:59:59+01:00,4,7,1177,1258,3715,5611,4599,9180,5521,14114,7312,12003,4269,4444,4623,7890,3614,14179,0,0,0,0,0,0,0,0,1,0,0,0,0,0,0,0,103550,0,4,0,0,0,0,14,1
2021-01-14T23:59:59+01:00,3,4,903,945,2969,4422,3734,7363,4577,11368,5916,9655,3467,3575,3882,6662,3127,12361,0,0,0,0,0,0,0,0,1,0,0,0,0,0,0,0,84956,0,0,0,0,0,0,14,1
2021-01-13T23:59:59+01:00,3,3,768,791,2496,3690,3150,6139,3804,9426,4822,7777,2594,2662,2934,5079,2394,9457,0,0,0,0,0,0,0,0,1,0,0,0,0,0,0,0,68007,0,0,0,0,0,0,13,1
2021-01-12T23:59:59+01:00,2,3,636,660,2089,3026,2593,4987,3045,7589,3803,6111,1863,1841,2007,3444,1695,6460,0,0,0,0,0,0,0,0,1,0,0,0,0,0,0,0,51879,0,0,0,0,0,0,1,1
2021-01-11T23:59:59+01:00,1,1,493,524,1741,2449,2080,3985,2358,5766,2823,4431,1198,1139,1203,2022,934,3677,0,0,0,0,0,0,0,0,1,0,0,0,0,0,0,0,36845,0,0,0,0,0,0,1,1
2021-01-10T23:59:59+01:00,1,1,437,455,1480,2024,1740,3262,1949,4781,2347,3713,1056,1014,1058,1775,833,3224,0,0,0,0,0,0,0,0,1,0,0,0,0,0,0,0,31161,0,0,0,0,0,0,1,1
2021-01-09T23:59:59+01:00,1,1,405,410,1356,1847,1595,2972,1795,4332,2162,3382,981,943,999,1721,815,3181,0,0,0,0,0,0,0,0,1,0,0,0,0,0,0,0,28907,0,0,0,0,0,0,1,1
2021-01-08T23:59:59+01:00,1,1,308,281,1107,1503,1317,2303,1477,3552,1792,2765,847,835,911,1598,767,3027,0,0,0,0,0,0,0,0,1,0,0,0,0,0,0,0,24399,0,0,0,0,0,0,1,1
2021-01-07T23:59:59+01:00,1,0,145,76,398,507,481,789,596,1369,782,1206,467,482,562,963,466,1912,0,0,0,0,0,0,0,0,1,0,0,0,0,0,0,0,11204,0,0,0,0,0,0,0,1
2021-01-06T23:59:59+01:00,1,0,110,44,268,285,308,513,400,929,532,826,359,362,425,749,359,1445,0,0,0,0,0,0,0,0,1,0,0,0,0,0,0,0,7917,0,0,0,0,0,0,0,1
2021-01-05T23:59:59+01:00,1,0,86,31,189,230,241,427,321,819,449,704,343,346,408,716,352,1391,0,0,0,0,0,0,0,0,1,0,0,0,0,0,0,0,7056,0,0,0,0,0,0,0,1
2021-01-04T23:59:59+01:00,1,0,68,25,172,193,199,334,257,636,355,512,268,253,288,518,235,933,0,0,0,0,0,0,0,0,1,0,0,0,0,0,0,0,5248,0,0,0,0,0,0,0,1
2021-01-03T23:59:59+01:00,1,0,66,21,166,188,194,319,255,621,345,495,260,251,284,505,233,916,0,0,0,0,0,0,0,0,1,0,0,0,0,0,0,0,5121,0,0,0,0,0,0,0,1
2021-01-02T23:59:59+01:00,1,0,66,21,166,188,194,319,252,621,342,495,260,251,284,505,233,915,0,0,0,0,0,0,0,0,1,0,0,0,0,0,0,0,5114,0,0,0,0,0,0,0,1
2021-01-01T23:59:59+01:00,1,0,65,21,165,188,194,318,251,621,339,493,260,251,284,504,233,915,0,0,0,0,0,0,0,0,1,0,0,0,0,0,0,0,5104,0,0,0,0,0,0,0,1
2020-12-31T23:59:59+01:00,1,0,65,21,165,186,194,317,250,620,338,492,260,251,284,504,233,915,0,0,0,0,0,0,0,0,1,0,0,0,0,0,0,0,5097,0,0,0,0,0,0,0,1
2020-12-30T23:59:59+01:00,1,0,64,21,165,185,192,314,250,618,338,490,260,251,284,504,232,915,0,0,0,0,0,0,0,0,1,0,0,0,0,0,0,0,5085,0,0,0,0,0,0,0,1
2020-12-29T23:59:59+01:00,1,0,45,12,117,140,143,212,182,443,238,376,179,164,196,375,171,715,0,0,0,0,0,0,0,0,1,0,0,0,0,0,0,0,3710,0,0,0,0,0,0,0,1
2020-12-28T23:59:59+01:00,1,0,24,8,64,77,80,122,101,252,118,231,98,93,103,200,103,388,0,0,0,0,0,0,0,0,1,0,0,0,0,0,0,0,2064,0,0,0,0,0,0,0,1
2020-12-27T23:59:59+01:00,0,0,11,3,17,26,36,47,36,89,37,94,32,29,40,73,32,145,0,0,0,0,0,0,0,0,0,0,0,0,0,0,0,0,747,0,0,0,0,0,0,0,0
