Datum,<24_1_m,<24_1_w,25-34_1_m,25-34_1_w,35-44_1_m,35-44_1_w,45-54_1_m,45-54_1_w,55-64_1_m,55-64_1_w,65-74_1_m,65-74_1_w,75-84_1_m,75-84_1_w,>84_1_m,>84_1_w,<24_2_m,<24_2_w,25-34_2_m,25-34_2_w,35-44_2_m,35-44_2_w,45-54_2_m,45-54_2_w,55-64_2_m,55-64_2_w,65-74_2_m,65-74_2_w,75-84_2_m,75-84_2_w,>84_2_m,>84_2_w,bp_1,bp_2,mo_1,mo_2,az_1,az_2,ja
2021-07-09T23:59:59+02:00,217075,210734,321603,297937,348065,344465,417798,430840,478660,484672,335194,375117,238225,304941,70460,128807,90408,89099,173913,170828,204263,216567,294115,318368,377448,393598,301116,337840,223130,284927,66362,120671,3569365,2545916,491165,349907,800292,622765,144303
2021-07-08T23:59:59+02:00,213460,207602,318561,295475,345912,342643,416211,429507,477340,483704,334805,374717,238072,304720,70426,128744,86342,85517,167231,165649,196821,210659,287583,312923,370887,387700,298530,335021,222392,284049,66257,120437,3555342,2501986,487172,342722,799824,613435,140093
2021-07-07T23:59:59+02:00,209409,203452,315547,292750,343682,340679,414712,428096,476183,482653,334347,374185,237894,304462,70389,128646,82655,82096,160200,160133,188048,203698,280144,306792,364031,381047,295291,331485,221509,282977,66126,120209,3534842,2454993,485879,330456,799469,603802,137428
2021-07-06T23:59:59+02:00,205594,199776,312365,290095,341266,338439,413033,426573,474938,481551,333859,373642,237704,304175,70336,128561,79050,78502,153664,154757,180761,197570,271384,298973,357648,375048,292149,328284,220631,281895,66018,119984,3515355,2403295,482911,323680,799079,594486,135094
2021-07-05T23:59:59+02:00,200884,195283,308419,286828,338804,336165,411392,425057,473821,480500,333390,373136,237534,303933,70303,128478,75978,75643,148644,150734,176098,193503,264574,292779,351638,369561,288932,324877,219758,280796,65910,119815,3492945,2364659,481780,319363,798620,584340,131114
2021-07-04T23:59:59+02:00,196979,191365,305845,284849,337532,335110,410537,424296,473248,480031,333182,372887,237446,303811,70279,128428,73791,73771,145586,148214,173807,191493,262176,290748,348578,367380,285684,321569,219187,280146,65857,119699,3481094,2351083,480507,317089,798074,573068,126682
2021-07-03T23:59:59+02:00,189423,184388,301636,281433,335236,332969,408745,422512,472060,478983,332786,372447,237274,303565,70256,128385,72011,72199,143195,146364,171403,189447,259146,288060,346316,365541,283941,319597,218921,279789,65826,119651,3455068,2335569,479114,316912,797896,568610,120552
2021-07-02T23:59:59+02:00,184669,179892,299272,279270,333525,331301,407510,421341,471297,478307,332532,372138,237159,303385,70228,128338,69327,69519,139360,143132,167039,185469,253158,282698,341177,360896,280728,315933,218289,279028,65779,119568,3437230,2302873,477671,314182,797724,556211,118070
2021-07-01T23:59:59+02:00,179980,175595,295315,276042,331088,329081,405762,419791,470232,477373,332126,371692,236961,303121,70186,128261,64424,64773,133159,137875,159859,179063,243034,273957,330481,351220,275992,310702,216452,276802,65602,119259,3415084,2247169,475622,301983,797394,538700,115037
2021-06-30T23:59:59+02:00,176287,172200,289793,271483,327467,325791,404012,418285,469232,476420,331714,371216,236774,302827,70154,128178,61249,61905,127593,133254,153295,173131,233090,264885,317326,338161,270828,305218,214578,274495,65436,118941,3390441,2192657,473491,289534,797098,520094,111334
2021-06-29T23:59:59+02:00,172017,167987,285341,267288,323970,322537,401943,416239,467720,475026,331131,370591,236527,302478,70100,128072,58440,58894,122746,128910,147378,167657,221331,254276,308840,329866,264462,298116,212624,272055,65235,118597,3363365,2134004,471530,284924,796778,502909,107824
2021-06-28T23:59:59+02:00,168333,164205,280424,263053,320704,319717,399829,414332,466251,473736,330618,369989,236296,302171,70057,127978,56138,56529,118888,125454,143070,163608,212177,245914,303095,324505,259547,292854,210867,269834,65090,118337,3339853,2098599,467579,276408,796130,486473,104660
2021-06-27T23:59:59+02:00,166713,162587,278356,261272,318922,318201,398160,412983,465383,473045,330332,369704,236194,302015,70039,127930,54939,55423,116795,123775,140544,161513,208125,242581,299782,321674,255775,288902,208423,266942,64980,118151,3330030,2083393,465539,272979,795097,470485,101699
2021-06-26T23:59:59+02:00,162358,158208,276280,259405,316536,315987,396985,411845,464691,472347,330067,369418,236090,301858,70014,127900,54395,54837,115491,122650,139148,160301,205913,240604,297290,319299,254255,287261,208091,266534,64954,118081,3311122,2066862,462740,272899,795088,468007,101567
2021-06-25T23:59:59+02:00,156889,152853,272928,256492,314500,314039,395694,410612,463702,471532,329783,369087,235966,301706,69987,127852,53100,53209,113044,119981,135111,155786,197226,232221,291648,313486,252544,285163,207505,265733,64883,117965,3286425,2024764,461334,271238,795042,461483,101348
2021-06-24T23:59:59+02:00,151700,148009,268191,252621,310278,310307,393554,408773,462351,470427,329369,368631,235802,301475,69954,127767,50468,50626,107994,115324,127883,149222,185318,221856,280307,303338,247219,279376,205685,263409,64680,117566,3255745,1963299,459371,259598,794877,447858,99743
2021-06-23T23:59:59+02:00,148373,144765,264561,249533,305097,305566,391083,406467,460969,469125,328846,368018,235575,301167,69908,127665,48532,48536,104232,111460,122266,143621,175509,213269,268438,291461,242653,274624,204361,261722,64520,117208,3228655,1907602,455896,249815,794723,437248,97971
2021-06-22T23:59:59+02:00,145086,141455,260904,246196,299021,300187,388477,403946,459445,467663,328308,367422,235359,300818,69861,127560,46828,46790,100670,108191,117521,139086,162989,202193,257620,281242,238619,270172,202454,259323,64270,116741,3196964,1849659,454010,242158,794542,426398,96716
2021-06-21T23:59:59+02:00,141585,138299,256256,242350,293823,295361,385477,401109,457986,466319,327792,366869,235135,300513,69821,127451,45611,45577,98309,105999,114800,136408,156812,196463,250786,274647,233323,264387,198558,254834,64086,116371,3165568,1818944,451996,236670,794326,406799,94779
2021-06-20T23:59:59+02:00,139965,136718,252190,239021,291314,293187,384113,399817,457213,465595,327576,366601,235027,300383,69801,127392,44522,44685,96132,104262,112595,134481,153847,193990,246545,270637,230428,260977,197611,253627,64005,116252,3148749,1799110,450264,233183,794151,399253,93271
2021-06-19T23:59:59+02:00,137426,134305,249480,236739,289564,291577,382295,398270,456377,464864,327357,366354,234924,300248,69781,127360,43987,44050,94876,103020,111139,133039,152366,192572,243350,267650,229723,260140,197443,253368,63983,116199,3132637,1783343,447475,231615,794145,398983,93184
2021-06-18T23:59:59+02:00,133232,130280,246002,233725,285602,288222,379938,396172,455040,463706,326987,365959,234771,300014,69755,127311,43214,43153,93326,101262,108870,130398,148852,188573,236560,260464,228016,258151,196962,252736,63908,116066,3107085,1754372,443117,231103,794116,392339,92917
2021-06-17T23:59:59+02:00,129338,126820,240132,229379,280516,283891,375224,392227,452775,461899,326412,365254,234536,299661,69690,127200,41013,41352,89340,97841,104083,125703,141092,180972,225284,249182,222853,252269,195320,250592,63649,115645,3072811,1699220,440173,227027,793868,381540,88619
2021-06-16T23:59:59+02:00,125883,123231,235276,225077,275863,279669,370108,387774,450219,459785,325688,364466,234250,299252,69625,127087,39208,39786,85840,94858,99785,121933,132922,173706,213275,237369,216681,245234,193417,248288,63397,115156,3039669,1639964,434696,221477,793363,373588,86040
2021-06-15T23:59:59+02:00,120621,118080,229343,219994,270563,274727,365078,383177,447403,457390,324831,363504,233905,298740,69544,126905,37602,38196,82544,91860,95850,117933,125940,167378,201016,225437,210701,238496,191478,245876,63087,114592,2995362,1583148,432791,215711,792812,365987,83352
2021-06-14T23:59:59+02:00,116347,113688,224164,215125,265239,269790,359832,378455,444299,454820,324049,362656,233594,298353,69482,126785,36657,37315,80312,89806,93181,115452,121877,163684,194485,218991,207621,235019,190357,244422,62874,114206,2953542,1553857,430465,213496,792549,358484,80632
2021-06-13T23:59:59+02:00,114790,112238,221743,213041,262724,267553,357595,376517,443134,453790,323775,362351,233459,298185,69450,126712,35805,36594,78480,88159,91196,113663,119073,161104,190682,215329,204570,231617,189328,243062,62644,113796,2938679,1540049,428044,206308,792238,350348,78605
2021-06-12T23:59:59+02:00,112006,109371,219860,211326,261354,266283,356172,375122,442247,453023,323489,362046,233367,298083,69432,126685,35438,36191,77502,87076,89960,112390,117529,159559,187170,212054,203541,230495,187934,241412,62634,113767,2922602,1527070,427072,206301,792214,343001,78486
2021-06-11T23:59:59+02:00,109344,106754,216992,208731,257727,263131,353064,372411,440541,451551,323053,361598,233235,297877,69404,126630,34771,35087,75527,83745,87756,108884,113464,154456,180539,204669,201460,228140,187335,240649,62573,113669,2898411,1499834,424300,205628,792027,329655,77811
2021-06-10T23:59:59+02:00,104468,102226,210987,204022,250734,257361,347043,367156,436092,447806,322199,360632,232916,297429,69320,126480,33195,33613,71570,79614,82876,103433,106849,146325,168309,191130,195436,221298,185620,238526,62322,113268,2855165,1453124,417297,203913,791180,302818,73730
2021-06-09T23:59:59+02:00,100464,98437,205191,199340,244022,251709,340450,361252,432447,444811,321535,359896,232651,297054,69256,126350,31675,32372,68368,76982,79213,100295,102176,142090,157277,180472,184884,209393,183765,236290,62051,112778,2816529,1399530,409039,199970,790671,291660,69121
2021-06-08T23:59:59+02:00,95797,93772,198633,193821,237096,245743,332252,354024,427382,440178,320707,358904,232282,296573,69175,126214,30610,31527,65795,74708,75963,97592,97629,138215,149750,173052,176243,199751,181969,234062,61819,112412,2764980,1360621,403315,195079,790096,280944,64651
2021-06-07T23:59:59+02:00,92457,90556,192632,189149,230581,240543,324456,347885,424354,437756,320173,358277,232069,296248,69121,126119,29754,30689,63351,72776,73028,95451,93894,135304,141734,165318,172233,195170,180566,232272,61603,112034,2726252,1333706,397224,191824,789526,269984,59857
2021-06-06T23:59:59+02:00,90863,89214,189368,186629,227261,237804,320216,344504,422940,436685,319904,357989,231958,296088,69097,126073,29161,30141,61599,71114,70971,93472,90748,132269,136102,159584,169724,192567,179468,230882,61375,111655,2710988,1321963,389894,182243,789030,259656,57160
2021-06-05T23:59:59+02:00,88849,87109,184526,182425,224799,235657,318405,342869,421940,435757,319613,357665,231809,295921,69083,126041,28716,29414,60430,69209,69596,91376,89091,130056,131388,154301,166742,188927,178987,230229,61341,111590,2687672,1298501,389778,181776,788692,254499,56805
2021-06-04T23:59:59+02:00,86429,84535,180908,178860,220835,231737,314852,339275,419589,433583,319157,357136,231618,295692,69045,125978,28260,28751,59333,67578,68342,89328,87344,127475,128068,150676,162524,184187,178004,228969,61293,111504,2658685,1279894,386000,181012,788570,244466,56451
2021-06-03T23:59:59+02:00,83080,81415,175213,174253,213628,225698,307218,332628,411885,426754,318136,355972,231250,295249,68990,125847,27377,27751,57463,65429,65989,86624,83755,123420,121380,144051,156223,176643,176446,226956,61180,111267,2610130,1250957,375809,175763,788144,231809,53605
2021-06-02T23:59:59+02:00,80983,79211,171208,170597,210043,222612,303692,329336,409868,424935,317731,355527,231098,295046,68962,125798,26928,27281,56359,64347,64450,85388,81739,121516,116451,139202,148380,167719,175733,226006,61095,111097,2581737,1219011,374435,173805,788112,228221,52831
2021-06-01T23:59:59+02:00,76660,75353,163014,164091,200777,214951,294659,321520,401715,417162,316232,353928,230562,294318,68851,125573,25390,25874,52088,61429,59676,82145,76376,117071,109085,132051,137336,154389,173641,223289,60888,110672,2523500,1169248,362886,169733,787351,216500,46089
2021-05-31T23:59:59+02:00,73914,72872,157395,159811,193520,209034,287315,315190,395999,412211,315243,352827,230180,293802,68761,125402,24489,24834,49511,59254,56564,79672,72831,113848,104650,127664,133219,149532,172281,221582,60719,110343,2483245,1147015,353549,167494,786732,206245,40408
2021-05-30T23:59:59+02:00,72862,71812,154949,157808,190936,206703,284577,312699,394127,410483,314886,352423,230021,293568,68724,125322,23901,24070,47956,57560,54864,77856,70653,111339,102026,124834,131080,147026,171494,220656,60627,110135,2467506,1137342,351047,166189,786124,195033,37680
2021-05-29T23:59:59+02:00,72261,71226,153448,156416,188654,204685,282747,311122,393291,409707,314665,352180,229942,293490,68713,125304,23580,23551,47049,56073,53534,75986,68746,108511,99730,122056,128296,143624,170845,219752,60600,110083,2453695,1123853,350902,166128,786049,184541,37660
2021-05-28T23:59:59+02:00,71181,70115,151080,154173,185033,201179,279504,308004,391452,407951,314255,351682,229795,293278,68694,125247,23059,22554,45454,53960,51724,73446,66724,104593,95442,116196,123960,138611,169876,218448,60554,109969,2430097,1101447,349862,165915,785828,170083,37288
2021-05-27T23:59:59+02:00,67873,67109,144626,149260,176885,194949,273148,302868,385163,402286,312997,350242,229337,292748,68624,125065,21749,20878,42230,50930,47866,69664,62209,98627,89132,108735,120075,134031,167095,214770,60382,109657,2385713,1073207,342290,163195,784043,150207,31580
2021-05-26T23:59:59+02:00,65732,64939,139693,145192,170816,189908,266418,297221,378439,395610,311481,348641,228852,292055,68523,124855,21017,19973,40422,48805,45530,66946,59203,94853,84580,103664,115131,128339,163323,209455,60175,109233,2348568,1041487,329140,161640,782245,138816,28863
2021-05-25T23:59:59+02:00,63710,62962,135519,141729,165783,185636,259374,290963,373034,390243,310208,347247,228448,291413,68442,124677,20451,19316,39030,47304,43713,64938,56751,91886,80545,99322,110245,122694,157824,202261,60009,108933,2311196,1010246,321663,158240,779733,129659,27234
2021-05-24T23:59:59+02:00,62474,61762,132783,139649,162525,183236,252463,284997,368117,385578,309385,346331,228162,291033,68371,124550,20111,18919,38019,46246,42380,63471,55100,89896,78336,96839,108847,121060,157226,201485,59901,108738,2287545,1001041,310641,156960,777965,123031,25699
2021-05-23T23:59:59+02:00,61975,61249,131693,138770,161333,182207,251226,283979,366533,384152,308774,345675,227990,290810,68351,124514,19886,18738,37478,45700,41641,62788,53955,88917,76871,95496,107689,119678,156253,200274,59835,108601,2276101,993009,310071,153916,777916,121456,25576
2021-05-22T23:59:59+02:00,61281,60629,130223,137707,158979,180595,248274,281699,364064,381947,308251,345082,227813,290544,68326,124463,19570,18317,36871,45103,41006,62264,53310,88200,76112,94362,106145,117888,155488,199307,59808,108547,2258259,986366,310053,153914,777874,118053,24121
2021-05-21T23:59:59+02:00,59954,59197,127338,135132,155726,177286,243070,276956,357992,376277,307321,343996,227517,290148,68266,124356,19211,17954,36263,44341,40361,61225,52366,86817,74410,92093,102927,113960,154358,197864,59716,108372,2222379,973456,308425,153593,776314,111505,23840
2021-05-20T23:59:59+02:00,56906,56411,121628,130286,148829,171000,232803,268242,349000,368024,304793,341260,226752,289146,68134,124137,17920,17025,34107,42108,37926,58345,49566,83072,70508,87629,98845,109381,151917,194869,59539,108018,2164618,954342,301808,151669,770384,93957,20959
2021-05-19T23:59:59+02:00,54709,54223,116635,125629,141691,164419,222306,258915,338505,357175,302162,338401,226009,288110,67985,123861,17344,16247,32892,40534,36526,56295,47568,80314,67287,84073,94989,104941,148306,190169,59279,107526,2098983,931087,295578,149711,767448,84505,19135
2021-05-18T23:59:59+02:00,52628,52268,111863,121391,135362,158868,210772,248575,328673,347418,299500,335440,225137,286914,67833,123607,16829,15652,31700,39088,35190,54515,45779,77936,64418,80865,91009,100436,145132,186129,59068,107091,2039324,911008,286271,146871,763892,75940,17164
2021-05-17T23:59:59+02:00,51598,51279,109547,119352,132585,156227,204284,242599,321136,340363,297726,333480,224553,286095,67726,123399,16398,15215,30673,38054,34040,53241,44313,76158,62187,78486,86201,94607,143677,184251,58918,106776,2012661,899448,274065,139437,760513,69343,15110
2021-05-16T23:59:59+02:00,50818,50623,108120,118039,130850,154573,201332,239929,313721,333434,296711,332354,224246,285613,67674,123302,16119,14847,29929,37283,33175,52327,43261,74858,60868,77028,82804,90562,142894,183181,58832,106637,1997400,893442,263672,132711,757302,65230,13363
2021-05-15T23:59:59+02:00,50285,49992,107124,117058,129842,153468,199412,238009,310176,330243,296093,331667,224050,285343,67654,123238,15981,14686,29676,36980,32886,51898,42778,74214,60032,76050,82211,89750,142381,182517,58796,106590,1981294,888227,263656,132566,756438,64113,12661
2021-05-14T23:59:59+02:00,49041,48581,104889,114977,126269,150035,191254,230983,303902,324392,295121,330535,223763,284897,67607,123144,15483,14264,28898,36170,32125,50719,41708,72444,58478,74111,80320,87277,141776,181534,58756,106503,1944267,878678,261969,131691,751916,58708,11628
2021-05-13T23:59:59+02:00,47134,46644,101082,111774,121588,145945,181276,222439,293330,314621,292160,327120,222952,283760,67507,122938,14626,13822,28050,35478,31366,49829,40776,71370,56986,72557,76570,82956,139033,177948,58646,106289,1892877,866235,253419,124695,745735,54887,10621
2021-05-12T23:59:59+02:00,46227,45943,99174,110354,119544,144298,178741,220337,288600,309309,290997,325853,222710,283438,67469,122853,14462,13671,27735,35262,30971,49545,40339,70999,56457,71994,75248,81350,138261,176829,58560,106129,1869887,860580,251264,122924,745251,54619,9824
2021-05-11T23:59:59+02:00,43995,44473,95180,107295,113770,139587,165435,209106,277006,298592,287614,321960,221757,282037,67319,122555,14039,13106,26731,33842,29853,47765,39050,68736,54756,69736,72189,77788,136920,175012,58403,105773,1811264,848441,241615,120260,736810,46766,8367
2021-05-10T23:59:59+02:00,42753,43510,92603,105306,110538,136973,157079,202116,269174,291511,285448,319520,221183,281179,67194,122316,13699,12664,25978,32861,29069,46518,38067,66887,53545,68008,70119,75256,135781,173510,58284,105487,1775854,839638,235601,119221,729911,39602,7407
2021-05-09T23:59:59+02:00,41640,42743,89946,103574,107896,135218,152089,198718,263693,286617,284216,318139,220807,280650,67129,122170,13390,12449,25292,32199,28344,45717,37283,65930,52609,67060,68898,73858,135189,172683,58230,105356,1756670,835096,228540,118236,723979,34865,6422
2021-05-08T23:59:59+02:00,41349,42448,89105,102849,106823,134383,150667,197519,261169,284580,283717,317599,220687,280471,67113,122138,13289,12388,25164,32110,28199,45590,37096,65739,52276,66748,67951,72946,134132,171328,58183,105263,1744775,830535,228035,117497,723760,34090,6412
2021-05-07T23:59:59+02:00,40424,41734,87190,101519,104022,132185,146073,193736,254953,279091,282390,316005,220341,280012,67061,122015,12545,11905,24347,31386,27443,44539,36236,64486,51103,65245,65716,70275,131928,168533,58094,105085,1719149,820959,224846,115263,719656,27314,5462
2021-05-06T23:59:59+02:00,37791,40018,82477,98073,98069,127458,135947,185261,238585,264730,277285,310239,219054,278331,66887,121698,11861,11390,23416,30285,26453,43195,34887,62492,49377,63288,63243,67176,129845,165801,57981,104867,1653796,809985,214989,112183,708915,18967,4553
2021-05-05T23:59:59+02:00,35913,38828,78846,95497,93496,123824,128153,178753,223885,250736,271115,303115,217486,276343,66641,121174,11631,11117,22885,29564,25859,42276,33966,61099,48234,61885,60656,64088,126939,162139,57883,104619,1587768,797843,209945,108643,702956,15004,3481
2021-05-04T23:59:59+02:00,34822,37726,76134,93200,90007,120793,122609,174037,213305,240496,265641,296678,216049,274503,66433,120705,11471,10917,22487,29029,25406,41519,33265,60030,47144,60627,57958,60937,124592,159223,57733,104386,1538862,786112,204848,106029,696937,11881,2832
2021-05-03T23:59:59+02:00,33958,36677,73862,91398,87144,118454,118184,170412,206679,234509,262376,292826,215251,273424,66312,120411,11229,10648,22099,28458,24933,40823,32589,59067,46126,59493,55194,57610,120845,154352,57477,103951,1507228,770377,201746,104331,692054,9129,1185
2021-05-02T23:59:59+02:00,33614,36360,72698,90503,85691,117364,115773,168556,203598,232009,261419,291739,214963,273015,66247,120303,11163,10580,21913,28251,24709,40539,32254,58664,45675,59023,54010,56165,117805,150696,57394,103821,1496669,765419,198961,98814,688231,8235,322
2021-05-01T23:59:59+02:00,33300,35989,71941,89714,84625,116328,114315,167201,200529,228983,260732,290920,214756,272734,66236,120265,11149,10565,21860,28221,24651,40503,32194,58607,45592,58948,53769,55874,117647,150501,57385,103804,1481653,764115,198959,98775,687968,8190,318
2021-04-30T23:59:59+02:00,32756,35387,70738,88504,83171,114611,110560,163655,193170,221892,258744,288558,214307,272128,66176,120159,10831,10372,21501,27947,24378,40082,31871,58046,45134,58321,52876,54714,116700,149319,57331,103687,1448908,760460,198633,96798,687179,5857,123
2021-04-29T23:59:59+02:00,31262,34448,67856,86502,79561,112025,105476,159571,180410,210390,250840,279477,213114,270502,66042,119813,10530,10163,21029,27502,23955,39585,31297,57308,44338,57394,51058,52534,114860,147099,57231,103494,1394281,751707,191359,94136,681869,3559,103
2021-04-28T23:59:59+02:00,30032,33839,66000,85200,77088,110218,102068,156734,170759,201242,240013,266910,211837,268818,65845,119487,10348,10009,20733,27153,23599,39120,30882,56657,43614,56576,48953,49935,112295,143884,57109,103283,1341777,742253,188024,89615,676535,2334,75
2021-04-27T23:59:59+02:00,29281,33161,64437,83744,75115,108425,99330,154355,166069,196543,231544,257132,210696,267208,65726,119265,10226,9900,20453,26865,23366,38797,30531,56164,42936,55892,46957,47402,109661,140471,56992,103084,1307913,732503,185735,85628,668625,1619,74
2021-04-26T23:59:59+02:00,28854,32783,63352,82871,73630,107275,97068,152660,157489,188558,227364,252303,209991,266221,65636,119068,10135,9813,20243,26684,23132,38581,30239,55831,42330,55320,45161,45269,107780,138002,56897,102931,1279105,724611,184300,82554,661959,1238,71
2021-04-25T23:59:59+02:00,28607,32545,62580,82353,72577,106547,95355,151446,152190,183726,223068,247462,209404,265447,65571,118947,10080,9780,20166,26610,23048,38501,30130,55707,42171,55162,44749,44774,107104,137096,56869,102861,1266445,722962,178168,80794,653452,1109,69
2021-04-24T23:59:59+02:00,28265,32119,61648,81141,71398,105109,93817,149797,147310,178600,220293,244143,208935,264778,65537,118897,10066,9763,20125,26571,23000,38437,30050,55623,42022,55027,44510,44467,106856,136803,56848,102833,1241691,721891,178143,80100,652192,1067,68
2021-04-23T23:59:59+02:00,27522,31503,60095,79641,69620,103100,91241,147178,142567,174235,215755,238619,208282,263788,65475,118782,10016,9704,20016,26486,22869,38289,29818,55419,41661,54699,43894,43712,105800,135529,56692,102559,1216951,718569,176971,77637,643716,1015,67
2021-04-22T23:59:59+02:00,26910,30903,58573,78213,67163,100901,87137,143706,134557,166775,206751,227656,206243,261159,65277,118387,9890,9608,19770,26196,22520,37858,29304,54905,40902,54063,42731,42391,103817,133094,56464,102162,1175580,711156,169550,73688,635412,889,67
2021-04-21T23:59:59+02:00,26426,30385,57256,77117,65294,99286,84119,141076,127401,159988,193715,212363,204098,258273,65052,117964,9762,9523,19539,25953,22236,37540,28955,54461,40357,53535,41893,41377,101644,130332,56214,101754,1124283,704681,166679,69633,629079,819,67
2021-04-20T23:59:59+02:00,26003,29920,56107,75979,63636,97718,81590,138514,122342,154949,182272,198954,201677,255152,64820,117543,9662,9434,19323,25767,21945,37272,28554,54055,39822,53005,41086,40452,99439,127362,55880,101218,1081854,697204,163204,66390,622345,741,66
2021-04-19T23:59:59+02:00,25642,29567,55149,75162,62365,96552,79480,136599,118836,151591,176553,192140,199972,252932,64640,117214,9555,9344,19097,25553,21706,37006,28246,53671,39323,52483,40295,39549,96358,123408,55476,100511,1057436,686929,161386,64006,615799,706,65
2021-04-18T23:59:59+02:00,25339,29307,54383,74619,61245,95612,77639,135188,115483,149206,171464,186609,198962,251707,64532,117024,9483,9270,18911,25382,21530,36842,28033,53398,39066,52236,39971,39167,95146,121870,55295,100216,1043539,683100,159720,62083,605283,693,65
2021-04-17T23:59:59+02:00,25229,29215,54012,74425,60732,95261,76989,134592,114639,148469,167229,181740,198428,250983,64497,116959,9438,9212,18773,25197,21344,36612,27809,53124,38803,51971,39677,38848,94391,120946,55231,100134,1032691,679123,159693,61769,601237,678,65
2021-04-16T23:59:59+02:00,24859,28968,53031,73823,59457,94386,75380,133268,110522,144348,159629,173009,196782,248781,64388,116751,9233,9039,18387,24778,20772,36045,26726,52235,36810,50384,36423,35975,91244,117471,54829,99480,1006922,664292,158912,54956,591769,642,65
2021-04-15T23:59:59+02:00,24382,28515,51791,72661,57511,92664,72125,130433,105063,139089,151793,164067,192138,242918,64093,116134,9060,8879,18020,24358,20283,35391,26052,51447,35429,49160,34333,33969,88162,113763,54323,98625,974808,651323,156861,49402,573926,589,64
2021-04-14T23:59:59+02:00,24038,28188,50860,71728,56176,91278,69751,128280,101092,135336,142626,153716,184411,233049,63754,115469,8657,8613,17547,23857,19753,34753,25146,50575,34153,48045,32305,31834,85199,110139,53834,97768,937031,636555,154196,45195,558740,489,63
2021-04-13T23:59:59+02:00,23802,27974,50168,71190,55242,90463,68125,126881,97375,131915,130835,140626,178033,224728,63414,114882,8424,8443,17208,23455,19335,34225,24487,49782,33093,47041,30930,30483,83084,107790,53479,97228,903898,627364,149691,40817,542277,367,63
2021-04-12T23:59:59+02:00,23594,27790,49623,70686,54384,89737,66678,125602,94759,129596,123748,132619,174813,220784,63145,114392,8188,8258,16855,23162,18970,33792,24019,49250,32427,46421,29416,28950,81431,105859,53154,96708,887558,618996,148166,37575,526436,348,63
2021-04-11T23:59:59+02:00,23424,27632,49103,70267,53658,89286,65549,124803,92913,128125,118279,126632,170899,216193,62977,114097,8058,8124,16559,22884,18655,33487,23663,48871,31983,46040,28783,28287,80415,104619,52946,96391,880132,613735,143769,35752,510145,336,62
2021-04-10T23:59:59+02:00,23363,27578,48938,70135,53460,89131,65227,124536,92391,127690,116202,124109,169467,214344,62936,113996,7474,7522,15672,22105,17697,32650,22541,47841,30873,45049,28107,27565,78327,102013,52679,95956,873162,598462,142920,35374,507631,292,60
2021-04-09T23:59:59+02:00,23118,27331,48441,69648,52826,88454,64238,123416,90574,125791,107411,113197,166101,209949,62736,113640,6516,6626,14152,20786,15981,31100,20412,45882,28679,43049,26338,25752,74839,97851,52139,95118,853831,571129,135892,33869,497360,279,55
2021-04-08T23:59:59+02:00,22825,27089,47864,69162,52081,87759,62943,122341,88164,123630,97138,101248,160583,203119,62410,113076,5877,6043,12970,19776,14725,29768,18778,44181,26188,40720,23330,22795,70213,92112,51007,93372,835254,539745,127029,31928,479367,241,49
2021-04-07T23:59:59+02:00,22514,26863,47065,68711,51165,87161,61562,121367,85048,121202,87991,91008,153603,194357,62118,112514,5498,5724,12316,19104,13915,28946,17738,43140,24286,38830,20799,20281,66275,87363,50018,91762,814958,516385,121457,29461,458053,207,45
2021-04-06T23:59:59+02:00,22306,26705,46542,68332,50580,86642,60535,120592,82952,119465,80246,82229,147263,186414,61775,111887,5309,5567,11971,18753,13567,28520,17205,42585,23429,38026,19679,19255,63134,83289,49101,90389,795750,503109,118256,26536,440678,195,42
2021-04-05T23:59:59+02:00,22210,26581,46232,67992,50201,86244,59992,119903,81777,118314,75784,77157,142277,180328,61573,111571,5171,5428,11710,18502,13274,28208,16888,42214,22985,37566,19216,18786,60278,79749,48406,89326,786361,493834,116511,23746,425482,190,39
2021-04-04T23:59:59+02:00,22162,26524,46113,67727,50033,85932,59717,119403,81271,117686,74350,75453,141578,179354,61536,111489,5168,5422,11695,18490,13263,28192,16870,42198,22890,37494,18810,18463,58845,77907,48202,89015,783843,489065,116411,23744,420296,182,35
2021-04-03T23:59:59+02:00,22100,26444,45990,67620,49872,85757,59401,119093,80704,117112,73010,73823,140467,177819,61453,111341,5160,5415,11682,18472,13240,28172,16836,42152,22785,37423,18675,18314,58495,77350,48113,88871,777504,487297,116369,23744,418355,182,34
2021-04-02T23:59:59+02:00,22024,26362,45831,67458,49656,85510,58935,118643,79830,116302,71458,71946,138195,174845,61256,110983,5142,5378,11637,18432,13187,28091,16749,42005,22513,36947,18318,17953,56162,74476,47303,87779,768425,478855,114600,23103,416431,182,33
2021-04-01T23:59:59+02:00,21823,26156,45417,66939,49019,84775,58063,117707,77952,114639,68207,68529,134128,169685,60938,110418,4999,5239,11370,18172,12964,27858,16428,41697,22015,36509,17508,17213,51355,68469,45633,85328,756822,460926,108529,21736,409268,167,28
2021-03-31T23:59:59+02:00,21497,25937,45017,66421,48531,84129,57340,116771,76800,113402,66172,66218,129390,163581,60535,109696,4920,5189,11275,18054,12807,27708,16192,41431,21428,36003,16385,16317,46166,62085,44264,83359,747097,442699,101398,20795,403169,164,25
2021-03-30T23:59:59+02:00,21324,25717,44621,65805,48031,83335,56639,115722,75669,112037,64340,64203,125020,157841,60068,108797,4853,5105,11172,17929,12616,27519,15866,41107,20854,35453,15556,15515,43418,58684,43153,81572,736959,430876,97189,19438,395250,134,21
2021-03-29T23:59:59+02:00,21126,25478,44164,65256,47557,82646,55907,114651,74457,110610,61865,61470,118304,149222,59298,107404,4758,5037,11067,17821,12465,27354,15620,40790,20399,34988,14907,14977,40838,55707,42050,79760,716506,419728,93776,18765,389361,120,21
2021-03-28T23:59:59+02:00,20923,25191,43668,64574,47045,81910,55231,113651,73520,109511,60611,60042,113614,143263,58854,106648,4704,4979,10922,17679,12214,27056,15429,40544,20232,34758,14671,14735,39761,54298,41702,79224,710005,415446,86489,17442,381990,95,21
2021-03-27T23:59:59+01:00,20806,25036,43376,64212,46687,81384,54733,112962,72855,108778,59470,58967,112138,141560,58787,106569,4691,4967,10895,17660,12196,27027,15069,40121,19836,34322,14379,14523,39277,53615,41229,78408,704776,411411,85792,16790,377979,89,21
2021-03-26T23:59:59+01:00,20555,24525,42579,62517,45726,79371,53404,109950,70852,105183,57466,57094,109394,138336,58461,106056,4671,4934,10872,17609,12127,26937,14991,40012,19501,33737,13914,13876,36222,49790,39176,75173,693443,396969,82494,16573,365756,75,21
2021-03-25T23:59:59+01:00,20124,23853,41708,60761,44640,76825,51895,106441,68468,101430,54882,54466,106091,134376,57890,105068,4625,4880,10781,17507,12009,26797,14807,39795,19229,33433,13440,13386,32391,44768,36191,70660,682052,378725,78305,15978,348785,71,19
2021-03-24T23:59:59+01:00,19728,23414,40940,59505,43634,75304,50531,104532,66390,99111,52114,51561,101851,129294,57253,103993,4571,4814,10689,17371,11845,26598,14579,39512,18864,33015,12986,12933,29832,41562,33083,65832,669301,363220,73444,14878,336636,67,15
2021-03-23T23:59:59+01:00,19482,23116,40385,58600,42918,74220,49503,103026,64748,97261,49829,49225,99102,126090,56695,103160,4512,4745,10590,17247,11699,26419,14339,39205,18453,32630,12485,12428,27408,38474,29429,59948,661233,345737,70104,14290,326248,62,14
2021-03-22T23:59:59+01:00,19264,22709,39754,57726,42256,73187,48564,101645,63279,95639,48010,47356,96711,123350,56222,102385,4452,4698,10505,17133,11570,26244,14183,38965,18215,32329,12177,12059,25581,36133,25496,53599,654967,329619,67301,13738,316013,60,14
2021-03-21T23:59:59+01:00,19129,22452,39268,56974,41712,72345,47921,100495,62341,94415,46968,46336,95071,121506,55853,101807,4439,4691,10469,17086,11526,26159,14123,38875,18135,32230,12058,11928,25153,35684,25143,53042,652405,327439,65277,13325,307132,55,13
2021-03-20T23:59:59+01:00,19068,22306,39058,56484,41475,71787,47611,99863,61904,93814,46319,45571,92479,118281,55568,101322,4430,4684,10460,17074,11499,26143,14081,38839,18053,32156,11899,11767,24514,34910,24382,51958,645964,323736,64832,13136,302333,55,13
2021-03-19T23:59:59+01:00,18716,21743,37929,54371,40200,69800,45888,97783,59033,91059,41894,41713,87278,112532,54870,100242,4410,4671,10428,17028,11436,26033,13993,38672,17818,31861,11548,11491,22850,32856,22706,49401,628264,314457,57645,12774,289357,48,13
2021-03-18T23:59:59+01:00,18324,21098,36759,52222,38664,67015,43741,93328,55194,85272,37877,37931,82556,107060,53785,98584,4390,4644,10360,16926,11357,25881,13844,38477,17598,31658,11316,11309,21606,31347,20998,46807,611379,306390,51911,12164,266329,40,13
2021-03-17T23:59:59+01:00,17906,20749,36037,51308,37906,66066,42664,91979,53412,83449,35218,35157,78540,102241,52841,97112,4367,4620,10298,16833,11285,25748,13731,38291,17401,31468,11080,11088,20370,29941,19409,44409,594773,298917,47522,11459,260495,37,13
2021-03-16T23:59:59+01:00,17550,20333,35293,50243,37093,64877,41569,90318,51578,81465,33020,33145,74539,97326,51962,95803,4317,4571,10226,16707,11195,25598,13634,38055,17265,31226,10911,10913,19097,28431,17932,42093,581591,291186,42841,11024,251885,36,11
2021-03-15T23:59:59+01:00,17273,19971,34589,49268,36306,63690,40669,88839,50322,79867,31304,31312,71263,93242,51266,94670,4296,4537,10160,16584,11129,25398,13520,37768,17116,30955,10744,10754,18374,27471,16680,40237,570497,285401,39524,10376,244040,32,0
2021-03-14T23:59:59+01:00,17005,19544,33739,48064,35407,62375,39620,87014,49076,78148,30142,30082,69273,90685,50823,93995,4271,4519,10115,16507,11072,25256,13460,37546,17026,30791,10673,10671,18192,27190,16418,39678,563406,284207,37652,9242,234140,22,0
2021-03-13T23:59:59+01:00,16200,18505,32268,46068,33844,60279,37595,83981,46960,75631,28801,28738,67260,88069,50553,93604,4271,4519,10113,16502,11069,25249,13452,37539,17020,30782,10636,10638,17451,26305,15375,38229,547077,279971,37367,9241,224106,22,0
2021-03-12T23:59:59+01:00,15098,17131,29831,43423,31183,57145,34737,79129,43756,71179,25971,25555,62963,82771,49574,92204,4260,4485,10096,16440,11051,25198,13406,37424,16930,30653,10361,10412,16572,25064,14307,36711,519103,274202,36058,9230,206676,19,0
2021-03-11T23:59:59+01:00,14062,15673,27594,40736,28866,53963,32151,74748,40013,66297,22576,22088,56971,75466,47646,89366,4219,4450,10016,16323,10941,24973,13290,37114,16766,30351,10061,10201,15943,24230,13640,35439,487134,270228,34470,7795,186786,15,0
2021-03-10T23:59:59+01:00,13468,14975,26191,39124,27222,52146,30596,72439,37501,63180,19837,19543,51062,68335,46098,87029,4186,4406,9918,16156,10823,24723,13144,36695,16567,29982,9830,10019,15201,23456,12981,34415,460766,265514,32431,7056,175720,12,0
2021-03-09T23:59:59+01:00,13184,14509,25076,38087,25813,50968,29541,70788,36123,61349,18662,18423,47557,63902,44973,85241,4162,4381,9834,15989,10720,24464,12992,36380,16394,29747,9707,9917,14541,22621,12487,33643,447194,261822,29910,6224,167250,12,0
2021-03-08T23:59:59+01:00,12855,13909,23995,36986,24547,49830,28605,69307,34894,59734,17586,17545,43448,58919,43745,83259,4147,4346,9773,15791,10618,24208,12860,36024,16268,29482,9628,9840,14047,22017,12173,33204,431761,258667,27904,5833,159654,4,0
2021-03-07T23:59:59+01:00,12622,13617,23403,36137,23851,48956,28007,68437,34289,58983,17326,17297,42383,57476,43380,82696,4135,4333,9753,15750,10591,24135,12829,35855,16211,29369,9607,9811,13850,21764,12037,33002,427023,257614,26093,5495,155896,0,0
2021-03-06T23:59:59+01:00,12509,13326,23002,35404,23323,48169,26964,66914,33193,57223,16940,16968,41739,56588,43079,82229,4132,4319,9742,15725,10573,24102,12819,35813,16193,29338,9590,9770,13804,21726,11935,32794,422969,257238,26029,5214,148722,0,0
2021-03-05T23:59:59+01:00,12099,12725,22324,34206,22643,46943,26211,65290,31962,54807,16298,16138,38280,52286,40923,78787,4104,4273,9672,15626,10524,23955,12751,35619,16108,29134,9495,9701,13620,21514,11572,32190,407795,255556,24580,4378,139690,0,0
2021-03-04T23:59:59+01:00,11339,11720,21138,32486,21428,44903,24858,62639,30272,52453,15569,15422,34280,47124,37851,74104,4058,4185,9562,15342,10422,23600,12619,35097,15964,28739,9324,9550,13464,21304,11488,32045,389384,252551,22508,4286,125835,0,0
2021-03-03T23:59:59+01:00,11034,11234,20452,31274,20659,43553,23958,60897,29235,50818,15094,14921,31673,43804,34767,69337,4018,4123,9483,15174,10343,23353,12515,34678,15788,28393,9143,9424,13340,21090,11342,31776,373963,249934,21717,4123,117167,0,0
2021-03-02T23:59:59+01:00,10771,10812,19809,30309,19946,42540,23178,59516,28268,49546,14467,14277,29000,40434,30884,63123,3970,4052,9422,15011,10275,23092,12414,34252,15687,28087,9019,9322,13203,20902,11266,31631,355806,247555,20210,4122,110994,0,0
2021-03-01T23:59:59+01:00,10599,10553,19299,29507,19386,41663,22590,58446,27557,48424,14052,13823,26933,37849,26636,56248,3955,4004,9368,14857,10213,22795,12335,33875,15582,27764,8937,9262,13022,20638,11156,31453,338626,245165,19101,4122,105966,0,0
2021-02-28T23:59:59+01:00,10432,10354,18832,28864,18857,40929,22113,57596,27072,47635,13845,13583,26328,37189,26232,55646,3939,3990,9343,14825,10195,22744,12318,33805,15556,27718,8911,9238,12892,20463,11094,31303,336191,244318,18243,4087,101199,0,0
2021-02-27T23:59:59+01:00,10253,9839,18503,27997,18599,40145,21828,56616,26744,46842,13569,13281,25661,36386,25311,54228,3928,3980,9322,14805,10164,22696,12279,33723,15514,27645,8890,9222,12883,20447,11090,31297,332286,243972,17522,3984,96118,0,0
2021-02-26T23:59:59+01:00,9457,9053,17603,26559,17818,37939,20901,53771,25286,44022,13104,12882,24075,34399,23790,51923,3847,3913,9244,14645,10090,22441,12198,33358,15398,27353,8810,9140,12816,20379,11049,31227,323186,242068,17269,3910,82246,0,0
2021-02-25T23:59:59+01:00,8299,8203,16284,24960,16552,35678,19665,50888,23581,41245,12631,12485,22796,32809,22296,49641,3725,3770,9082,14334,9871,21840,11946,32511,15075,26702,8616,8988,12557,20057,10908,30959,315575,237948,16500,3063,66054,0,0
2021-02-24T23:59:59+01:00,7934,7681,15630,23925,15923,34441,18950,49378,22791,40046,12236,12150,21493,31313,20617,47017,3652,3704,8942,14043,9697,21388,11749,31889,14814,26168,8477,8851,12416,19884,10843,30748,307345,235187,15536,2146,58758,0,0
2021-02-23T23:59:59+01:00,7450,7206,14820,22755,15239,33223,18231,47971,22073,38979,11932,11828,20157,29743,19006,44464,3612,3631,8822,13841,9562,20993,11562,31313,14515,25671,8308,8709,12290,19674,10773,30517,299254,232374,14736,1486,51199,0,0
2021-02-22T23:59:59+01:00,7343,6999,14437,22138,14890,32497,17769,46965,21579,38245,11736,11580,19411,28738,17695,42514,3582,3530,8686,13549,9398,20493,11308,30578,14143,25076,8062,8519,12092,19423,10669,30213,293409,229083,14125,304,47113,0,0
2021-02-21T23:59:59+01:00,7253,6874,14117,21699,14471,31914,17355,46311,21144,37751,11630,11479,19248,28525,17448,42181,3544,3491,8604,13426,9323,20276,11237,30288,14022,24808,8000,8457,12036,19316,10598,30052,292267,227253,13753,290,43488,0,0
2021-02-20T23:59:59+01:00,7136,6824,13992,21619,14355,31780,17236,46161,20986,37570,11531,11397,18470,27609,16394,40712,3542,3485,8594,13418,9313,20255,11223,30263,14009,24798,7995,8449,11972,19253,10545,29985,288023,226875,13556,289,42298,0,0
2021-02-19T23:59:59+01:00,6835,6571,13639,21181,13985,31112,16763,45367,20282,36702,10930,10998,17427,26278,15237,39104,3462,3462,8519,13391,9272,20198,11185,30172,13950,24704,7952,8390,11750,18980,10352,29654,281652,225170,13181,288,37679,0,0
2021-02-18T23:59:59+01:00,6440,6098,13012,20043,13345,29737,15948,43496,19412,35125,10703,10780,16837,25527,14661,38221,3277,3326,8186,12853,8980,19452,10836,29137,13586,23881,7746,8082,11165,18029,9855,28504,278090,216672,12599,288,28795,0,0
2021-02-17T23:59:59+01:00,6276,5754,12568,19163,12857,28545,15249,41773,18765,33801,10480,10529,16081,24713,13884,37031,3027,3166,7847,12341,8678,18666,10466,28094,13195,23031,7514,7846,10609,17181,9417,27688,273422,208543,11868,286,22275,0,0
2021-02-16T23:59:59+01:00,5951,5453,12031,18329,12356,27468,14704,40394,18174,32769,10328,10425,15413,23884,13377,36244,2845,3047,7546,11894,8372,17943,10071,27011,12731,22136,7244,7554,9892,16011,8691,26139,269887,199057,11372,132,16134,0,0
2021-02-15T23:59:59+01:00,5846,5276,11738,17688,12090,26685,14356,39402,17827,31999,10203,10316,14855,23231,13016,35705,2756,2967,7357,11574,8155,17439,9772,26170,12382,21455,6963,7272,9192,14956,8176,24861,266790,191422,10769,87,12767,0,0
2021-02-14T23:59:59+01:00,5579,5162,11490,17416,11869,26249,14123,38957,17636,31722,10158,10265,14621,22892,12851,35311,2706,2929,7243,11410,8028,17234,9597,25839,12205,21154,6868,7149,8972,14572,7988,24327,265789,188196,9834,86,10770,0,0
2021-02-13T23:59:59+01:00,5519,5124,11440,17380,11839,26218,14096,38925,17616,31703,10145,10238,14594,22861,12840,35294,2702,2926,7238,11403,8016,17214,9582,25806,12178,21110,6838,7116,8818,14361,7637,23701,265548,186699,9833,8,10543,0,0
2021-02-12T23:59:59+01:00,5003,4805,10869,17018,11521,25669,13777,38281,17289,31062,10035,10132,14412,22647,12760,35185,2652,2893,7146,11248,7915,16984,9432,25414,11963,20667,6658,6886,8457,13801,7045,22362,263859,181577,9822,7,6874,0,0
2021-02-11T23:59:59+01:00,4541,4506,10283,16339,11109,24863,13298,37020,16799,30203,9723,9875,14131,22200,12480,34502,2484,2621,6548,10062,7228,15255,8577,22806,10916,18593,6012,6174,7414,12186,6230,20044,260642,163203,8183,4,3135,0,0
2021-02-10T23:59:59+01:00,4294,4340,9947,15886,10801,24324,12987,36138,16383,29452,9511,9737,13950,21994,12388,34296,2125,2333,5615,8616,6435,13217,7590,19911,9797,16572,5469,5589,6434,10531,5458,18000,257993,143739,7687,2,835,0,0
2021-02-09T23:59:59+01:00,4231,4242,9824,15618,10692,23925,12817,35518,16170,28980,9333,9602,13757,21785,12247,34074,1730,1982,4840,7358,5666,11427,6674,17411,8713,14582,4892,4962,5390,8983,4730,15901,255560,125285,6910,1,431,0,0
2021-02-08T23:59:59+01:00,4199,4189,9732,15408,10583,23566,12699,35055,16030,28621,9240,9536,13556,21505,12142,33885,1566,1787,4285,6373,5009,9858,5859,14892,7697,12736,4335,4433,4412,7403,3968,13831,253209,108485,6395,1,425,0,0
2021-02-07T23:59:59+01:00,4032,4122,9576,15273,10480,23399,12620,34792,15918,28427,9200,9491,13412,21324,12070,33742,1353,1541,3866,5702,4599,8981,5435,13738,7215,11788,4079,4174,4183,7012,3810,13237,252108,100751,5851,1,0,0,0
2021-02-06T23:59:59+01:00,4023,4113,9566,15257,10467,23363,12598,34742,15901,28370,9180,9477,13394,21289,11965,33546,1201,1345,3635,5396,4413,8556,5215,13151,6935,11231,3942,4037,4059,6863,3532,12780,251764,96326,5568,1,0,0,0
2021-02-05T23:59:59+01:00,3950,4046,9494,15116,10400,23113,12513,34371,15786,28089,9097,9403,13321,21214,11616,32949,1060,1116,3355,4952,4155,7977,4898,12375,6550,10504,3681,3792,3899,6636,3030,11895,249881,89908,4676,0,0,0,0
2021-02-04T23:59:59+01:00,3893,3923,9374,14800,10223,22568,12324,33577,15569,27527,8974,9292,13097,20922,11503,32748,796,782,2534,3706,3219,6241,3949,9835,5229,8294,3002,3083,3276,5657,2638,10404,245941,72669,4452,0,0,0,0
2021-02-03T23:59:59+01:00,3825,3852,9268,14577,10119,22230,12192,33067,15418,27102,8865,9177,12955,20744,11427,32582,661,614,1914,2797,2487,4824,2985,7558,3999,6253,2195,2223,2394,4196,1911,7799,243195,54829,4284,0,0,0,0
2021-02-02T23:59:59+01:00,3759,3760,9169,14385,10023,21850,12048,32503,15217,26648,8742,9063,12833,20534,11343,32314,525,487,1445,2064,1902,3628,2244,5749,2981,4678,1554,1525,1631,2762,1330,5188,239986,39707,4282,0,0,0,0
2021-02-01T23:59:59+01:00,3718,3670,9089,14152,9917,21461,11911,31865,15036,26143,8624,8916,12725,20391,11292,32139,390,352,1005,1425,1253,2414,1461,3770,1850,2964,983,970,968,1685,762,3010,236844,25271,4282,0,0,0,0
2021-01-31T23:59:59+01:00,3700,3635,9036,14043,9848,21261,11847,31571,14936,25946,8569,8858,12674,20279,11248,32010,360,331,885,1235,1064,2043,1260,3218,1617,2598,885,879,864,1503,691,2705,235366,22145,4171,0,0,0,0
2021-01-30T23:59:59+01:00,3700,3632,9026,14031,9834,21239,11834,31551,14924,25932,8565,8853,12616,20217,11199,31947,343,307,826,1152,1007,1920,1196,3029,1542,2461,857,853,846,1463,676,2653,235052,21137,4124,0,0,0,0
2021-01-29T23:59:59+01:00,3640,3618,8966,14002,9805,21188,11802,31476,14879,25865,8541,8830,12430,19992,11019,31704,276,224,707,981,863,1560,1043,2640,1331,2136,768,763,797,1408,658,2600,233835,18759,3998,0,0,0,0
2021-01-28T23:59:59+01:00,3521,3532,8763,13614,9585,20676,11572,30899,14553,25367,8405,8730,11996,19372,10663,31123,130,57,289,359,376,605,456,1143,604,957,407,421,467,809,376,1571,229053,9028,3394,0,0,0,0
2021-01-27T23:59:59+01:00,3290,3397,8470,13199,9284,20056,11190,30065,14167,24630,8189,8518,11448,18570,10238,30361,78,33,200,221,241,410,302,796,425,659,309,307,347,603,283,1149,222356,6363,2788,0,0,0,0
2021-01-26T23:59:59+01:00,3122,3300,8189,12863,9021,19486,10885,29309,13770,24003,7953,8297,10870,17656,9591,29209,73,29,185,211,225,376,286,745,394,598,294,282,320,541,257,1019,215648,5835,1947,0,0,0,0
2021-01-25T23:59:59+01:00,3035,3205,7908,12382,8731,18779,10499,28307,13290,23241,7670,8099,10251,16840,9135,28309,65,21,165,190,193,320,247,625,342,495,257,238,266,465,209,831,209348,4929,402,0,0,0,0
2021-01-24T23:59:59+01:00,2991,3185,7823,12304,8659,18655,10390,28147,13162,23059,7629,8064,10186,16728,9087,28213,64,20,161,186,191,307,244,605,334,481,248,234,264,458,205,816,208050,4818,300,0,0,0,0
2021-01-23T23:59:59+01:00,2990,3184,7822,12301,8655,18645,10389,28135,13156,23054,7622,8062,10061,16564,8760,27626,63,20,161,186,190,306,242,605,332,481,248,234,264,458,205,815,206796,4810,298,0,0,0,0
2021-01-22T23:59:59+01:00,2928,3138,7699,12189,8572,18506,10280,27965,13076,22940,7592,8029,9863,16262,8242,26602,63,20,160,186,190,306,242,605,331,481,248,234,264,458,205,815,203653,4808,298,0,0,0,0
2021-01-21T23:59:59+01:00,2846,2969,7200,11276,8088,17364,9743,26344,12472,21724,7309,7701,9223,15301,7717,25531,57,18,145,172,173,275,217,529,294,442,222,207,233,378,175,684,192575,4221,298,0,0,0,0
2021-01-20T23:59:59+01:00,2487,2624,6321,9875,7345,15410,8791,23515,11363,19655,6709,7049,8130,13538,6904,23315,56,18,144,167,170,273,210,516,283,420,210,200,227,353,162,646,172794,4055,295,0,0,0,0
2021-01-19T23:59:59+01:00,2045,2267,5423,8495,6483,13519,7771,20727,10095,17416,5952,6165,6744,11346,5884,20260,39,11,95,124,114,170,147,352,184,292,133,115,138,235,113,479,150429,2741,214,0,0,0,0
2021-01-18T23:59:59+01:00,1770,1978,4669,7115,5529,11280,6577,17132,8666,14704,5072,5287,5359,9093,4810,16774,21,6,36,46,52,79,64,160,72,147,59,54,65,131,62,220,125773,1274,91,0,0,0,0
2021-01-17T23:59:59+01:00,1493,1690,4157,6322,5023,10149,6042,15558,8027,13442,4732,4937,4987,8419,4481,15769,8,2,8,15,15,28,18,50,26,56,23,23,19,31,13,47,115182,382,88,0,0,0,0
2021-01-16T23:59:59+01:00,1326,1485,3941,6002,4843,9709,5783,14892,7697,12749,4543,4709,4776,8144,4126,15165,0,0,0,1,1,2,1,1,1,2,0,1,1,0,0,1,109925,12,5,0,0,0,0
2021-01-15T23:59:59+01:00,1176,1259,3687,5582,4590,9144,5491,14053,7289,11950,4251,4416,4590,7837,3591,14119,0,0,0,0,0,0,0,0,0,0,0,0,0,0,0,0,103059,0,3,0,0,0,0
2021-01-14T23:59:59+01:00,901,943,2943,4397,3724,7330,4549,11313,5895,9606,3454,3553,3859,6622,3108,12316,0,0,0,0,0,0,0,0,0,0,0,0,0,0,0,0,84542,0,0,0,0,0,0
2021-01-13T23:59:59+01:00,765,788,2472,3669,3139,6111,3780,9379,4803,7733,2582,2640,2912,5041,2376,9414,0,0,0,0,0,0,0,0,0,0,0,0,0,0,0,0,67629,0,0,0,0,0,0
2021-01-12T23:59:59+01:00,634,659,2071,3012,2584,4970,3029,7561,3787,6081,1852,1821,1990,3409,1680,6422,0,0,0,0,0,0,0,0,0,0,0,0,0,0,0,0,51584,0,0,0,0,0,0
2021-01-11T23:59:59+01:00,492,524,1729,2439,2075,3970,2347,5750,2812,4413,1191,1126,1193,2000,920,3644,0,0,0,0,0,0,0,0,0,0,0,0,0,0,0,0,36643,0,0,0,0,0,0
2021-01-10T23:59:59+01:00,436,454,1471,2014,1734,3250,1937,4765,2336,3695,1050,1002,1048,1755,819,3193,0,0,0,0,0,0,0,0,0,0,0,0,0,0,0,0,30971,0,0,0,0,0,0
2021-01-09T23:59:59+01:00,404,410,1348,1838,1589,2960,1784,4318,2151,3364,975,932,989,1701,801,3151,0,0,0,0,0,0,0,0,0,0,0,0,0,0,0,0,28725,0,0,0,0,0,0
2021-01-08T23:59:59+01:00,307,282,1101,1497,1311,2294,1467,3540,1781,2750,843,827,901,1579,756,3000,0,0,0,0,0,0,0,0,0,0,0,0,0,0,0,0,24244,0,0,0,0,0,0
2021-01-07T23:59:59+01:00,144,76,394,505,476,785,589,1362,776,1200,466,478,559,961,463,1907,0,0,0,0,0,0,0,0,0,0,0,0,0,0,0,0,11142,0,0,0,0,0,0
2021-01-06T23:59:59+01:00,109,44,264,283,305,509,394,924,526,821,358,359,423,747,357,1440,0,0,0,0,0,0,0,0,0,0,0,0,0,0,0,0,7864,0,0,0,0,0,0
2021-01-05T23:59:59+01:00,85,31,186,229,238,423,316,815,443,702,342,343,406,714,350,1385,0,0,0,0,0,0,0,0,0,0,0,0,0,0,0,0,7009,0,0,0,0,0,0
2021-01-04T23:59:59+01:00,67,25,169,192,197,330,252,632,349,510,267,251,285,516,233,927,0,0,0,0,0,0,0,0,0,0,0,0,0,0,0,0,5202,0,0,0,0,0,0
2021-01-03T23:59:59+01:00,65,21,163,187,193,316,250,617,341,493,260,249,281,503,231,910,0,0,0,0,0,0,0,0,0,0,0,0,0,0,0,0,5080,0,0,0,0,0,0
2021-01-02T23:59:59+01:00,65,21,163,187,193,316,248,617,338,493,260,249,281,503,231,909,0,0,0,0,0,0,0,0,0,0,0,0,0,0,0,0,5074,0,0,0,0,0,0
2021-01-01T23:59:59+01:00,64,21,162,187,193,315,248,617,336,491,260,249,281,502,231,909,0,0,0,0,0,0,0,0,0,0,0,0,0,0,0,0,5066,0,0,0,0,0,0
2020-12-31T23:59:59+01:00,64,21,162,185,193,314,247,616,335,490,260,249,281,502,231,909,0,0,0,0,0,0,0,0,0,0,0,0,0,0,0,0,5059,0,0,0,0,0,0
2020-12-30T23:59:59+01:00,63,21,162,184,191,311,247,615,335,488,260,249,281,502,231,909,0,0,0,0,0,0,0,0,0,0,0,0,0,0,0,0,5049,0,0,0,0,0,0
2020-12-29T23:59:59+01:00,46,12,114,140,142,212,180,442,236,374,179,164,193,373,170,709,0,0,0,0,0,0,0,0,0,0,0,0,0,0,0,0,3686,0,0,0,0,0,0
2020-12-28T23:59:59+01:00,25,8,62,77,80,122,99,251,117,232,98,93,102,200,103,388,0,0,0,0,0,0,0,0,0,0,0,0,0,0,0,0,2057,0,0,0,0,0,0
2020-12-27T23:59:59+01:00,11,3,17,26,36,47,35,88,36,94,32,29,39,73,32,145,0,0,0,0,0,0,0,0,0,0,0,0,0,0,0,0,743,0,0,0,0,0,0
