Datum,<15_m,<15_w,15-24_1_m,15-24_1_w,25-34_1_m,25-34_1_w,35-44_1_m,35-44_1_w,45-54_1_m,45-54_1_w,55-64_1_m,55-64_1_w,65-74_1_m,65-74_1_w,75-84_1_m,75-84_1_w,>84_1_m,>84_1_w,<24_2_m,<24_2_w,25-34_2_m,25-34_2_w,35-44_2_m,35-44_2_w,45-54_2_m,45-54_2_w,55-64_2_m,55-64_2_w,65-74_2_m,65-74_2_w,75-84_2_m,75-84_2_w,>84_2_m,>84_2_w,bp_1,bp_2,mo_1,mo_2,az_1,az_2,ja,unb_1,unb_2
2021-10-08T23:59:59+02:00,44399,41872,296629,284889,400470,369723,412607,405322,474026,482530,523186,523286,354613,395797,247497,317461,72895,133832,268547,257952,375167,342419,390532,379750,452000,457367,503044,502803,344125,383772,240515,307657,70066,127876,4131230,3887711,526894,505154,808295,764411,315806,557,498
2021-10-07T23:59:59+02:00,44032,41471,295704,284086,399744,368989,412005,404733,473554,482066,522791,522975,354485,395626,247403,317350,72846,133766,267264,256637,374254,341301,389776,378803,451333,456671,502528,502343,343891,383509,240385,307495,70012,127796,4124681,3878546,526670,504156,808289,764376,315177,557,498
2021-10-06T23:59:59+02:00,43778,41217,295017,283514,399237,368495,411622,404319,473204,481765,522525,522734,354351,395477,247312,317225,72823,133692,266535,255838,373721,340656,389309,378274,450917,456233,502187,501996,343726,383304,240276,307359,69984,127727,4119933,3872566,526538,504053,808284,764346,314707,557,498
2021-10-05T23:59:59+02:00,43464,40925,294322,282852,398631,367884,411112,403850,472831,481381,522242,522430,354207,395319,247223,317062,72787,133579,265729,255011,373047,339926,388776,377669,450421,455774,501842,501643,343543,383093,240166,307195,69938,127654,4114569,3866213,526403,503913,808277,764324,314006,557,498
2021-10-04T23:59:59+02:00,43192,40687,293513,282174,397943,367315,410641,403397,472432,481002,521951,522163,354074,395151,247144,316936,72752,133484,264844,254086,372347,339164,388193,377083,449953,455244,501468,501278,343351,382864,240010,307029,69898,127573,4109469,3859599,526258,503807,808271,764286,313106,557,498
2021-10-03T23:59:59+02:00,43030,40539,293121,281772,397543,366967,410345,403152,472224,480773,521778,522001,353992,395059,247091,316839,72738,133440,264360,253667,371903,338763,387843,376694,449687,454940,501226,501050,343227,382723,239949,306935,69880,127539,4106670,3856072,526160,503699,808246,764234,312481,557,498
2021-10-02T23:59:59+02:00,42997,40502,293000,281651,397427,366881,410266,403073,472163,480715,521746,521971,353978,395036,247090,316836,72736,133438,264222,253538,371803,338675,387767,376617,449632,454889,501196,501011,343215,382701,239947,306928,69878,127539,4105997,3855387,526083,503642,808244,764211,312335,557,498
2021-10-01T23:59:59+02:00,42787,40248,292397,281108,396882,366393,409824,402699,471840,480459,521493,521795,353896,394962,247062,316788,72725,133421,263571,252897,371319,338250,387392,376249,449312,454577,500974,500819,343142,382635,239923,306883,69870,127522,4102187,3851557,525941,503486,808239,764159,311564,557,498
2021-09-30T23:59:59+02:00,42391,39857,291289,280036,395893,365445,409040,401925,471190,479807,520989,521400,353733,394754,246960,316654,72698,133355,262384,251736,370462,337339,386700,375435,448716,453938,500510,500427,342977,382415,239845,306726,69841,127470,4094629,3844598,525604,502487,808218,764079,310113,556,497
2021-09-29T23:59:59+02:00,42063,39558,290562,279312,395179,364753,408505,401349,470700,479331,520632,521094,353554,394551,246879,316522,72668,133288,261650,250982,369835,336694,386244,374865,448302,453492,500160,500086,342808,382234,239755,306564,69818,127418,4088887,3839213,525450,502340,808210,764012,309100,556,497
2021-09-28T23:59:59+02:00,41733,39250,289696,278486,394389,364049,407904,400789,470179,478833,520251,520738,353344,394330,246779,316368,72626,133181,260790,250196,369135,336058,385738,374344,447861,453040,499807,499741,342627,382031,239661,306419,69793,127362,4082641,3833725,525326,502193,808202,763959,307901,556,497
2021-09-27T23:59:59+02:00,41321,38867,288828,277656,393604,363344,407351,400204,469705,478312,519854,520408,353189,394132,246694,316247,72596,133090,259779,249275,368286,335258,385080,373670,447322,452502,499405,499383,342445,381799,239571,306285,69769,127300,4077018,3827583,525178,502043,808195,763852,306149,556,497
2021-09-26T23:59:59+02:00,40951,38562,288264,277131,393115,362912,407012,399857,469415,478026,519645,520221,353080,394033,246650,316174,72574,133045,259282,248817,367852,334868,384744,373306,447036,452208,499200,499199,342355,381708,239513,306212,69753,127263,4073358,3824651,525038,501896,808171,763738,305238,556,497
2021-09-25T23:59:59+02:00,40897,38502,288095,276964,392963,362792,406896,399770,469324,477944,519584,520177,353069,394013,246641,316165,72572,133042,259121,248667,367708,334745,384626,373211,446968,452109,499138,499165,342335,381685,239503,306199,69753,127261,4072605,3823951,524965,501837,808169,763707,304808,556,497
2021-09-24T23:59:59+02:00,40700,38292,287462,276320,392321,362227,406373,399290,468877,477539,519286,519934,352965,393928,246600,316112,72566,133018,258465,247987,367103,334210,384182,372771,446554,451753,498818,498920,342219,381580,239459,306145,69741,127237,4068863,3820263,524819,501737,808159,763637,303102,556,496
2021-09-23T23:59:59+02:00,40072,37627,285766,274660,390851,360881,405190,398084,467833,476572,518535,519250,352668,393649,246465,315894,72522,132902,257174,246908,365955,333236,383255,371945,445750,451025,498223,498413,341986,381340,239347,305991,69713,127157,4059022,3814239,524413,501465,808148,763538,298966,555,496
2021-09-22T23:59:59+02:00,39739,37314,284768,273690,389999,360033,404437,397316,467167,475967,518000,518807,352440,393380,246353,315694,72473,132818,256397,246161,365209,332556,382629,371348,445238,450502,497761,498068,341784,381132,239244,305854,69679,127094,4052172,3809150,524198,501297,808125,763422,297025,555,496
2021-09-21T23:59:59+02:00,39328,36832,283692,272614,389045,359131,403684,396566,466543,475382,517552,518377,352210,393115,246246,315515,72417,132709,255546,245313,364453,331845,381995,370748,444743,450017,497349,497667,341588,380926,239136,305690,69645,127008,4044610,3803557,524044,501101,808115,763343,295312,555,496
2021-09-20T23:59:59+02:00,38978,36557,282559,271549,388006,358205,402862,395766,465843,474773,517060,517922,351965,392890,246135,315332,72373,132612,254427,244332,363467,331010,381207,369986,444018,449442,496889,497224,341364,380709,239028,305502,69609,126932,4037623,3797093,523903,500927,808101,763139,292879,555,495
2021-09-19T23:59:59+02:00,38817,36424,281970,271144,387436,357717,402460,395370,465501,474461,516796,517692,351877,392766,246095,315251,72361,132574,253914,243898,362967,330588,380784,369652,443654,449100,496606,497005,341258,380581,238970,305416,69598,126901,4034307,3794277,523762,500747,808079,762843,291682,555,495
2021-09-18T23:59:59+02:00,38764,36354,281812,270987,387240,357555,402281,395229,465391,474346,516730,517633,351861,392753,246087,315242,72359,132570,253601,243553,362716,330336,380546,369462,443492,448966,496513,496917,341228,380555,238951,305396,69595,126892,4033368,3792404,523649,500666,808076,762830,291217,555,495
2021-09-17T23:59:59+02:00,38434,35992,280916,270158,386448,356797,401554,394571,464781,473822,516350,517270,351711,392608,246024,315173,72335,132539,252858,242875,362031,329741,379954,368968,443030,448557,496177,496629,341108,380419,238901,305317,69582,126871,4028036,3788644,523317,500266,808066,762799,289175,554,495
2021-09-16T23:59:59+02:00,37868,35404,279342,268613,385102,355345,400359,393256,463771,472842,515580,516576,351388,392280,245894,314985,72288,132446,251715,241869,361079,328815,379134,368114,442364,447871,495664,496188,340880,380198,238802,305189,69552,126809,4017206,3782073,522566,499868,808015,762652,286661,554,495
2021-09-15T23:59:59+02:00,37490,35094,278218,267517,384206,354369,399505,392401,463099,472159,515048,516061,351163,391992,245719,314805,72250,132328,250857,241060,360296,328024,378451,367441,441801,447355,495161,495751,340670,379964,238665,305041,69528,126736,4009681,3776442,522282,499638,808002,762579,284564,554,495
2021-09-14T23:59:59+02:00,37178,34788,277249,266564,383266,353515,398773,391637,462496,471510,514522,515612,350925,391754,245590,314634,72206,132257,250078,240267,359566,327358,377845,366843,441259,446844,494741,495371,340474,379750,238554,304893,69505,126681,4002899,3771340,521955,499415,807973,762431,282753,553,494
2021-09-13T23:59:59+02:00,36794,34394,276018,265305,382320,352476,397998,390759,461798,470793,514001,515111,350702,391502,245466,314482,72166,132186,248955,239215,358749,326577,377246,366190,440699,446319,494281,494992,340280,379526,238453,304745,69474,126627,3994719,3764420,521241,499129,807940,762334,281474,552,494
2021-09-12T23:59:59+02:00,36654,34265,275453,264869,381850,352031,397612,390335,461475,470491,513790,514896,350598,391392,245420,314406,72154,132151,248430,238806,358249,326133,376879,365840,440397,446029,494031,494770,340156,379395,238394,304658,69459,126582,3991558,3761409,521077,498938,807904,762210,280404,552,493
2021-09-11T23:59:59+02:00,36577,34216,275261,264664,381625,351844,397453,390180,461343,470369,513720,514836,350568,391362,245411,314390,72152,132148,248150,238624,358027,325975,376729,365699,440249,445913,493965,494716,340133,379368,238386,304645,69459,126578,3990528,3760325,520989,498808,807897,762189,279802,552,493
2021-09-10T23:59:59+02:00,36254,33889,274189,263676,380673,350947,396579,389376,460544,469695,513165,514389,350365,391163,245323,314278,72134,132119,247246,237921,357202,325240,375946,365074,439556,445392,493478,494336,339972,379212,238305,304542,69437,126547,3985253,3756884,520849,498594,807887,762166,275861,552,493
2021-09-09T23:59:59+02:00,35830,33447,272903,262537,379640,349782,395658,388356,459755,468836,512587,513881,350128,390883,245194,314122,72098,132058,246183,236960,356292,324374,375139,364266,438866,444788,492891,493893,339758,378984,238185,304401,69407,126495,3977215,3750815,520546,498196,807847,762017,273181,545,491
2021-09-08T23:59:59+02:00,35430,33047,271950,261552,378849,348938,394966,387577,459135,468241,512150,513420,349923,390639,245089,313948,72069,132000,245259,236105,355484,323642,374457,363543,438268,444226,492444,493438,339561,378739,238066,304237,69373,126405,3970794,3745134,520325,497878,807797,761883,271097,545,491
2021-09-07T23:59:59+02:00,35057,32714,270927,260630,378022,348159,394321,386904,458606,467720,511705,513023,349731,390425,244987,313780,72036,131926,244384,235323,354682,322961,373813,362986,437765,443720,491999,493049,339353,378527,237977,304099,69346,126353,3964702,3740162,520084,497537,807784,761706,269189,545,491
2021-09-06T23:59:59+02:00,34659,32306,269811,259529,377085,347213,393641,386130,458012,467092,511268,512590,349510,390180,244899,313659,72006,131857,243617,234568,353946,322308,373198,362400,437305,443216,491588,492667,339142,378321,237893,303965,69317,126297,3957515,3735349,519947,497296,807735,761581,267334,545,491
2021-09-05T23:59:59+02:00,34504,32159,269408,259117,376780,346873,393348,385817,457779,466854,511092,512410,349435,390086,244857,313597,71990,131829,243187,234177,353552,321925,372846,362090,437047,442968,491390,492460,339041,378201,237850,303901,69300,126265,3954934,3732725,519846,497021,807708,761446,266531,545,491
2021-09-04T23:59:59+02:00,34445,32121,269244,258989,376662,346747,393220,385715,457705,466770,511040,512364,349423,390068,244851,313585,71990,131828,243021,234035,353393,321762,372699,361973,436956,442867,491325,492412,339019,378181,237842,303889,69300,126264,3954238,3731943,519790,496886,807703,761423,266119,545,491
2021-09-03T23:59:59+02:00,34127,31807,268354,258183,375923,346088,392635,385132,457130,466290,510580,512027,349253,389890,244785,313480,71967,131796,242007,233178,352601,321047,372026,361323,436305,442279,490836,491996,338822,377983,237755,303780,69280,126237,3949894,3727660,519092,495347,807675,761350,263868,545,491
2021-09-02T23:59:59+02:00,33770,31472,267308,257306,375063,345257,391908,384388,456445,465662,510051,511601,348989,389641,244663,313302,71942,131719,240986,232382,351715,320269,371293,360618,435591,441654,490272,491536,338574,377719,237647,303627,69253,126160,3943982,3722478,518808,494867,807640,761029,261133,545,491
2021-09-01T23:59:59+02:00,33445,31107,266461,256468,374307,344589,391376,383839,455976,465176,509670,511258,348810,389447,244575,313185,71918,131659,239901,231326,350858,319420,370611,359924,434977,441050,489750,491052,338342,377452,237514,303470,69225,126105,3938534,3715692,518625,494327,807607,760812,259574,545,487
2021-08-31T23:59:59+02:00,33048,30765,265593,255564,373573,343878,390808,383257,455466,464692,509223,510891,348619,389255,244480,313037,71887,131616,238948,230441,350054,318675,369951,359290,434419,440541,489227,490654,338138,377239,237425,303320,69191,126049,3933025,3710388,518435,493940,807580,760397,257684,544,487
2021-08-30T23:59:59+02:00,32501,30277,264290,254383,372578,342971,389992,382443,454711,463982,508659,510393,348391,389038,244387,312882,71850,131547,237792,229460,349056,317781,369165,358550,433721,439962,488668,490141,337883,376998,237300,303138,69150,125972,3925543,3704361,518319,493498,807535,760144,254945,544,487
2021-08-29T23:59:59+02:00,32313,30087,263724,253876,372104,342557,389613,382107,454416,463692,508429,510172,348294,388929,244338,312817,71840,131523,237076,228825,348449,317239,368670,358082,433295,439586,488357,489880,337739,376844,237240,303063,69132,125947,3922465,3700485,518201,493100,807507,759886,253722,544,487
2021-08-28T23:59:59+02:00,32224,29992,263499,253697,371930,342402,389456,381985,454290,463573,508355,510121,348270,388906,244327,312805,71839,131520,236758,228567,348200,317043,368447,357918,433113,439421,488228,489787,337697,376802,237220,303037,69130,125943,3921432,3698906,518161,492984,807501,759860,253161,544,487
2021-08-27T23:59:59+02:00,31994,29742,262852,253132,371415,341885,388985,381534,453837,463175,507984,509837,348140,388773,244268,312718,71820,131498,236154,228069,347589,316541,367973,357491,432663,439068,487924,489540,337564,376684,237165,302972,69119,125936,3917630,3695697,518093,492770,807442,759799,251486,544,487
2021-08-26T23:59:59+02:00,31612,29356,261844,252155,370567,341069,388232,380791,453153,462497,507434,509355,347907,388513,244147,312600,71792,131438,234681,226710,346362,315354,366858,356498,431792,438265,487253,488964,337280,376363,237002,302804,69089,125890,3911447,3687365,517849,492125,807401,759441,248818,544,485
2021-08-25T23:59:59+02:00,31250,29024,260917,251295,369820,340294,387577,380097,452517,461906,506878,508896,347670,388256,244021,312437,71757,131371,232637,224848,344885,313950,365674,355303,430793,437301,486449,488237,336897,375970,236846,302567,69044,125801,3905731,3675390,517720,491718,807374,759290,246211,542,481
2021-08-24T23:59:59+02:00,30933,28757,260184,250516,369211,339661,387038,379522,452035,461393,506465,508522,347460,388030,243903,312272,71731,131298,231426,223785,343921,313029,364891,354552,430119,436649,485888,487686,336618,375657,236711,302406,69020,125736,3900786,3668203,517433,491271,807353,758986,244410,542,477
2021-08-23T23:59:59+02:00,30412,28230,258796,249196,368185,338747,386206,378731,451254,460710,505815,507954,347178,387749,243764,312084,71704,131239,229945,222468,342610,311965,363940,353701,429256,435891,485184,487117,336313,375324,236575,302217,68994,125676,3893355,3660806,517287,490791,807318,758703,241041,542,476
2021-08-22T23:59:59+02:00,30269,28116,258390,248827,367833,338417,385932,378465,451016,460467,505628,507805,347081,387653,243723,312025,71687,131213,229225,221790,341924,311308,363404,353197,428816,435487,484865,486851,336150,375141,236507,302110,68970,125628,3891138,3656404,517138,490329,807279,758403,240037,542,474
2021-08-21T23:59:59+02:00,30018,27911,257891,248366,367515,338096,385674,378208,450811,460289,505480,507666,347026,387597,243701,311987,71684,131204,228483,221139,341438,310910,363002,352787,428451,435181,484636,486655,336066,375073,236480,302067,68964,125616,3888589,3653436,516994,489123,807271,758347,239314,542,474
2021-08-20T23:59:59+02:00,29825,27713,257231,247706,366774,337473,384998,377679,450217,459793,505006,507346,346882,387438,243646,311890,71668,131169,226676,219523,340028,309718,361884,351832,427495,434383,483916,486106,335822,374823,236378,301947,68939,125586,3885118,3645188,516671,487963,807258,757981,236449,542,474
2021-08-19T23:59:59+02:00,29493,27400,256245,246854,365770,336683,384207,376988,449500,459154,504444,506862,346641,387175,243538,311743,71634,131096,223915,217090,337721,307884,360183,350360,426092,433114,482757,485148,335402,374397,236186,301701,68905,125517,3879586,3630841,516305,486197,807216,757509,233356,542,473
2021-08-18T23:59:59+02:00,29207,27140,255450,246147,365069,336067,383631,376420,448900,458656,503969,506449,346368,386935,243419,311594,71602,131030,221441,214568,335667,306122,358538,348706,424568,431785,481610,484107,334878,373838,235952,301401,68853,125422,3874477,3617560,516126,482248,807186,757130,231298,541,473
2021-08-17T23:59:59+02:00,28888,26864,254662,245430,364450,335386,383069,375867,448411,458172,503539,506028,346164,386724,243302,311464,71575,130978,218691,211817,333592,304292,356849,347244,423132,430509,480487,483116,334384,373297,235716,301108,68799,125346,3869435,3602493,515825,479471,807160,756701,229585,540,472
2021-08-16T23:59:59+02:00,28599,26600,253964,244780,363877,334828,382606,375405,447970,457732,503117,505663,345978,386516,243203,311299,71544,130938,215521,208744,331300,302177,355327,345795,421925,429374,479538,482275,333992,372850,235528,300833,68759,125258,3865013,3585104,515669,478744,807134,756351,227834,540,470
2021-08-15T23:59:59+02:00,28403,26437,253472,244336,363448,334439,382245,375068,447674,457472,502875,505469,345863,386398,243154,311219,71533,130917,211512,204685,329402,300559,354065,344575,420900,428437,478755,481615,333659,372514,235404,300656,68735,125208,3862168,3567483,515525,477833,807095,756026,226665,540,468
2021-08-14T23:59:59+02:00,28335,26379,253225,244139,363215,334263,382071,374918,447516,457343,502757,505362,345814,386366,243137,311196,71530,130912,210441,203580,328580,299795,353346,343897,420405,427977,478366,481293,333519,372385,235367,300599,68726,125191,3860995,3560786,515454,477463,807091,755950,225969,540,468
2021-08-13T23:59:59+02:00,28079,26137,252520,243551,362714,333835,381632,374485,447080,456981,502419,505105,345685,386215,243072,311121,71518,130883,208552,201792,327154,298479,352078,342707,419353,427038,477616,480652,333274,372095,235254,300457,68708,125137,3857175,3548838,515383,476861,807081,755758,224426,536,468
2021-08-12T23:59:59+02:00,27880,25910,251797,242915,362093,333246,381102,373997,446545,456537,501998,504749,345502,386016,242970,311016,71504,130835,205955,199521,324271,295943,350064,340908,417843,425785,476381,479583,332819,371557,235004,300180,68668,125053,3853215,3531416,515196,475654,807044,754732,222186,535,466
2021-08-11T23:59:59+02:00,27646,25663,251062,242225,361468,332666,380575,373517,446082,456111,501589,504319,345277,385775,242854,310881,71476,130780,202913,196538,321088,293001,347890,338839,416341,424377,475096,478292,332276,370914,234755,299772,68617,124924,3848369,3509551,514976,474581,807004,753794,220649,532,465
2021-08-10T23:59:59+02:00,27400,25405,250229,241489,360752,332117,380035,372969,445581,455637,501132,503919,345080,385578,242768,310742,71453,130736,198710,192406,316416,288786,344901,336059,414223,422431,473497,476831,331588,370242,234456,299362,68560,124805,3843270,3479397,514691,473469,806969,752644,219122,532,465
2021-08-09T23:59:59+02:00,27203,25204,249603,240918,360171,331631,379589,372587,445169,455291,500785,503635,344920,385429,242702,310631,71433,130700,194162,187804,310702,284035,342140,333562,412306,420658,471876,475363,330940,369550,234177,298991,68501,124669,3839554,3448994,514512,470687,806938,751548,217626,532,461
2021-08-08T23:59:59+02:00,27033,25046,249121,240507,359776,331278,379240,372298,444866,455035,500543,503442,344814,385321,242639,310551,71416,130667,192812,186434,309074,282697,340826,332398,411430,419901,471305,474845,330677,369280,234045,298820,68475,124619,3836985,3439861,514355,469323,806886,751060,216393,532,461
2021-08-07T23:59:59+02:00,26883,24870,248591,240058,359378,330939,378905,372014,444573,454799,500317,503268,344742,385227,242605,310502,71408,130656,189132,182843,307029,280843,339106,330874,410094,418633,470378,474049,330321,368906,233914,298631,68441,124582,3834127,3420219,514248,467987,806876,750846,215510,532,458
2021-08-06T23:59:59+02:00,26657,24636,247719,239393,358590,330329,378230,371436,443916,454271,499778,502877,344509,385021,242506,310385,71397,130634,185391,179285,303560,278031,336985,329037,408491,417292,469077,473084,329940,368520,233754,298475,68417,124534,3831541,3400897,512881,466256,806864,749747,212024,532,456
2021-08-05T23:59:59+02:00,26335,24312,246541,238455,357691,329451,377406,370703,443173,453587,499110,502335,344224,384718,242390,310210,71356,130571,180909,175336,298166,273615,332864,325470,405683,414799,466820,471297,329271,367814,233489,298103,68356,124423,3825158,3372932,512617,461544,806800,746035,209012,532,455
2021-08-04T23:59:59+02:00,25961,23970,245393,237465,356692,328538,376627,369989,442541,452985,498536,501805,343949,384450,242268,310037,71328,130500,177423,172029,294394,270482,328450,321558,403428,412705,465109,469743,328575,367112,233214,297748,68297,124321,3818640,3345735,512274,459774,806764,744284,206369,528,454
2021-08-03T23:59:59+02:00,25497,23548,244029,236277,355778,327697,375917,369294,441882,452321,497938,501269,343655,384149,242138,309859,71284,130432,173938,168580,290288,266839,323335,316946,400680,410144,462768,467638,327728,366241,232863,297276,68228,124182,3810667,3313601,512112,457895,806721,742210,204476,528,454
2021-08-02T23:59:59+02:00,25179,23242,242975,235311,354930,326938,375216,368694,441310,451774,497412,500820,343393,383874,242020,309704,71258,130373,170296,164984,285583,262867,317457,311989,397926,407585,460532,465643,326954,365404,232566,296876,68165,124064,3804303,3280101,511862,455913,806664,739676,202605,527,452
2021-08-01T23:59:59+02:00,25023,23051,242345,234703,354331,326424,374772,368301,440876,451453,497066,500542,343254,383708,241944,309588,71244,130347,168745,163531,283092,260866,312821,308271,396067,406007,459051,464394,326520,364918,232395,296658,68136,124005,3800618,3262176,511557,453766,806568,737229,201236,526,448
2021-07-31T23:59:59+02:00,24913,22946,242003,234381,354048,326196,374531,368131,440687,451300,496958,500443,343221,383669,241924,309575,71243,130341,164967,159683,280263,258317,310729,306272,394670,404724,457904,463404,326200,364542,232261,296484,68110,123959,3799000,3239232,511367,452827,806562,736436,200587,526,448
2021-07-30T23:59:59+02:00,24623,22686,241202,233663,353471,325665,374039,367665,440224,450898,496596,500153,343083,383528,241879,309496,71230,130325,161216,155912,276863,255200,307699,303448,392437,402606,456055,461816,325689,364008,232051,296192,68077,123901,3794912,3214122,510998,451622,806545,733234,198975,525,447
2021-07-29T23:59:59+02:00,24276,22345,239665,232386,352303,324584,373067,366753,439368,450103,495779,499528,342749,383215,241742,309313,71193,130258,156356,151420,271473,251017,301780,298662,388076,399106,452997,459403,324855,363160,231738,295782,68017,123801,3787314,3180149,510315,446754,806461,728124,195536,524,447
2021-07-28T23:59:59+02:00,23976,22056,238512,231347,351415,323740,372311,366056,438729,449434,495212,499035,342496,382915,241607,309127,71158,130185,152592,147766,266969,247346,297338,294703,384807,396247,450903,457549,324194,362399,231468,295397,67953,123676,3780545,3149376,509774,444827,806383,725478,193609,523,444
2021-07-27T23:59:59+02:00,23703,21829,237501,230371,350571,322998,371606,365463,438141,448818,494684,498576,342252,382610,241473,308931,71122,130086,147561,142634,261035,242203,292030,289933,380786,392543,447717,454731,323203,361294,231101,294890,67861,123517,3774237,3107734,509216,442498,806325,721729,191958,522,442
2021-07-26T23:59:59+02:00,23471,21589,236526,229389,349775,322292,370998,364910,437584,448328,494233,498204,342020,382369,241344,308773,71098,130028,143208,138237,255477,237408,286852,285452,376312,388577,444195,451705,322248,360329,230770,294411,67786,123380,3768539,3068266,508584,440238,806245,717372,190560,520,442
2021-07-25T23:59:59+02:00,23112,21288,235185,228233,348827,321524,370316,364247,437003,447785,493772,497798,341820,382155,241254,308644,71077,129964,141359,136478,252790,235187,284344,283349,374174,386794,442106,449910,321733,359814,230566,294181,67761,123303,3761454,3053232,508207,438049,806177,713011,189158,519,442
2021-07-24T23:59:59+02:00,22863,21090,234253,227372,348102,320870,369740,363723,436474,447346,493410,497520,341704,382056,241210,308582,71074,129953,138461,133674,250053,232862,281776,281129,371913,384935,440866,448922,321382,359476,230421,294002,67742,123269,3757425,3034865,507438,435031,806162,712670,187306,519,442
2021-07-23T23:59:59+02:00,22445,20703,232747,226025,346777,319926,368691,362855,435594,446557,492711,496987,341469,381784,241121,308469,71053,129917,132974,128824,244677,228552,277294,277339,368221,381731,438209,446719,320681,358754,230167,293689,67688,123188,3749941,2999287,506966,433257,806106,710532,183798,519,442
2021-07-22T23:59:59+02:00,21940,20227,230641,224046,345022,318384,367179,361563,434274,445408,491727,496085,341033,381331,240943,308220,71009,129835,128623,124760,238672,224034,270903,272264,361319,376224,432746,442204,319496,357492,229728,293160,67594,123034,3737475,2957164,505377,427266,805976,704209,181010,518,440
2021-07-21T23:59:59+02:00,21432,19709,228753,222222,343321,316851,365556,359986,432696,444018,490499,494912,340479,380808,240694,307934,70955,129740,124856,121187,233207,219790,265367,267735,353174,369281,428133,438459,318376,356342,229265,292593,67513,122854,3726451,2921612,501614,416368,805749,699422,177716,518,438
2021-07-20T23:59:59+02:00,21130,19430,227282,220740,342082,315677,364587,359110,431829,443222,489776,494260,340136,380436,240546,307711,70927,129651,120518,116946,226854,214613,259534,262552,346053,363172,423430,434146,317282,355086,228851,292007,67416,122671,3717095,2877805,501206,409143,805618,695030,175574,518,437
2021-07-19T23:59:59+02:00,20816,19133,225543,219045,340764,314420,363550,358133,431013,442442,489104,493641,339840,380073,240395,307478,70882,129554,117760,114342,222464,211016,254912,258597,342335,359996,420807,431963,316555,354358,228551,291615,67341,122547,3706491,2852728,500782,403759,805525,690702,173985,518,437
2021-07-18T23:59:59+02:00,20662,19000,224247,217773,339143,312980,362478,357203,430193,441719,488564,493098,339606,379787,240266,307298,70860,129492,116259,112951,219801,208833,252555,256495,340081,358143,418769,430270,316064,353870,228390,291397,67320,122480,3697025,2840425,500244,399480,805448,686998,172606,518,434
2021-07-17T23:59:59+02:00,20265,18578,223091,216712,338563,312439,361888,356688,429674,441268,488150,492808,339500,379670,240224,307242,70857,129481,114185,110849,217339,206526,250084,254297,337654,356002,417320,429006,315730,353479,228255,291229,67296,122440,3691446,2822899,500040,396754,805430,686212,171135,515,434
2021-07-16T23:59:59+02:00,19722,18064,220542,214559,336820,311138,360380,355395,428205,440059,487050,491943,339094,379299,240052,307083,70832,129445,111066,108045,212567,202594,245544,250659,333349,352300,413971,426279,314809,352548,227905,290811,67242,122359,3681222,2795188,499280,394392,805268,682397,164859,514,433
2021-07-15T23:59:59+02:00,19080,17437,217759,212130,334909,309432,358790,353952,426862,438870,486103,491090,338694,378871,239849,306826,70790,129340,107156,104817,204184,196340,238044,245051,326735,347054,406889,419821,313066,350731,227355,290140,67170,122160,3666146,2748539,498681,385942,805150,674969,161724,513,433
2021-07-14T23:59:59+02:00,18234,16711,215309,209802,333198,307891,357378,352603,425637,437666,485069,490128,338235,378410,239608,306514,70736,129251,103540,101477,197701,191165,232322,240375,322437,343572,402710,416188,311753,349417,226944,289580,67087,122006,3651176,2714868,498092,380402,805019,668157,159006,512,430
2021-07-13T23:59:59+02:00,17580,16052,213120,207773,331589,306516,356039,351370,424458,436571,484107,489267,337794,377935,239405,306266,70701,129158,99774,97931,191209,185750,225175,234304,315748,337507,394307,408321,309954,347488,226338,288788,66974,121805,3637307,2672000,497533,367718,804857,658674,156913,510,426
2021-07-12T23:59:59+02:00,16560,15117,209833,204587,329527,304780,354458,349900,423213,435365,483121,488362,337376,377461,239225,306036,70662,129080,96674,95207,185919,181444,218190,228622,308904,331466,389202,404041,308221,345618,225744,288054,66875,121634,3618805,2633654,496975,360572,804676,650250,155110,509,425
2021-07-11T23:59:59+02:00,16051,14643,208473,203311,328777,304059,353796,349271,422648,434857,482671,488016,337185,377257,239165,305930,70640,129040,95252,93917,183135,179136,215189,226328,306210,329307,386369,401648,305747,342990,225363,287583,66820,121536,3612541,2618637,496335,358582,804546,639746,153275,504,421
2021-07-10T23:59:59+02:00,15576,14183,206624,201527,327308,302792,352655,348294,421917,434258,482193,487617,337015,377092,239099,305844,70630,129020,93946,92642,180598,177015,212153,223843,303684,327144,385202,400611,305100,342321,225183,287394,66804,121509,3603939,2601814,495692,358351,804309,637995,150605,503,421
2021-07-09T23:59:59+02:00,15252,13903,204716,199682,325699,301333,351582,347329,421012,433544,481621,487139,336807,376868,239002,305723,70615,128986,91154,89914,177066,173784,207803,219685,298661,322537,381757,397626,304003,341089,224877,287027,66767,121445,3594769,2572793,494825,356286,804114,630392,148000,502,421
2021-07-08T23:59:59+02:00,14784,13475,201217,196691,322379,298656,349202,345338,419300,432085,480183,486067,336368,376425,238823,305472,70570,128908,86847,86143,169814,168118,199659,213280,291283,316417,374800,391407,301277,338161,224095,286089,66650,121185,3579384,2526544,490775,347616,803590,620027,143063,500,419
2021-07-07T23:59:59+02:00,14283,13021,197472,192822,319205,295796,346881,343290,417741,430610,478980,484964,335889,375860,238633,305200,70532,128802,83162,82689,162507,162395,190600,206097,283290,309850,367749,384581,297962,334542,223185,284987,66509,120938,3558075,2478517,489406,334171,803203,610020,140119,497,416
2021-07-06T23:59:59+02:00,13824,12648,194034,189443,315946,293057,344405,341002,416024,429047,477709,483827,335387,375303,238435,304908,70479,128717,79589,79107,155827,156879,183182,199884,274341,301896,361256,378488,294763,331293,222299,283895,66400,120709,3538204,2425966,486333,327187,802784,600496,137690,494,416
2021-07-05T23:59:59+02:00,13426,12311,189638,185193,311888,289719,341891,338664,414347,427497,476564,482754,334914,374785,238255,304662,70446,128631,76522,76276,150705,152785,178414,195756,267420,295624,355147,372946,291486,327845,221410,282775,66291,120539,3515331,2386871,485171,322688,802287,590133,133603,491,413
2021-07-04T23:59:59+02:00,13248,12153,185792,181318,309247,287688,340574,337590,413462,426718,475984,482261,334689,374530,238166,304535,70420,128577,74332,74404,147600,150212,176080,193710,264969,293561,352032,370735,288178,324451,220828,282106,66235,120419,3503071,2373072,483878,320387,801720,578593,129086,491,412
2021-07-03T23:59:59+02:00,12053,11098,179357,175316,304979,284225,338238,335419,411644,424911,474768,481204,334289,374084,237992,304287,70396,128534,72551,72824,145173,148329,173641,191626,261902,290833,349749,368878,286422,322466,220561,281744,66203,120370,3476681,2357327,482471,320187,801537,574099,122893,491,412
2021-07-02T23:59:59+02:00,10954,10005,175644,171853,302560,282025,336491,333714,410391,423720,473992,480513,334028,373768,237878,304105,70368,128486,69853,70139,141246,145038,169201,187577,255845,285385,344521,364169,283170,318734,219920,280971,66154,120286,3458574,2324094,480991,317397,801353,561514,120360,489,395
2021-07-01T23:59:59+02:00,9858,9076,171974,168406,298520,278731,333993,331440,408594,422138,472895,479553,333608,373304,237677,303834,70322,128407,64967,65416,134923,139699,161909,181063,245584,276519,333714,354372,278381,313457,218067,278715,65975,119974,3436006,2267702,478892,305039,801006,543783,117204,489,391
2021-06-30T23:59:59+02:00,9369,8682,168700,165324,292892,274104,330321,328102,406822,420593,471870,478582,333185,372821,237486,303534,70288,128318,61834,62569,129279,135020,155265,175064,235531,267371,320305,341088,273167,307910,216176,276393,65807,119652,3410886,2212662,476724,292220,800713,524943,113440,488,389
2021-06-29T23:59:59+02:00,8833,8159,164899,161546,288349,269839,326750,324808,404720,418515,470324,477170,332596,372182,237233,303179,70233,128209,59043,59570,124333,130606,149242,169532,223679,256671,311744,332719,266702,300718,214203,273934,65604,119306,3383364,2153384,474725,287556,800387,507532,109828,486,386
2021-06-28T23:59:59+02:00,8428,7779,161569,158087,283313,265516,323443,321963,402576,416589,468836,475859,332075,371570,237000,302869,70189,128115,56768,57223,120428,127091,144893,165449,214452,248256,305954,327311,261755,295422,212439,271699,65457,119040,3359425,2117654,470753,278936,799728,491006,106617,486,383
2021-06-27T23:59:59+02:00,8280,7656,160063,156560,281209,263705,321638,320426,400877,415230,467938,475142,331783,371277,236897,302706,70170,128066,55571,56114,118303,125378,142323,163319,210339,244869,302585,324449,257942,291413,209979,268788,65346,118845,3349406,2102181,468674,275442,798678,474857,103611,485,381
2021-06-26T23:59:59+02:00,7126,6558,156794,153222,279104,261823,319222,318184,399687,414074,467239,474442,331514,370996,236790,302548,70146,128036,55024,55524,116964,124224,140897,162081,208093,242864,300053,322037,256403,289752,209645,268379,65319,118775,3330267,2085369,465849,275354,798672,472358,103477,461,360
2021-06-25T23:59:59+02:00,5904,5442,152481,148936,275709,258862,317165,316222,398377,412827,466238,473617,331225,370661,236662,302392,70118,127986,53735,53898,114486,121525,136809,157511,199327,234413,294361,316162,254680,287632,209055,267577,65248,118658,3305293,2042854,464421,273660,798616,465777,103249,461,359
2021-06-24T23:59:59+02:00,5049,4653,148036,144802,270879,254913,312887,312442,396182,410952,464861,472479,330801,370196,236493,302154,70084,127899,51089,51302,109362,116805,129476,150861,187284,223958,282943,305931,249301,281788,207220,265232,65045,118258,3274083,1980777,462409,261885,798449,452021,101569,460,358
2021-06-23T23:59:59+02:00,4828,4447,144868,141685,267179,251757,307643,307637,393688,408605,463454,471159,330273,369575,236262,301842,70036,127792,49146,49218,105566,112893,123802,145181,177385,215290,270959,293936,244688,276971,205888,263534,64884,117899,3246514,1924428,458882,252019,798287,441326,99791,458,357
2021-06-22T23:59:59+02:00,4578,4217,141793,138554,263459,248375,301513,302203,391054,406045,461912,469677,329723,368966,236041,301488,69989,127685,47455,47475,101955,109589,119005,140599,164787,204141,260044,283629,240624,272500,203966,261125,64632,117426,3214442,1866035,456950,244303,798093,430367,98516,456,348
2021-06-21T23:59:59+02:00,4319,3972,138530,135610,258751,244471,296264,297335,388011,403171,460438,468325,329205,368405,235818,301173,69948,127573,46222,46246,99568,107370,116265,137891,158567,198367,253157,276989,235272,266661,200027,256600,64445,117049,3182696,1835029,454907,238786,797882,410577,96550,453,347
2021-06-20T23:59:59+02:00,4175,3855,137021,134098,254501,240979,293679,295095,386621,401857,459647,467580,328979,368119,235706,301041,69928,127511,45099,45321,97308,105574,113985,135901,155529,195827,248843,272912,232269,263130,199040,255347,64364,116923,3165220,1814650,453141,235233,797724,402710,95016,451,340
2021-06-19T23:59:59+02:00,3758,3505,134871,131997,251744,238654,291895,293446,384778,400288,458804,466850,328757,367867,235602,300902,69908,127479,44559,44672,96036,104309,112509,134436,154025,194389,245620,269886,231550,262283,198869,255084,64342,116870,3148862,1798673,450317,233652,797714,402429,94912,451,340
2021-06-18T23:59:59+02:00,2806,2593,131588,128854,248223,235604,287882,290034,382379,398165,457464,465689,328380,367466,235447,300666,69881,127430,43772,43756,94457,102529,110215,131766,150472,190355,238761,262596,229825,260278,198383,254444,64267,116736,3123046,1769351,445881,233122,797688,395723,94632,451,339
2021-06-17T23:59:59+02:00,2573,2370,127872,125568,242197,231162,282654,285644,377590,394172,455133,463847,327784,366743,235203,300311,69816,127316,41529,41930,90407,99053,105315,127015,142603,182681,227361,251200,224624,254342,196731,252287,64008,116317,3088222,1713652,442895,228979,797424,384819,90164,391,331
2021-06-16T23:59:59+02:00,2302,2136,124638,122164,237296,226813,277964,281385,372417,389675,452535,461703,327036,365943,234912,299898,69750,127202,39698,40331,86868,96024,100964,123185,134363,175335,215258,239288,218394,247230,194806,249960,63756,115829,3054675,1653841,437358,223371,796923,376723,87555,389,330
2021-06-15T23:59:59+02:00,1914,1804,119719,117293,231309,221664,272611,276397,367353,385047,449686,459285,326166,364964,234559,299385,69668,127018,38082,38717,83546,92976,96997,119133,127306,168959,202903,227257,212363,240441,192844,247528,63446,115260,3009940,1596549,435430,217522,796359,369044,84837,389,327
2021-06-14T23:59:59+02:00,1651,1529,115667,113137,226084,216752,267250,271425,362059,380295,446566,456690,325381,364105,234249,298996,69606,126898,37102,37827,81268,90882,94287,116612,123190,165209,196301,220755,209254,236934,191709,246056,63227,114870,2967792,1566947,433078,215248,796100,361388,82085,387,324
2021-06-13T23:59:59+02:00,1578,1444,114174,111761,223637,214648,264710,269167,359803,378337,445395,455665,325105,363800,234113,298825,69574,126824,36235,37090,79409,89207,92276,114790,120363,162599,192425,217045,206162,233493,190676,244688,62995,114458,2952806,1552932,430640,207967,795796,353164,80026,387,322
2021-06-12T23:59:59+02:00,1429,1306,111521,109012,221741,212918,263324,267890,358364,376935,444498,454896,324817,363491,234021,298722,69556,126796,35866,36685,78419,88112,91023,113492,118783,161038,188859,213743,205127,232365,189277,243033,62985,114426,2936618,1539767,429661,207958,795772,345786,79892,386,321
2021-06-11T23:59:59+02:00,1281,1170,108973,106495,218844,210299,259656,264698,355226,374200,442782,453424,324381,363039,233884,298514,69529,126741,35187,35571,76410,84735,88789,109958,114673,155895,182152,206283,203028,229992,188673,242262,62923,114327,2912189,1512228,426861,207261,795591,332340,79194,385,320
2021-06-10T23:59:59+02:00,1119,1013,104217,102084,212769,205534,252593,258873,349131,368900,438283,449648,323519,362066,233562,298067,69445,126588,33607,34084,72405,80557,83866,104451,108000,147674,169796,192629,196941,223094,186943,240118,62669,113923,2868528,1465028,419759,205518,794753,305319,75048,381,314
2021-06-09T23:59:59+02:00,971,884,100300,98371,206807,200798,245779,253161,342469,362948,434602,446619,322839,361319,233290,297684,69380,126456,32072,32825,69168,77910,80165,101282,103277,143387,158641,181856,186306,211081,185080,237872,62396,113428,2829489,1410927,411238,201536,794235,294038,70395,361,309
2021-06-08T23:59:59+02:00,789,703,95772,93830,200168,195235,238817,247149,334216,355667,429491,441943,321998,360312,232916,297195,69300,126321,30998,31967,66577,75611,76882,98557,98696,139468,151028,174353,177585,201355,183272,235620,62164,113061,2777485,1371669,405472,196617,793642,283172,65882,361,301
2021-06-07T23:59:59+02:00,630,562,92551,90730,194100,190531,232259,241905,326386,349495,426442,439491,321449,359676,232698,296868,69246,126225,30127,31119,64109,73651,73925,96395,94929,136530,142937,166550,173532,196726,181841,233806,61941,112677,2738460,1344515,399304,193313,793072,272048,61054,361,301
2021-06-06T23:59:59+02:00,592,526,90974,89413,190813,187975,228905,239128,322100,346089,425005,438405,321178,359378,232590,296709,69222,126178,29524,30563,62336,71965,71844,94380,91731,133462,137242,160747,170992,194089,180729,232404,61712,112297,2723022,1332644,391907,183607,792587,261599,58301,358,295
2021-06-05T23:59:59+02:00,511,446,89029,87394,185935,183755,226434,236995,320282,344468,424008,437491,320892,359059,232441,296541,69208,126146,29065,29804,61133,70008,70444,92229,90053,131183,132473,155408,167985,190414,180244,231745,61678,112231,2699513,1308992,391776,183139,792466,256179,57912,357,294
2021-06-04T23:59:59+02:00,411,361,86674,84862,182268,180138,222427,233047,316687,340828,421645,435294,320435,358520,232244,296311,69169,126084,28597,29129,60010,68353,69158,90142,88262,128561,129097,151746,163747,185639,179253,230478,61630,112143,2670244,1290117,387948,182364,792348,246101,57485,356,292
2021-06-03T23:59:59+02:00,318,286,83384,81788,176537,175471,215160,226942,308967,334126,413882,428434,319396,357331,231873,295857,69113,125950,27704,28115,58115,66156,66758,87389,84621,124441,122323,145065,157397,178020,177679,228447,61516,111907,2621267,1260866,377694,177026,791926,233349,54529,354,285
2021-06-02T23:59:59+02:00,268,227,81299,79618,172444,171740,211511,223780,305381,330772,411835,426600,318986,356875,231719,295649,69085,125899,27234,27635,56984,65036,65152,86110,82559,122494,117340,140177,149506,169042,176956,227491,61431,111737,2592460,1228602,376307,175053,791899,229730,53613,351,277
2021-06-01T23:59:59+02:00,169,160,77033,75786,164159,165167,202145,216041,296281,322885,403624,418759,317475,355258,231178,294908,68971,125669,25681,26219,52667,62076,60309,82816,77130,117982,109902,132959,138389,155616,174846,224754,61223,111313,2533722,1178386,364660,170940,791141,217946,46715,347,267
2021-05-31T23:59:59+02:00,147,143,74285,73299,158494,160838,194829,210064,288888,316495,397880,413786,316478,354143,230790,294383,68882,125499,24766,25156,50037,59852,57129,80281,73518,114697,105397,128510,134228,150690,173474,223034,61054,110981,2493260,1155929,355264,168572,790497,207546,40853,346,265
2021-05-30T23:59:59+02:00,136,135,73234,72233,156011,158803,192205,207710,286098,313979,395991,412041,316114,353730,230629,294144,68844,125418,24160,24368,48444,58119,55387,78424,71282,112131,102742,125641,132071,148160,172680,222099,60962,110770,2477431,1146134,352741,167261,789863,196174,37965,345,260
2021-05-29T23:59:59+02:00,133,133,72626,71640,154497,157402,189903,205680,284259,312393,395154,411271,315892,353486,230548,294065,68833,125399,23836,23840,47523,56620,54041,76546,69356,109286,100421,122842,129260,144730,172026,221192,60935,110718,2463541,1132493,352580,167194,789797,185637,37940,344,259
2021-05-28T23:59:59+02:00,129,130,71538,70525,152096,155142,186238,202136,280986,309259,393292,409502,315480,352980,230401,293851,68814,125342,23304,22836,45914,54495,52213,73982,67315,105336,96089,116950,124878,139669,171047,219880,60888,110604,2439701,1109828,351526,166980,789588,171121,37562,342,254
2021-05-27T23:59:59+02:00,118,121,68224,67509,145604,150203,178048,195877,274585,304097,386976,403813,314210,351525,229938,293319,68742,125159,21981,21152,42657,51445,48328,70170,62757,99325,89732,109433,120943,135044,168241,216175,60715,110289,2395081,1081361,343901,164244,787775,151035,31831,340,248
2021-05-26T23:59:59+02:00,114,118,66069,65329,140653,146121,171945,190810,267832,298426,380232,397118,312687,349912,229443,292618,68638,124946,21237,20233,40834,49307,45973,67437,59715,95529,85143,104312,115955,129318,164431,210832,60505,109861,2357765,1049376,330695,162664,785952,139562,29103,339,244
2021-05-25T23:59:59+02:00,113,111,64037,63335,136449,142633,166891,186513,260767,292144,374804,391726,311397,348494,229029,291969,68555,124768,20660,19568,39436,47789,44138,65420,57239,92523,81057,99930,111001,123613,158875,203560,60335,109554,2320165,1017744,323183,159240,783412,130329,27471,335,238
2021-05-24T23:59:59+02:00,111,109,62795,62125,133690,140524,163612,184096,253816,286152,369864,387041,310567,347574,228742,291581,68483,124637,20319,19158,38417,46716,42792,63935,55557,90513,78824,97417,109575,121957,158265,202768,60223,109351,2296420,1008378,312062,157936,781602,123640,25923,334,233
2021-05-23T23:59:59+02:00,106,108,62297,61609,132588,139627,162416,183062,252573,285130,368274,385613,309946,346915,228569,291353,68463,124601,20086,18970,37866,46159,42036,63234,54391,89516,77331,96052,108397,120557,157285,201546,60152,109209,2284910,1000187,311474,154857,781558,122040,25793,334,230
2021-05-22T23:59:59+02:00,103,106,61601,60986,131090,138547,160040,181435,249601,282838,365792,383384,309414,346319,228392,291086,68437,124550,19766,18547,37248,45553,41396,62703,53737,88787,76559,94901,106845,118751,156511,200574,60125,109155,2266917,993480,311459,154853,781520,118607,24304,334,230
2021-05-21T23:59:59+02:00,99,102,60269,59543,128180,135951,156747,178110,244360,278070,359693,377694,308478,345224,228096,290688,68376,124442,19405,18180,36634,44786,40743,61650,52783,87394,74834,92601,103603,114799,155371,199123,60033,108980,2230809,980451,309818,154525,779945,112012,24019,330,227
2021-05-20T23:59:59+02:00,90,100,57220,56753,122438,131074,149807,171789,234049,269312,350659,369408,305937,342476,227327,289676,68244,124223,18109,17245,34461,42543,38289,58752,49958,83617,70906,88102,99476,110148,152906,196100,59852,108625,2172773,961122,303150,152573,773988,94350,21122,324,227
2021-05-19T23:59:59+02:00,89,98,55009,54562,117431,126395,142638,165166,223507,259958,340104,358498,303290,339603,226575,288623,68093,123947,17527,16457,33235,40959,36880,56693,47950,80835,67666,84523,95591,105674,149271,191358,59590,108133,2106824,937700,296891,150593,771004,84839,19296,322,212
2021-05-18T23:59:59+02:00,85,93,52910,52599,112647,122136,136258,159590,211939,249597,330221,348694,300615,336634,225692,287421,67942,123694,17009,15850,32021,39494,35525,54895,46138,78423,64777,81297,91581,101135,146072,187283,59377,107699,2046941,917426,287519,147730,767409,76186,17315,318,211
2021-05-17T23:59:59+02:00,82,90,51876,51605,110312,120078,133441,156938,205416,243579,322649,341605,298822,334659,225101,286596,67835,123481,16551,15401,30973,38453,34351,53603,44658,76623,62515,78900,86737,95268,144609,185396,59229,107385,2020125,905716,275210,140257,763984,69499,15257,316,208
2021-05-16T23:59:59+02:00,81,87,51088,50950,108867,118755,131700,155275,202443,240897,315212,334647,297801,333526,224790,286111,67782,123383,16268,15029,30222,37671,33477,52686,43596,75309,61185,77430,83321,91190,143818,184315,59141,107245,2004774,899627,264778,133486,760743,65362,13504,312,204
2021-05-15T23:59:59+02:00,81,87,50550,50317,107866,117765,130684,154161,200505,238962,311642,331437,297180,332840,224594,285840,67762,123319,16129,14866,29969,37364,33192,52254,43111,74662,60337,76446,82724,90374,143301,183647,59105,107198,1988566,894388,264757,133339,759875,64234,12795,310,203
2021-05-14T23:59:59+02:00,80,86,49289,48892,105615,115674,127093,150710,192294,231895,305332,325548,296198,331702,224309,285391,67715,123224,15631,14436,29182,36541,32422,51063,42035,72879,58771,74494,80815,87885,142689,182656,59065,107112,1951296,884730,263058,132464,755332,58808,11749,307,201
2021-05-13T23:59:59+02:00,76,85,47376,46939,101776,112443,122384,146599,182276,223312,294726,315733,293232,328281,223498,284254,67615,123017,14771,13990,28325,35844,31663,50161,41091,71786,57266,72932,77037,83535,139921,179045,58955,106895,1899707,872187,254447,125411,749107,54958,10735,303,196
2021-05-12T23:59:59+02:00,74,83,46466,46228,99861,111014,120317,144937,179724,221202,289992,310406,292070,327013,223258,283934,67577,122932,14605,13839,28004,35625,31260,49874,40644,71411,56724,72365,75689,81903,139141,177911,58869,106735,1876623,866434,252284,123615,748616,54688,9936,299,194
2021-05-11T23:59:59+02:00,70,77,44222,44754,95835,107937,114511,140208,166361,209930,278345,299642,288669,323101,222302,282536,67427,122633,14175,13274,26995,34198,30129,48069,39339,69135,55015,70101,72601,78315,137783,176075,58710,106377,1817773,854150,242569,120926,740113,46824,8460,294,192
2021-05-10T23:59:59+02:00,69,73,42969,43775,93236,105928,111253,137575,157977,202902,270469,292535,286494,320648,221730,281676,67303,122392,13831,12830,26238,33213,29334,46810,38343,67282,53785,68373,70511,75759,136637,174564,58591,106090,1782203,845282,236520,119871,733141,39625,7488,290,184
2021-05-09T23:59:59+02:00,68,73,41846,43003,90552,104174,108589,135807,152966,199483,264946,287587,285251,319260,221354,281149,67237,122246,13516,12610,25545,32544,28606,46007,37551,66322,52855,67431,69281,74358,136040,173727,58536,105959,1762867,840710,229420,118893,727144,34852,6505,285,182
2021-05-08T23:59:59+02:00,67,73,41555,42700,89705,103441,107491,134950,151516,198266,262383,285520,284750,318718,221235,280971,67221,122214,13414,12548,25416,32452,28461,45878,37361,66127,52514,67112,68317,73437,134969,172361,58489,105866,1750805,836092,228910,118147,726918,34075,6491,276,169
2021-05-07T23:59:59+02:00,65,72,40630,41983,87767,102103,104662,132734,146895,194460,256127,280008,283410,317119,220888,280516,67168,122092,12668,12067,24591,31716,27697,44818,36497,64866,51330,65600,66066,70749,132740,169537,58399,105689,1725010,826407,225699,115876,722794,27290,5541,270,165
2021-05-06T23:59:59+02:00,61,71,37987,40259,83018,98647,98670,127978,136706,185945,239681,265595,278286,311323,219603,278828,66994,121779,11982,11549,23653,30611,26700,43468,35143,62867,49596,63623,63578,67620,130628,166772,58285,105471,1659451,815311,215793,112767,711893,18924,4627,256,164
2021-05-05T23:59:59+02:00,59,68,36100,39060,79361,96066,94070,124332,128886,179410,224932,251554,272105,304188,218030,276836,66748,121256,11749,11273,23110,29886,26096,42546,34219,61465,48443,62208,60963,64507,127683,163069,58187,105220,1593263,803005,210714,109197,705855,14952,3555,255,160
2021-05-04T23:59:59+02:00,59,66,34997,37952,76640,93744,90562,121294,123314,174680,214303,241290,266620,297743,216588,274992,66539,120788,11586,11069,22702,29344,25636,41774,33497,60374,47336,60936,58245,61326,125317,160132,58037,104984,1544221,791110,205592,106560,699777,11807,2904,252,158
2021-05-03T23:59:59+02:00,58,64,34126,36900,74348,91922,87687,118944,118877,171039,207646,235291,263343,293880,215788,273903,66418,120492,11338,10797,22307,28767,25153,41074,32809,59411,46311,59796,55452,57982,121540,155235,57780,104546,1512470,775240,202480,104845,694844,9051,1249,248,155
2021-05-02T23:59:59+02:00,58,64,33771,36585,73172,91016,86213,117855,116449,169172,204552,232775,262382,292791,215501,273494,66351,120384,11266,10724,22118,28553,24923,40791,32467,59004,45858,59321,54262,56521,118470,151554,57696,104415,1501857,770211,199683,99282,690972,8151,387,245,150
2021-05-01T23:59:59+02:00,57,64,33452,36206,72411,90222,85140,116812,114978,167806,201465,229746,261690,291966,215291,273214,66340,120345,11252,10708,22065,28523,24862,40753,32405,58947,45776,59244,54020,56229,118312,151358,57687,104398,1486753,768902,199675,99242,690705,8103,380,244,150
2021-04-30T23:59:59+02:00,54,62,32908,35605,71204,88998,83677,115080,111194,164238,194065,222628,259699,289597,214843,272604,66280,120237,10931,10512,21705,28245,24587,40329,32078,58385,45314,58613,53124,55065,117360,150172,57632,104279,1453842,765224,199348,97251,689907,5766,180,241,148
2021-04-29T23:59:59+02:00,52,61,31407,34653,68280,86969,80044,112475,106077,160124,181248,211078,251764,280495,213647,270972,66145,119894,10623,10297,21231,27797,24159,39832,31495,57645,44511,57683,51291,52869,115512,147934,57532,104084,1398930,756391,192063,94583,684535,3452,158,231,146
2021-04-28T23:59:59+02:00,51,59,30173,34043,66411,85658,77566,110653,102650,157267,171560,201905,240907,267897,212366,269286,65949,119568,10437,10136,20930,27442,23794,39362,31071,56984,43786,56857,49166,50247,112932,144698,57408,103872,1346274,746827,188697,90030,679169,2231,128,225,138
2021-04-27T23:59:59+02:00,48,58,29415,33358,64836,84194,75553,108843,99887,154870,166839,197181,232401,258089,211218,267671,65829,119345,10312,10025,20649,27153,23557,39032,30711,56485,43098,56168,47158,47703,110293,141263,57289,103672,1312232,737010,186391,86021,671180,1512,127,220,129
2021-04-26T23:59:59+02:00,47,58,28985,32973,63735,83308,74051,107677,97600,153156,158219,189177,228208,253244,210509,266674,65736,119146,10218,9935,20431,26965,23320,38818,30414,56143,42481,55596,45351,45555,108396,138783,57193,103518,1283275,729047,184946,82920,664454,1132,122,214,126
2021-04-25T23:59:59+02:00,47,57,28733,32733,62959,82783,72987,106940,95868,151928,152835,184309,223875,248362,209920,265893,65670,119023,10162,9901,20353,26887,23232,38736,30306,56016,42321,55437,44939,45058,107715,137878,57165,103447,1270503,727381,178810,81156,655782,1001,119,211,126
2021-04-24T23:59:59+02:00,47,56,28389,32306,62017,81559,71801,105492,94320,150268,147925,179160,221086,245027,209450,265219,65636,118973,10148,9882,20312,26845,23179,38669,30225,55930,42171,55301,44695,44750,107463,137581,57144,103419,1245621,726287,178780,80456,654498,958,118,210,124
2021-04-23T23:59:59+02:00,45,56,27643,31684,60450,80049,70009,103472,91732,147625,143140,174762,216534,239477,208795,264231,65573,118858,10095,9818,20202,26758,23048,38519,29992,55721,41808,54970,44080,43990,106402,136292,56988,103144,1220730,722933,177596,77978,645970,906,117,207,121
2021-04-22T23:59:59+02:00,43,55,27028,31083,58915,78614,67543,101259,87606,144133,135103,167273,207507,228482,206753,261603,65374,118462,9970,9722,19952,26461,22695,38086,29481,55209,41061,54336,42923,42676,104410,133840,56759,102747,1179216,715455,170145,74081,637633,785,117,202,117
2021-04-21T23:59:59+02:00,43,51,26532,30561,57583,77510,65661,99630,84563,141492,127920,160456,194428,213148,204605,258716,65148,118036,9839,9636,19720,26210,22407,37761,29125,54758,40509,53803,42076,41659,102215,131051,56504,102333,1127712,708898,167259,69990,631267,713,117,198,114
2021-04-20T23:59:59+02:00,42,50,26106,30091,56420,76364,63985,98049,82013,138920,122835,155392,182954,199692,202178,255580,64912,117607,9735,9546,19500,26022,22115,37491,28713,54343,39970,53271,41260,40727,99995,128064,56167,101796,1085082,701344,163772,66742,624489,633,115,195,107
2021-04-19T23:59:59+02:00,42,49,25740,29732,55446,75543,62698,96870,79884,136995,119311,152011,177201,192852,200468,253345,64727,117275,9627,9453,19269,25802,21871,37217,28398,53952,39457,52739,40463,39819,96888,124079,55762,101083,1060522,690963,161941,64324,617886,596,114,185,107
2021-04-18T23:59:59+02:00,41,44,25432,29470,54679,74998,61575,95923,78024,135568,115946,149618,172094,187296,199457,252115,64615,117082,9553,9378,19080,25626,21694,37052,28182,53676,39198,52489,40135,39436,95675,122531,55579,100782,1046533,687094,160273,62395,607325,581,114,182,106
2021-04-17T23:59:59+02:00,40,43,25324,29377,54308,74800,61059,95570,77371,134968,115097,148879,167838,182410,198923,251389,64581,117017,9508,9319,18942,25439,21507,36822,27954,53402,38934,52222,39836,39112,94909,121607,55514,100698,1035642,683079,160245,62081,603261,569,114,181,106
2021-04-16T23:59:59+02:00,40,43,24949,29127,53319,74191,59771,94692,75744,133639,110946,144737,160192,173640,197264,249185,64473,116808,9302,9144,18548,25006,20921,36248,26845,52497,36910,50623,36521,36167,91721,118081,55112,100043,1009725,667987,159452,55167,593737,539,113,178,105
2021-04-15T23:59:59+02:00,37,39,24474,28678,52069,73024,57808,92968,72468,130800,105488,139463,152335,164668,192611,243315,64176,116192,9128,8981,18179,24583,20429,35586,26167,51699,35519,49393,34411,34116,88603,114342,54604,99185,977544,654866,157400,49577,575819,489,112,176,101
2021-04-14T23:59:59+02:00,35,36,24135,28351,51133,72086,56465,91579,70081,128638,101490,135696,143140,154291,184870,233436,63834,115525,8720,8709,17704,24077,19894,34939,25257,50822,34229,48274,32366,31963,85624,110692,54112,98323,939667,639963,154731,45356,560573,394,111,171,100
2021-04-13T23:59:59+02:00,35,36,23896,28133,50436,71550,55520,90750,68446,127224,97765,132259,131320,141170,178478,225109,63496,114937,8485,8536,17358,23668,19470,34402,24591,50029,33161,47255,30983,30602,83468,108300,53754,97778,906424,630611,150214,40965,544071,272,111,169,99
2021-04-12T23:59:59+02:00,35,35,23687,27944,49882,71039,54654,90019,66975,125934,95134,129937,124209,133139,175254,221159,63225,114446,8248,8348,16993,23370,19098,33965,24120,49496,32494,46628,29456,29063,81804,106363,53427,97257,890012,622169,148669,37711,528177,258,109,165,97
2021-04-11T23:59:59+02:00,34,35,23512,27782,49354,70617,53923,89565,65832,125129,93276,128458,118721,127121,171336,216555,63055,114149,8113,8215,16697,23091,18780,33654,23762,49115,32049,46243,28821,28398,80787,105116,53218,96939,882537,616879,144259,35889,511817,244,104,159,94
2021-04-10T23:59:59+02:00,34,35,23451,27725,49187,70480,53723,89405,65502,124859,92753,128023,116637,124590,169895,214705,63013,114049,7525,7609,15807,22305,17822,32812,22642,48082,30937,45248,28160,27687,78698,102507,52951,96503,875537,601558,143403,35510,509288,240,98,159,94
2021-04-09T23:59:59+02:00,33,35,23202,27475,48685,69989,53084,88716,64504,123733,90929,126117,107806,113647,166514,210295,62814,113692,6565,6708,14277,20983,16102,31256,20499,46116,28726,43238,26384,25863,75193,98324,52406,95663,856103,574096,136347,33995,498989,227,87,154,91
2021-04-08T23:59:59+02:00,33,35,22905,27229,48109,69500,52329,88018,63195,122648,88510,123953,97494,101642,160968,203444,62484,113123,5921,6120,13089,19962,14843,29918,18861,44403,26236,40907,23364,22894,70535,92539,51254,93900,837408,542503,127453,32066,480936,198,78,152,89
2021-04-07T23:59:59+02:00,31,34,22593,27002,47301,69039,51399,87403,61807,121663,85366,121508,88305,91351,153964,194656,62190,112565,5541,5796,12429,19286,14027,29092,17822,43353,24332,39017,20832,20369,66573,87769,50259,92282,816998,519040,121851,29595,459512,170,71,145,85
2021-04-06T23:59:59+02:00,30,34,22384,26841,46770,68657,50808,86879,60776,120888,83256,119766,80548,82543,147597,186693,61845,111937,5346,5637,12077,18928,13674,28660,17287,42791,23475,38209,19706,19339,63416,83669,49338,90896,797717,505678,118640,26646,442084,159,65,139,82
2021-04-05T23:59:59+02:00,30,33,22285,26716,46458,68310,50419,86479,60229,120195,82076,118614,76067,77445,142594,180589,61644,111621,5206,5499,11816,18676,13380,28347,16964,42416,23030,37748,19244,18870,60531,80112,48638,89830,788271,496336,116887,23853,426837,155,61,135,82
2021-04-04T23:59:59+02:00,30,33,22236,26656,46337,68038,50248,86166,59948,119694,81566,117982,74624,75739,141890,179616,61607,111539,5201,5491,11798,18662,13368,28330,16945,42399,22933,37676,18838,18548,59093,78268,48432,89519,785730,491547,116779,23850,421638,148,56,133,79
2021-04-03T23:59:59+02:00,30,33,22174,26575,46214,67929,50084,85991,59632,119382,80998,117402,73278,74104,140773,178079,61524,111390,5192,5482,11785,18643,13345,28310,16912,42352,22827,37602,18703,18397,58743,77703,48343,89373,779363,489760,116737,23850,419690,147,55,132,79
2021-04-02T23:59:59+02:00,30,33,22096,26490,46053,67762,49866,85743,59162,118931,80119,116590,71723,72216,138493,175093,61327,111030,5172,5445,11737,18600,13290,28228,16823,42203,22555,37128,18347,18034,56407,74825,47531,88272,770236,481291,114961,23208,417761,147,51,130,77
2021-04-01T23:59:59+02:00,27,31,21901,26286,45636,67242,49219,85003,58288,117992,78239,114921,68457,68784,134397,169903,61001,110449,5025,5301,11464,18336,13066,27992,16502,41894,22050,36688,17524,17289,51558,68789,45853,85813,758545,463226,108860,21836,410575,135,46,127,76
2021-03-31T23:59:59+02:00,27,31,21573,26067,45234,66716,48722,84351,57558,117056,77080,113679,66409,66465,129635,163781,60598,109726,4947,5249,11366,18215,12905,27841,16263,41625,21462,36176,16397,16388,46336,62367,44468,83820,748777,444844,101690,20911,404449,132,41,125,71
2021-03-30T23:59:59+02:00,27,30,21396,25845,44833,66098,48216,83555,56847,116004,75942,112300,64566,64445,125253,158029,60130,108827,4880,5165,11262,18089,12712,27651,15935,41303,20888,35628,15565,15586,43578,58959,43356,82025,738588,432997,97463,19547,396511,105,34,119,70
2021-03-29T23:59:59+02:00,26,30,21198,25607,44371,65549,47740,82866,56113,114925,74708,110866,62076,61697,118513,149402,59360,107433,4782,5092,11157,17973,12559,27486,15690,40983,20430,35162,14917,15045,40986,55973,42249,80198,718053,421794,94041,18867,390606,90,32,118,69
2021-03-28T23:59:59+02:00,26,30,20992,25316,43871,64860,47224,82123,55434,113918,73764,109759,60818,60265,113808,143437,58917,106674,4727,5033,11012,17823,12301,27186,15498,40738,20263,34929,14677,14800,39910,54556,41899,79658,711522,417471,86734,17545,383200,69,32,115,63
2021-03-27T23:59:59+01:00,26,30,20872,25159,43579,64497,46860,81596,54933,113232,73088,109021,59663,59181,112321,141728,58850,106592,4714,5021,10985,17804,12283,27156,15137,40309,19863,34492,14386,14590,39424,53868,41426,78841,706247,413417,86030,16892,379169,65,32,114,63
2021-03-26T23:59:59+01:00,26,29,20621,24647,42773,62795,45890,79570,53598,110210,71072,105405,57651,57293,109567,138487,58522,106074,4695,4988,10962,17752,12213,27065,15059,40199,19522,33895,13916,13937,36351,50022,39369,75587,694835,398880,82711,16674,366899,53,29,114,63
2021-03-25T23:59:59+01:00,26,26,20189,23975,41898,61034,44795,77020,52086,106684,68684,101643,55053,54658,106254,134522,57952,105081,4649,4933,10871,17649,12092,26920,14878,39980,19247,33588,13446,13447,32506,44966,36371,71041,683408,380520,78516,16090,349873,48,26,111,63
2021-03-24T23:59:59+01:00,26,26,19785,23527,41115,59761,43775,75482,50706,104760,66582,99315,52271,51743,102002,129424,57311,104005,4594,4867,10778,17506,11925,26716,14648,39694,18880,33171,12991,12999,29940,41759,33258,66203,670604,364968,73640,15000,337591,41,21,109,62
2021-03-23T23:59:59+01:00,26,26,19538,23225,40555,58846,43050,74387,49668,103245,64919,97456,49978,49402,99250,126214,56754,103165,4535,4796,10679,17381,11779,26532,14404,39382,18469,32783,12497,12495,27506,38650,29568,60286,662466,347358,70297,14423,327161,40,20,107,62
2021-03-22T23:59:59+01:00,26,26,19316,22808,39912,57962,42383,73347,48723,101859,63445,95822,48152,47517,96855,123476,56282,102394,4478,4750,10591,17265,11648,26354,14246,39141,18228,32482,12184,12122,25668,36292,25580,53826,656157,331025,67494,13868,316873,35,20,104,61
2021-03-21T23:59:59+01:00,26,26,19177,22549,39420,57206,41833,72503,48070,100704,62501,94589,47108,46495,95212,121626,55910,101816,4462,4741,10555,17217,11601,26268,14186,39054,18147,32381,12064,11988,25238,35842,25227,53266,653578,328826,65466,13455,307944,34,18,102,57
2021-03-20T23:59:59+01:00,25,26,19119,22405,39208,56711,41593,71943,47759,100068,62059,93988,46454,45729,92614,118395,55621,101330,4453,4732,10546,17205,11573,26251,14144,39019,18068,32306,11910,11828,24597,35070,24463,52181,647107,325123,65018,13267,303136,34,18,102,57
2021-03-19T23:59:59+01:00,24,25,18763,21839,38076,54586,40312,69950,46023,97980,59178,91233,42017,41858,87395,112630,54918,100251,4431,4718,10513,17154,11508,26139,14052,38847,17833,32007,11560,11545,22927,33012,22779,49621,629352,315790,57807,12905,290113,29,17,98,57
2021-03-18T23:59:59+01:00,24,24,18369,21190,36900,52431,38774,67162,43868,93509,55334,85439,37990,38058,82664,107154,53830,98598,4411,4689,10447,17051,11430,25984,13907,38660,17620,31806,11326,11362,21682,31495,21063,47023,612433,307715,52063,12292,267031,27,16,97,55
2021-03-17T23:59:59+01:00,24,23,17943,20838,36175,51513,38008,66205,42788,92151,53544,83613,35315,35270,78647,102331,52887,97126,4388,4661,10385,16958,11356,25851,13795,38472,17424,31614,11088,11137,20433,30077,19471,44618,595763,300197,47659,11582,261182,24,16,94,55
2021-03-16T23:59:59+01:00,24,23,17584,20419,35428,50443,37195,65010,41690,90478,51705,81627,33116,33256,74615,97376,52007,95811,4338,4610,10312,16829,11264,25698,13695,38235,17292,31371,10914,10956,19154,28552,17988,42292,582502,292406,42974,11147,252531,24,12,93,54
2021-03-15T23:59:59+01:00,24,23,17304,20055,34718,49464,36403,63820,40785,88998,50443,80026,31393,31422,71329,93284,51312,94677,4316,4575,10246,16706,11198,25498,13578,37947,17144,31101,10749,10798,18423,27588,16730,40431,571374,286588,39647,10501,244664,24,2,91,54
2021-03-14T23:59:59+01:00,24,22,17035,19629,33863,48255,35503,62502,39727,87172,49188,78298,30227,30184,69336,90723,50868,94002,4292,4556,10201,16629,11142,25356,13518,37725,17054,30939,10677,10712,18243,27308,16468,39869,564258,285391,37769,9370,234737,15,0,87,54
2021-03-13T23:59:59+01:00,24,22,16218,18568,32363,46218,33928,60363,37685,84091,47053,75741,28878,28830,67319,88093,50599,93611,4292,4556,10199,16623,11139,25349,13509,37718,17047,30930,10642,10681,17495,26424,15423,38418,547897,281146,37485,9369,224411,15,0,87,54
2021-03-12T23:59:59+01:00,23,21,15119,17193,29923,43567,31262,57223,34820,79238,43839,71277,26040,25639,63014,82792,49615,92208,4279,4523,10180,16561,11121,25300,13465,37600,16957,30800,10367,10453,16606,25180,14352,36896,519859,275352,36175,9358,206957,12,0,85,53
2021-03-11T23:59:59+01:00,22,21,14076,15734,27670,40874,28939,54039,32230,74849,40083,66386,22639,22164,57009,75493,47698,89392,4238,4482,10100,16442,11008,25075,13348,37290,16791,30496,10066,10242,15975,24339,13685,35620,487858,271355,34585,7919,187036,9,0,82,49
2021-03-10T23:59:59+01:00,22,21,13481,15033,26262,39261,27284,52220,30666,72529,37564,63262,19888,19610,51098,68362,46146,87063,4204,4438,10001,16275,10889,24824,13200,36872,16592,30123,9824,10059,15232,23567,13025,34595,461442,266623,32540,7175,175950,7,0,79,47
2021-03-09T23:59:59+01:00,21,20,13199,14567,25137,38221,25867,51034,29602,70877,36187,61427,18704,18486,47592,63922,45025,85272,4179,4412,9916,16109,10785,24565,13047,36555,16416,29886,9700,9956,14568,22730,12527,33821,447842,262909,30007,6342,167458,7,0,79,45
2021-03-08T23:59:59+01:00,20,20,12867,13958,24057,37109,24599,49897,28669,69396,34955,59811,17634,17606,43473,58940,43798,83285,4164,4376,9854,15911,10682,24301,12914,36197,16287,29622,9616,9872,14073,22125,12213,33380,432395,259720,28008,5950,159835,2,0,78,44
2021-03-07T23:59:59+01:00,20,20,12633,13665,23465,36256,23901,49020,28067,68527,34345,59049,17370,17354,42403,57487,43432,82723,4152,4363,9832,15869,10655,24227,12884,36027,16230,29508,9594,9843,13875,21871,12079,33177,427624,258663,26192,5607,156065,0,0,74,44
2021-03-06T23:59:59+01:00,20,20,12520,13373,23063,35523,23367,48231,27018,66995,33245,57285,16982,17024,41757,56597,43132,82255,4149,4349,9821,15842,10637,24193,12874,35986,16212,29477,9576,9803,13829,21833,11976,32966,423554,258286,26128,5323,148866,0,0,74,42
2021-03-05T23:59:59+01:00,20,20,12107,12769,22380,34321,22683,47002,26262,65368,32010,54866,16334,16190,38296,52290,40976,78811,4122,4302,9751,15742,10587,24045,12806,35791,16125,29272,9482,9733,13644,21620,11604,32355,408356,256595,24675,4473,139808,0,0,74,40
2021-03-04T23:59:59+01:00,18,20,11348,11758,21193,32595,21469,44951,24906,62717,30317,52512,15605,15470,34296,47130,37908,74132,4073,4211,9637,15450,10484,23686,12673,35259,15983,28871,9304,9580,13486,21410,11519,32209,389940,253542,22600,4380,125936,0,0,74,37
2021-03-03T23:59:59+01:00,16,20,11038,11264,20505,31376,20695,43590,23998,60967,29272,50870,15126,14969,31685,43810,34822,69364,4032,4148,9556,15280,10405,23434,12567,34837,15804,28524,9119,9454,13360,21193,11373,31939,374498,250899,21804,4214,117216,0,0,70,34
2021-03-02T23:59:59+01:00,16,20,10777,10836,19860,30406,19982,42572,23213,59580,28299,49593,14501,14322,29011,40443,30936,63149,3984,4076,9494,15114,10336,23168,12462,34404,15703,28215,8994,9351,13221,21004,11297,31794,356315,248490,20296,4213,111030,0,0,69,34
2021-03-01T23:59:59+01:00,14,19,10605,10577,19347,29602,19419,41688,22625,58508,27585,48470,14084,13869,26949,37863,26671,56259,3968,4026,9439,14959,10272,22870,12381,34028,15598,27893,8910,9289,13040,20734,11181,31611,339098,246071,19181,4213,105995,0,0,69,34
2021-02-28T23:59:59+01:00,13,19,10436,10375,18879,28953,18882,40949,22144,57655,27095,47676,13877,13626,26342,37202,26266,55656,3952,4012,9413,14926,10253,22819,12365,33958,15571,27847,8883,9265,12909,20555,11118,31462,336629,245217,18323,4177,101210,0,0,69,33
2021-02-27T23:59:59+01:00,13,18,10257,9860,18551,28088,18624,40164,21861,56671,26770,46887,13606,13325,25675,36405,25346,54241,3940,4000,9391,14905,10221,22771,12326,33876,15525,27773,8862,9250,12889,20532,11096,31442,332740,244857,17601,4028,96135,0,0,69,33
2021-02-26T23:59:59+01:00,12,17,9462,9078,17653,26649,17843,37961,20933,53825,25310,44070,13142,12924,24089,34418,23820,51937,3859,3932,9313,14744,10147,22518,12246,33510,15410,27481,8783,9170,12823,20465,11057,31372,323622,242962,17348,3955,82281,0,0,69,31
2021-02-25T23:59:59+01:00,12,17,8307,8226,16336,25041,16578,35708,19699,50938,23603,41288,12667,12524,22813,32829,22321,49655,3735,3787,9147,14428,9927,21913,11992,32656,15085,26827,8587,9019,12560,20140,10917,31103,316009,238814,16575,3097,66082,0,0,66,30
2021-02-24T23:59:59+01:00,11,16,7942,7701,15683,24010,15952,34473,18987,49426,22815,40090,12274,12189,21512,31335,20642,47029,3663,3719,9006,14137,9751,21458,11788,32030,14823,26294,8446,8881,12418,19967,10852,30892,307788,236045,15608,2166,58792,0,0,66,29
2021-02-23T23:59:59+01:00,11,16,7459,7222,14868,22835,15266,33253,18267,48019,22098,39021,11963,11865,20172,29764,19029,44476,3622,3643,8886,13935,9612,21060,11599,31450,14525,25792,8278,8738,12291,19756,10780,30655,299677,233208,14808,1501,51216,0,0,65,27
2021-02-22T23:59:59+01:00,10,14,7352,7016,14486,22218,14915,32528,17802,47011,21602,38287,11761,11614,19423,28753,17713,42523,3593,3541,8749,13644,9449,20558,11344,30705,14156,25194,8031,8544,12092,19503,10674,30348,293800,229895,14198,315,47125,0,0,63,27
2021-02-21T23:59:59+01:00,10,14,7262,6890,14164,21772,14496,31946,17386,46360,21164,37793,11655,11512,19261,28539,17465,42189,3554,3501,8665,13520,9372,20342,11272,30413,14035,24926,7972,8482,12036,19394,10603,30184,292654,228055,13828,299,43490,0,0,61,27
2021-02-20T23:59:59+01:00,10,14,7145,6840,14039,21692,14380,31811,17267,46209,21005,37610,11556,11428,18480,27621,16407,40719,3551,3495,8655,13512,9362,20321,11258,30388,14021,24915,7967,8473,11972,19330,10549,30116,288394,227672,13631,298,42299,0,0,61,25
2021-02-19T23:59:59+01:00,8,13,6843,6589,13687,21254,14009,31144,16794,45413,20300,36742,10953,11026,17433,26293,15250,39111,3471,3472,8579,13484,9319,20264,11220,30295,13963,24821,7925,8413,11752,19058,10356,29786,282015,225968,13255,297,37681,0,0,58,23
2021-02-18T23:59:59+01:00,8,13,6446,6115,13060,20110,13370,29773,15978,43545,19426,35164,10724,10809,16841,25542,14673,38224,3286,3335,8245,12945,9025,19514,10870,29254,13595,23992,7721,8105,11166,18107,9859,28633,278435,217442,12674,297,28799,0,0,57,22
2021-02-17T23:59:59+01:00,8,12,6280,5773,12615,19230,12880,28583,15277,41825,18779,33839,10493,10556,16085,24729,13896,37037,3036,3175,7905,12429,8725,18724,10503,28207,13208,23140,7488,7870,10611,17256,9424,27818,273768,209308,11942,293,22270,0,0,55,22
2021-02-16T23:59:59+01:00,8,12,5954,5471,12079,18398,12379,27513,14733,40452,18186,32805,10339,10453,15417,23902,13388,36251,2854,3055,7602,11976,8418,18000,10107,27116,12750,22243,7219,7577,9901,16085,8699,26267,270241,199813,11446,137,16136,0,0,53,22
2021-02-15T23:59:59+01:00,8,12,5848,5290,11783,17754,12112,26730,14386,39459,17840,32038,10212,10342,14859,23250,13029,35715,2765,2974,7409,11654,8200,17493,9804,26270,12400,21561,6951,7293,9208,15029,8188,24987,267150,192177,10844,91,12759,0,0,50,21
2021-02-14T23:59:59+01:00,8,12,5580,5175,11534,17484,11888,26296,14154,39012,17649,31761,10167,10292,14625,22911,12865,35322,2715,2936,7295,11487,8072,17287,9628,25938,12221,21259,6856,7169,8986,14646,8001,24451,266149,188939,9910,89,10762,0,0,49,21
2021-02-13T23:59:59+01:00,8,12,5520,5137,11484,17447,11857,26264,14126,38980,17629,31742,10153,10264,14598,22878,12851,35304,2711,2933,7290,11480,8060,17265,9611,25903,12194,21216,6825,7135,8831,14434,7649,23822,265904,187432,9906,8,10531,0,0,48,20
2021-02-12T23:59:59+01:00,8,11,5003,4819,10915,17084,11540,25713,13808,38337,17298,31102,10043,10157,14417,22664,12770,35195,2660,2900,7195,11322,7960,17034,9464,25512,11981,20769,6642,6900,8468,13874,7056,22484,264214,182296,9895,6,6861,0,0,47,20
2021-02-11T23:59:59+01:00,8,11,4541,4518,10329,16403,11127,24905,13331,37077,16810,30244,9728,9896,14135,22216,12489,34509,2491,2626,6595,10130,7273,15299,8602,22892,10927,18684,5989,6190,7421,12262,6243,20170,260983,163869,8253,3,3127,0,0,45,15
2021-02-10T23:59:59+01:00,8,11,4294,4350,9994,15955,10819,24368,13020,36194,16396,29495,9510,9760,13953,22011,12397,34303,2128,2334,5658,8664,6467,13258,7616,19985,9800,16642,5445,5603,6434,10602,5471,18120,258332,144304,7753,2,838,0,0,42,3
2021-02-09T23:59:59+01:00,8,10,4230,4251,9870,15688,10710,23965,12846,35574,16184,29022,9331,9619,13758,21798,12255,34079,1732,1981,4875,7393,5693,11465,6698,17470,8717,14645,4869,4973,5385,9043,4740,16009,255875,125758,6974,1,434,0,0,41,3
2021-02-08T23:59:59+01:00,8,10,4196,4196,9776,15477,10601,23603,12727,35112,16039,28663,9237,9552,13556,21514,12146,33882,1567,1786,4315,6397,5029,9892,5880,14941,7701,12789,4316,4445,4410,7453,3979,13925,253492,108889,6459,1,428,0,0,39,3
2021-02-07T23:59:59+01:00,8,10,4031,4129,9619,15342,10499,23438,12647,34850,15927,28470,9196,9506,13410,21331,12072,33738,1352,1541,3896,5723,4615,9013,5455,13779,7216,11829,4063,4187,4181,7058,3819,13330,252395,101119,5914,1,0,0,0,35,2
2021-02-06T23:59:59+01:00,8,10,4022,4120,9608,15326,10486,23403,12625,34800,15909,28413,9177,9493,13392,21296,11966,33540,1200,1346,3663,5418,4431,8588,5238,13196,6937,11275,3929,4055,4055,6909,3541,12873,252052,96714,5628,1,0,0,0,35,1
2021-02-05T23:59:59+01:00,8,9,3949,4052,9536,15183,10420,23153,12540,34432,15795,28130,9093,9420,13320,21225,11617,32944,1059,1116,3382,4973,4172,8006,4923,12418,6555,10547,3674,3811,3897,6677,3034,11983,250174,90283,4736,0,0,0,0,35,1
2021-02-04T23:59:59+01:00,8,9,3891,3927,9415,14866,10243,22605,12353,33635,15578,27568,8971,9309,13095,20932,11502,32738,797,784,2557,3722,3238,6265,3972,9879,5236,8333,3002,3100,3283,5696,2647,10495,246219,73049,4511,0,0,0,0,33,1
2021-02-03T23:59:59+01:00,8,9,3822,3855,9312,14644,10139,22267,12220,33124,15428,27150,8862,9195,12957,20759,11425,32570,662,616,1930,2807,2504,4837,3002,7587,4011,6282,2189,2228,2392,4212,1917,7851,243493,55060,4339,0,0,0,0,32,1
2021-02-02T23:59:59+01:00,8,9,3754,3759,9213,14450,10041,21889,12079,32559,15226,26698,8736,9079,12835,20547,11341,32302,526,486,1462,2076,1913,3638,2258,5771,2993,4699,1549,1531,1630,2776,1334,5215,240274,39879,4337,0,0,0,0,30,1
2021-02-01T23:59:59+01:00,7,9,3714,3669,9135,14219,9935,21504,11942,31922,15043,26195,8617,8932,12726,20404,11292,32124,391,352,1019,1432,1262,2425,1471,3783,1862,2976,981,976,963,1692,763,3017,237138,25376,4337,0,0,0,0,29,1
2021-01-31T23:59:59+01:00,7,9,3696,3633,9081,14110,9866,21299,11874,31625,14940,25999,8562,8873,12674,20293,11247,31995,361,331,897,1242,1072,2052,1270,3230,1629,2607,883,885,862,1508,692,2710,235646,22240,4222,0,0,0,0,28,1
2021-01-30T23:59:59+01:00,7,9,3695,3630,9071,14097,9853,21276,11861,31605,14928,25985,8558,8868,12605,20224,11181,31917,345,307,837,1158,1015,1928,1206,3040,1554,2469,855,859,843,1468,677,2657,235326,21226,4129,0,0,0,0,28,1
2021-01-29T23:59:59+01:00,7,9,3635,3615,9011,14068,9824,21224,11828,31530,14880,25918,8534,8845,12420,20000,11001,31674,278,224,716,984,871,1568,1052,2651,1343,2145,766,768,795,1414,659,2604,234108,18844,4000,0,0,0,0,27,1
2021-01-28T23:59:59+01:00,7,8,3517,3528,8807,13680,9605,20711,11596,30948,14553,25423,8398,8743,11988,19381,10645,31094,131,57,297,361,378,610,462,1149,612,959,402,423,464,813,376,1571,229320,9069,3399,0,0,0,0,25,0
2021-01-27T23:59:59+01:00,7,8,3285,3393,8515,13262,9305,20088,11212,30114,14166,24685,8181,8531,11437,18578,10222,30331,80,33,204,223,245,413,306,801,433,657,305,307,343,605,281,1149,222613,6388,2788,0,0,0,0,25,0
2021-01-26T23:59:59+01:00,6,8,3121,3295,8233,12924,9042,19519,10908,29358,13770,24049,7943,8309,10861,17665,9576,29182,75,29,189,213,229,380,290,748,402,597,291,281,316,542,254,1019,215902,5858,1947,0,0,0,0,25,0
2021-01-25T23:59:59+01:00,6,8,3032,3201,7950,12443,8752,18816,10522,28358,13292,23286,7664,8108,10247,16847,9120,28281,67,21,168,191,195,321,251,627,351,494,254,236,262,464,205,832,209605,4942,409,0,0,0,0,22,0
2021-01-24T23:59:59+01:00,6,8,2988,3180,7865,12363,8678,18691,10413,28198,13163,23103,7620,8072,10181,16734,9072,28185,66,20,164,187,193,308,248,605,342,480,245,232,260,457,201,817,208295,4828,305,0,0,0,0,22,0
2021-01-23T23:59:59+01:00,6,8,2987,3179,7864,12360,8674,18681,10411,28184,13157,23098,7613,8069,10058,16567,8744,27599,65,20,164,187,192,307,246,605,340,480,245,232,260,457,201,815,207037,4819,303,0,0,0,0,21,0
2021-01-22T23:59:59+01:00,6,8,2924,3133,7740,12246,8591,18539,10301,28011,13076,22984,7582,8034,9860,16265,8226,26576,65,20,163,187,192,307,246,605,339,480,245,232,260,457,201,815,203885,4817,302,0,0,0,0,17,0
2021-01-21T23:59:59+01:00,6,8,2842,2963,7241,11333,8108,17393,9764,26386,12471,21769,7300,7711,9228,15327,7712,25534,59,18,147,173,175,276,220,530,302,440,221,207,233,380,176,693,192876,4253,302,0,0,0,0,15,0
2021-01-20T23:59:59+01:00,6,8,2481,2617,6358,9920,7361,15438,8812,23560,11364,19698,6700,7063,8137,13560,6897,23309,57,18,146,168,172,274,211,516,290,418,209,200,227,355,162,655,173062,4081,298,0,0,0,0,15,0
2021-01-19T23:59:59+01:00,6,8,2042,2262,5457,8530,6500,13547,7795,20780,10096,17462,5950,6185,6760,11384,5878,20276,41,12,97,124,118,168,148,353,191,290,133,114,141,238,114,489,150762,2772,217,0,0,0,0,15,0
2021-01-18T23:59:59+01:00,5,8,1770,1974,4699,7146,5547,11318,6598,17186,8674,14746,5071,5309,5387,9136,4811,16813,22,7,39,46,53,78,65,162,76,146,59,53,66,131,62,221,126161,1287,93,0,0,0,0,15,0
2021-01-17T23:59:59+01:00,4,8,1496,1684,4186,6352,5039,10187,6062,15619,8035,13486,4734,4962,5012,8463,4483,15808,8,2,9,15,16,28,20,50,29,57,24,23,20,31,13,47,115582,392,88,0,0,0,0,14,0
2021-01-16T23:59:59+01:00,4,7,1330,1481,3970,6031,4859,9749,5803,14955,7706,12793,4544,4735,4799,8187,4131,15205,0,0,0,1,1,2,1,1,1,2,0,1,1,0,0,1,110329,12,8,0,0,0,0,13,0
2021-01-15T23:59:59+01:00,4,7,1180,1255,3716,5610,4604,9184,5514,14117,7301,11993,4253,4441,4612,7879,3595,14160,0,0,0,0,0,0,0,0,0,0,0,0,0,0,0,0,103465,0,4,0,0,0,0,13,0
2021-01-14T23:59:59+01:00,3,4,906,944,2971,4424,3739,7370,4571,11373,5908,9649,3458,3573,3875,6652,3112,12363,0,0,0,0,0,0,0,0,0,0,0,0,0,0,0,0,84928,0,0,0,0,0,0,13,0
2021-01-13T23:59:59+01:00,3,3,771,791,2498,3692,3155,6147,3800,9432,4815,7771,2588,2658,2921,5070,2384,9446,0,0,0,0,0,0,0,0,0,0,0,0,0,0,0,0,67972,0,0,0,0,0,0,12,0
2021-01-12T23:59:59+01:00,2,3,639,659,2090,3028,2599,4997,3043,7592,3795,6105,1857,1841,1996,3435,1689,6445,0,0,0,0,0,0,0,0,0,0,0,0,0,0,0,0,51848,0,0,0,0,0,0,0,0
2021-01-11T23:59:59+01:00,1,1,495,524,1742,2451,2084,3996,2356,5771,2821,4430,1195,1137,1197,2025,933,3676,0,0,0,0,0,0,0,0,0,0,0,0,0,0,0,0,36859,0,0,0,0,0,0,0,0
2021-01-10T23:59:59+01:00,1,1,438,455,1481,2025,1745,3273,1949,4786,2344,3712,1054,1011,1053,1777,832,3223,0,0,0,0,0,0,0,0,0,0,0,0,0,0,0,0,31175,0,0,0,0,0,0,0,0
2021-01-09T23:59:59+01:00,1,1,407,410,1357,1848,1599,2983,1796,4338,2159,3381,982,942,998,1724,814,3180,0,0,0,0,0,0,0,0,0,0,0,0,0,0,0,0,28933,0,0,0,0,0,0,0,0
2021-01-08T23:59:59+01:00,1,1,310,281,1107,1502,1320,2311,1475,3558,1788,2764,848,834,910,1600,766,3025,0,0,0,0,0,0,0,0,0,0,0,0,0,0,0,0,24411,0,0,0,0,0,0,0,0
2021-01-07T23:59:59+01:00,1,0,145,76,400,507,484,794,595,1371,781,1202,467,482,561,964,465,1911,0,0,0,0,0,0,0,0,0,0,0,0,0,0,0,0,11209,0,0,0,0,0,0,0,0
2021-01-06T23:59:59+01:00,1,0,111,44,270,286,311,517,399,929,531,824,360,360,424,748,358,1444,0,0,0,0,0,0,0,0,0,0,0,0,0,0,0,0,7920,0,0,0,0,0,0,0,0
2021-01-05T23:59:59+01:00,1,0,87,31,191,231,245,429,321,820,448,702,344,346,407,716,351,1390,0,0,0,0,0,0,0,0,0,0,0,0,0,0,0,0,7063,0,0,0,0,0,0,0,0
2021-01-04T23:59:59+01:00,1,0,69,25,174,193,203,335,258,638,354,511,269,253,288,518,234,933,0,0,0,0,0,0,0,0,0,0,0,0,0,0,0,0,5258,0,0,0,0,0,0,0,0
2021-01-03T23:59:59+01:00,1,0,67,21,167,188,198,320,256,621,345,494,261,251,284,505,232,916,0,0,0,0,0,0,0,0,0,0,0,0,0,0,0,0,5129,0,0,0,0,0,0,0,0
2021-01-02T23:59:59+01:00,1,0,67,21,167,188,198,320,253,621,342,494,261,251,284,505,232,915,0,0,0,0,0,0,0,0,0,0,0,0,0,0,0,0,5122,0,0,0,0,0,0,0,0
2021-01-01T23:59:59+01:00,1,0,66,21,166,188,198,319,252,621,339,492,261,251,284,504,232,915,0,0,0,0,0,0,0,0,0,0,0,0,0,0,0,0,5112,0,0,0,0,0,0,0,0
2020-12-31T23:59:59+01:00,1,0,66,21,165,186,198,318,251,620,338,491,261,251,284,504,232,915,0,0,0,0,0,0,0,0,0,0,0,0,0,0,0,0,5104,0,0,0,0,0,0,0,0
2020-12-30T23:59:59+01:00,1,0,65,21,165,185,196,315,250,618,338,489,261,251,284,504,231,915,0,0,0,0,0,0,0,0,0,0,0,0,0,0,0,0,5091,0,0,0,0,0,0,0,0
2020-12-29T23:59:59+01:00,1,0,46,13,117,140,147,212,182,444,238,375,179,163,196,375,170,713,0,0,0,0,0,0,0,0,0,0,0,0,0,0,0,0,3712,0,0,0,0,0,0,0,0
2020-12-28T23:59:59+01:00,1,0,25,9,65,77,82,122,101,253,118,232,98,93,104,200,102,388,0,0,0,0,0,0,0,0,0,0,0,0,0,0,0,0,2071,0,0,0,0,0,0,0,0
2020-12-27T23:59:59+01:00,0,0,12,3,18,26,37,47,36,89,37,95,33,29,41,73,31,145,0,0,0,0,0,0,0,0,0,0,0,0,0,0,0,0,752,0,0,0,0,0,0,0,0
