Datum,<15_1_m,<15_1_w,15-24_1_m,15-24_1_w,25-34_1_m,25-34_1_w,35-44_1_m,35-44_1_w,45-54_1_m,45-54_1_w,55-64_1_m,55-64_1_w,65-74_1_m,65-74_1_w,75-84_1_m,75-84_1_w,>84_1_m,>84_1_w,<15_2_m,<15_2_w,15-24_2_m,15-24_2_w,25-34_2_m,25-34_2_w,35-44_2_m,35-44_2_w,45-54_2_m,45-54_2_w,55-64_2_m,55-64_2_w,65-74_2_m,65-74_2_w,75-84_2_m,75-84_2_w,>84_2_m,>84_2_w,bp_1,bp_2,mo_1,mo_2,az_1,az_2,ja,unb_1,unb_2
2021-12-05T23:59:59+01:00,98198,92113,360026,337481,465918,428492,465137,451649,516445,520942,552311,550200,365450,408923,252277,324992,74481,137538,52375,49640,314733,298778,421644,384229,428187,414227,483874,487063,526817,524026,353975,394992,245571,315014,71568,131153,4708785,4271192,545216,520296,810451,767306,339830,919,970
2021-12-04T23:59:59+01:00,96948,91045,359847,337321,465757,428306,465014,451535,516334,520846,552221,550123,365409,408874,252269,324974,74472,137521,52150,49453,313979,298161,420886,383575,427627,413779,483438,486697,526546,523778,353922,394921,245540,314966,71563,131141,4705098,4265574,545170,520195,810451,767305,339806,919,970
2021-12-03T23:59:59+01:00,93486,87853,359351,336880,465380,427810,464677,451132,516055,520510,551978,549821,365273,408706,252212,324865,74442,137477,51538,48889,312243,296693,419353,382211,426425,412686,482417,485797,525791,523172,353763,394743,245473,314851,71548,131116,4694474,4252535,544915,519857,810451,767298,339777,919,970
2021-12-02T23:59:59+01:00,90246,84837,358634,336220,464660,426948,464084,450425,515574,519935,551552,549247,365033,408384,252056,324616,74385,137331,50624,47971,310128,294823,417347,380296,424602,411053,480871,484436,524778,522185,353446,394346,245297,314589,71493,131019,4681304,4233836,544419,519230,810450,767297,339701,919,968
2021-12-01T23:59:59+01:00,88232,82987,358112,335688,464108,426172,463568,449826,515123,519427,551123,548747,364770,407999,251926,324374,74341,137197,50011,47415,308540,293505,415689,378702,423222,409835,479703,483410,523911,521354,353120,393943,245141,314354,71461,130918,4671238,4219254,544101,518809,810448,767293,339642,916,963
2021-11-30T23:59:59+01:00,85597,80578,357487,335123,463372,425296,462978,449122,514635,518905,550628,548171,364442,407613,251768,324110,74268,137027,49539,46954,307195,292361,414201,377344,422087,408746,478655,482488,523135,520619,352809,393609,244994,314156,71432,130838,4659185,4206580,543616,518474,810445,767291,339581,916,963
2021-11-29T23:59:59+01:00,82656,77896,356930,334658,462750,424578,462477,448549,514243,518405,550247,547721,364194,407278,251671,323890,74211,136883,49159,46547,305873,291284,412711,376094,420898,407798,477662,481611,522394,519932,352540,393320,244858,313938,71409,130760,4647717,4194658,543260,518097,810439,767271,339526,916,963
2021-11-28T23:59:59+01:00,80562,76023,356480,334238,462223,423976,462084,448085,513872,518000,549918,547359,364030,407050,251585,323721,74174,136797,48902,46290,305076,290613,411693,375315,420105,407190,477037,481059,521943,519509,352377,393112,244766,313820,71386,130711,4639032,4187112,542936,517830,810430,767245,339482,916,961
2021-11-27T23:59:59+01:00,78529,74161,356168,333995,461896,423648,461797,447825,513646,517803,549766,547204,363972,406961,251561,323680,74159,136782,48742,46138,304517,290141,411063,374845,419603,406845,476606,480747,521682,519302,352320,393048,244739,313791,71378,130705,4632657,4182643,542728,517648,810429,767244,339441,916,961
2021-11-26T23:59:59+01:00,75014,70868,355468,333371,461279,422951,461323,447262,513164,517364,549414,546826,363829,406758,251494,323556,74142,136722,48364,45788,303475,289288,409961,374082,418674,406078,475822,480118,521207,518884,352202,392903,244683,313717,71361,130689,4620210,4174116,542493,517332,810423,767231,339381,916,961
2021-11-25T23:59:59+01:00,71158,67483,354427,332352,460221,421620,460426,446226,512335,516443,548739,546058,363461,406333,251321,323283,74087,136604,47763,45197,301888,287912,408236,372590,417311,404825,474572,478992,520405,518157,351983,392631,244582,313553,71331,130621,4602654,4159992,541939,516822,810412,767229,339266,916,961
2021-11-24T23:59:59+01:00,69448,65749,353581,331612,459389,420639,459640,445380,511666,515726,548113,545392,363171,405865,251178,322961,74021,136440,47443,44881,300896,287017,406955,371496,416305,403966,473684,478201,519702,517543,351768,392329,244461,313370,71297,130546,4590497,4149727,541592,516505,810405,767217,339171,915,961
2021-11-23T23:59:59+01:00,67653,64171,352681,330807,458503,419548,458795,444504,510909,514935,547482,544713,362843,405406,250976,322640,73947,136291,47148,44618,300013,286313,405809,370591,415413,403228,472863,477493,519112,517014,351549,392046,244337,313171,71254,130455,4577892,4140709,541130,516201,810403,767207,339071,915,958
2021-11-22T23:59:59+01:00,66228,62870,351754,330033,457511,418525,457910,443676,510244,514163,546883,544064,362527,404977,250822,322364,73891,136141,46915,44368,299102,285619,404682,369760,414509,402554,472154,476834,518562,516592,351351,391795,244233,313025,71227,130384,4566157,4132285,540776,516005,810400,767195,338942,914,956
2021-11-21T23:59:59+01:00,65150,61802,350969,329378,456600,417639,457148,443042,509638,513563,546396,543551,362297,404646,250715,322196,73852,136044,46788,44245,298580,285235,404037,369303,413973,402117,471729,476460,518248,516311,351208,391637,244169,312914,71210,130346,4556658,4127447,540461,515818,810379,767186,338819,914,956
2021-11-20T23:59:59+01:00,64460,61168,350246,328844,455857,416943,456450,442523,509172,513134,546077,543203,362176,404495,250669,322122,73840,136017,46726,44165,298260,284979,403604,369028,413618,401865,471421,476216,518061,516171,351160,391567,244147,312886,71205,130343,4549783,4124573,540191,515688,810375,767182,338738,914,956
2021-11-19T23:59:59+01:00,63191,59891,348724,327478,454522,415618,455298,441407,508250,512199,545446,542539,361938,404208,250579,321996,73815,135960,46472,43916,297330,284334,402668,368313,412819,401243,470713,475670,517592,515839,351043,391416,244090,312814,71192,130323,4535994,4117359,539788,515420,810371,767173,338594,914,956
2021-11-18T23:59:59+01:00,61528,58285,346694,325627,452628,413488,453667,439713,506915,510866,544548,541555,361518,403693,250413,321701,73780,135826,45971,43428,295974,283164,401281,367181,411642,400236,469746,474776,516809,515259,350800,391114,243958,312623,71149,130247,4516181,4105585,539268,515054,810364,767161,338317,913,956
2021-11-17T23:59:59+01:00,60489,57260,344960,324166,450950,411722,452271,438339,505736,509787,543704,540622,361142,403236,250261,321426,73722,135684,45676,43130,295077,282381,400235,366285,410823,399480,468977,474094,516204,514743,350562,390812,243845,312438,71123,130163,4499878,4096806,538834,514756,810353,767150,338094,913,956
2021-11-16T23:59:59+01:00,59558,56405,343047,322623,448999,409902,450731,436874,504500,508612,542813,539722,360766,402776,250078,321117,73658,135549,45402,42875,294243,281687,399355,365486,410095,398846,468370,473496,515689,514289,350338,390560,243692,312257,71091,130081,4482917,4089143,538341,514515,810347,767146,337806,913,955
2021-11-15T23:59:59+01:00,58721,55621,340875,320883,446815,407957,449101,435379,503219,507379,541908,538840,360407,402387,249919,320884,73620,135448,45190,42698,293478,281104,398560,364844,409441,398281,467862,472997,515296,513922,350148,390338,243594,312099,71055,129987,4465231,4082727,537998,514304,810329,767138,337483,913,954
2021-11-14T23:59:59+01:00,57818,54740,339041,319505,445020,406328,447742,434199,502147,506366,541155,538171,360149,402090,249815,320732,73592,135378,44981,42490,292818,280574,397865,364232,408899,397787,467392,472571,514964,513584,349951,390184,243518,311998,71035,129955,4450537,4077089,537639,514156,810304,767127,337185,913,950
2021-11-13T23:59:59+01:00,57290,54247,337502,318209,443554,405090,446595,433236,501258,505623,540614,537737,360035,401953,249764,320665,73576,135361,44884,42408,292481,280282,397544,363950,408640,397548,467138,472360,514805,513442,349897,390125,243492,311961,71030,129944,4439245,4074502,537451,514070,810293,767122,336996,913,950
2021-11-12T23:59:59+01:00,56460,53422,334874,316089,441343,403256,444850,431664,499913,504337,539711,536987,359847,401702,249667,320519,73551,135330,44686,42191,291708,279671,396818,363364,408016,397051,466614,471913,514436,513156,349787,389988,243452,311899,71014,129921,4421163,4068748,537047,513888,810287,767109,336698,913,950
2021-11-11T23:59:59+01:00,55273,52210,331374,313327,438255,400438,442303,429407,497969,502524,538445,535839,359445,401208,249506,320262,73502,135232,44229,41737,290637,278759,395881,362407,407173,396234,465920,471188,513880,512661,349569,389750,243337,311740,70979,129842,4395546,4059965,536274,513528,810269,767091,336098,913,948
2021-11-10T23:59:59+01:00,54481,51544,328618,311134,435452,398021,440187,427562,496298,500979,537322,534772,359074,400762,249344,320003,73459,135131,43969,41453,289819,278003,395031,361610,406490,395557,465314,470588,513400,512215,349321,389489,243197,311571,70946,129773,4374281,4052640,535776,513298,810242,767063,335503,913,948
2021-11-09T23:59:59+01:00,53850,50897,326338,309295,433148,396149,438536,426048,494883,499697,536338,533882,358754,400419,249202,319800,73426,135034,43688,41193,289130,277428,394375,360984,405963,395013,464865,470056,512959,511778,349114,389244,243084,311412,70909,129691,4356888,4046766,535269,512875,810214,767024,334978,913,947
2021-11-08T23:59:59+01:00,53138,50210,323232,306896,430170,393728,436287,424207,493120,498174,535192,532827,358343,400019,249051,319577,73394,134950,43483,41000,288440,276793,393658,360332,405472,394482,464407,469557,512587,511386,348911,389013,243008,311278,70881,129627,4335100,4041287,534702,512594,810182,767008,334181,913,947
2021-11-07T23:59:59+01:00,52736,49827,321625,305699,428462,392270,434900,423125,492072,497343,534560,532248,358144,399782,248956,319479,73375,134901,43324,40836,287952,276373,393142,359824,405050,394098,464089,469193,512330,511140,348798,388878,242930,311190,70869,129589,4322986,4037314,534302,512366,810161,766978,333702,913,947
2021-11-06T23:59:59+01:00,52429,49536,320781,304896,427494,391500,434183,422555,491461,496855,534228,531962,358084,399711,248921,319447,73369,134892,43272,40794,287762,276206,392923,359654,404916,393973,463977,469077,512254,511074,348769,388848,242917,311174,70865,129583,4316077,4035958,534186,512332,810157,766976,333527,913,947
2021-11-05T23:59:59+01:00,51809,48915,319056,303437,425800,389917,432707,421325,490318,495831,533548,531410,357970,399552,248881,319375,73362,134872,43044,40573,287201,275779,392470,359220,404538,393621,463649,468754,512035,510883,348698,388763,242881,311125,70858,129567,4302936,4032334,533670,512144,810147,766965,332970,913,947
2021-11-04T23:59:59+01:00,51094,48219,316794,301453,423293,387824,430746,419683,488660,494462,532611,530695,357760,399302,248793,319240,73335,134810,42635,40126,286235,274897,391563,358281,403756,392857,463011,468118,511506,510419,348517,388565,242778,310952,70815,129499,4285554,4024878,533110,511865,810133,766935,331606,912,946
2021-11-03T23:59:59+01:00,50708,47835,315405,300309,421568,386524,429457,418676,487646,493619,531958,530178,357601,399129,248722,319137,73312,134761,42334,39837,285442,274225,390799,357559,403184,392311,462509,467666,511127,510085,348355,388355,242670,310801,70780,129415,4274161,4018513,532827,511713,810126,766924,331058,911,946
2021-11-02T23:59:59+01:00,50381,47511,314057,299335,419880,385309,428162,417796,486573,492894,531340,529681,357455,398942,248649,319037,73293,134696,41959,39494,284604,273529,390021,356850,402565,391755,462013,467182,510746,509693,348169,388147,242580,310656,70750,129325,4263576,4011973,532521,511522,810119,766908,330388,911,945
2021-11-01T23:59:59+01:00,49976,47131,312553,298207,418198,384177,426809,416895,485533,492160,530796,529296,357328,398811,248599,318976,73280,134661,41707,39212,283926,272917,389336,356300,402000,391302,461554,466807,510433,509428,348052,388026,242521,310542,70730,129264,4253231,4007195,532260,511301,810086,766894,329420,910,944
2021-10-31T23:59:59+01:00,49918,47096,312355,298088,417967,384051,426595,416757,485403,492071,530730,529247,357314,398799,248596,318970,73280,134659,41650,39165,283806,272849,389231,356220,401908,391243,461497,466770,510399,509403,348041,388017,242518,310537,70726,129259,4251985,4006596,532193,511261,810083,766890,329246,910,943
2021-10-30T23:59:59+02:00,49863,47057,312154,297960,417644,383891,426373,416597,485194,491910,530607,529188,357293,398775,248591,318960,73277,134653,41613,39156,283703,272777,389120,356149,401815,391177,461436,466709,510356,509384,348033,388009,242515,310531,70722,129255,4250290,4006049,532146,511199,810082,766887,329078,910,943
2021-10-29T23:59:59+02:00,49643,46824,311110,297244,416316,383004,425246,415891,484291,491283,530096,528901,357222,398702,248552,318916,73267,134632,41481,39050,283206,272408,388627,355756,401391,390880,461082,466425,510148,509227,347974,387954,242495,310492,70715,129241,4242606,4003180,531862,511041,810078,766882,328200,910,943
2021-10-28T23:59:59+02:00,49188,46395,309310,295902,414223,381577,423609,414722,482980,490297,529355,528373,357066,398534,248486,318833,73256,134590,41168,38757,282241,271560,387664,354935,400620,390220,460462,465892,509679,508904,347825,387766,242422,310392,70693,129185,4230243,3996985,531426,510736,810063,766850,326558,910,943
2021-10-27T23:59:59+02:00,48861,46070,308400,295117,413118,380698,422737,414001,482253,489755,528937,528063,356966,398362,248428,318737,73239,134553,40874,38466,281491,270876,387011,354321,400125,389728,460033,465456,509373,508618,347666,387589,242343,310268,70666,129122,4222758,3991443,531115,510545,810057,766821,325957,910,943
2021-10-26T23:59:59+02:00,48450,45657,307321,294154,411961,379758,421833,413315,481553,489153,528515,527738,356846,398235,248367,318654,73216,134504,40514,38097,280610,269939,386247,353583,399560,389163,459588,464998,509011,508315,347519,387426,242243,310112,70640,129052,4214600,3984886,530894,510382,810044,766805,325279,910,943
2021-10-25T23:59:59+02:00,48295,45520,306803,293695,411377,379325,421341,412966,481133,488863,528325,527571,356803,398177,248354,318628,73210,134497,40448,38036,280381,269749,386001,353404,399381,389025,459436,464880,508910,508238,347497,387393,242232,310093,70636,129041,4210856,3983639,530830,510338,810040,766795,324743,910,943
2021-10-24T23:59:59+02:00,48082,45336,306247,293210,410686,378807,420821,412545,480706,488539,528107,527381,356739,398090,248322,318602,73202,134484,40257,37875,279905,269276,385532,352998,399022,388704,459162,464621,508738,508056,347403,387294,242194,310027,70623,129021,4206634,3980319,530673,510201,810037,766776,324145,910,943
2021-10-23T23:59:59+02:00,48046,45305,306083,293076,410474,378661,420665,412403,480593,488448,528034,527331,356718,398065,248318,318596,73201,134480,40217,37831,279814,269168,385411,352925,398942,388627,459090,464557,508702,508023,347383,387280,242193,310021,70622,129020,4205446,3979655,530604,510136,810035,766773,323995,910,943
2021-10-22T23:59:59+02:00,47793,45071,305300,292509,409577,377970,419916,411844,480020,487969,527677,527079,356660,397995,248299,318562,73195,134468,39965,37588,279251,268642,384907,352484,398516,388259,458781,464280,508475,507851,347315,387215,242171,309979,70616,129010,4199778,3975970,530329,509969,810034,766756,323341,910,943
2021-10-21T23:59:59+02:00,47316,44614,304167,291625,408318,376984,418902,411028,479181,487309,527130,526697,356534,397855,248232,318457,73174,134413,39383,37026,278176,267581,383998,351603,397789,387485,458142,463706,508054,507486,347157,387013,242078,309820,70590,128958,4191063,3968071,530051,509592,810029,766743,322369,909,943
2021-10-20T23:59:59+02:00,47090,44359,303550,291077,407632,376356,418335,410563,478742,486928,526837,526460,356441,397731,248161,318365,73149,134353,38963,36648,277419,266822,383376,350936,397258,386875,457707,463253,507699,507160,346981,386810,241979,309678,70551,128881,4185776,3961577,529899,509415,810021,766730,322004,908,943
2021-10-19T23:59:59+02:00,46801,44081,302986,290594,407109,375877,417944,410210,478447,486651,526599,526252,356325,397601,248100,318274,73116,134299,38509,36193,276526,265985,382658,350221,396774,386332,457298,462793,507363,506836,346795,386579,241873,309529,70514,128798,4181403,3954700,529771,509241,810011,766711,321651,908,942
2021-10-18T23:59:59+02:00,46601,43884,302425,290115,406584,375424,417564,409848,478155,486406,526362,526044,356229,397494,248048,318179,73095,134257,38221,35933,275877,265293,382105,349571,396351,385840,456956,462401,507071,506560,346640,386427,241789,309402,70481,128748,4177372,3949363,529624,509056,810006,766691,321279,908,942
2021-10-17T23:59:59+02:00,46488,43765,302093,289855,406309,375164,417340,409682,477995,486244,526256,525914,356169,397439,248027,318131,73081,134220,37972,35678,275363,264784,381730,349190,396062,385499,456711,462167,506905,506386,346549,386314,241752,309334,70458,128697,4175126,3945655,529548,508894,809994,766654,321069,908,942
2021-10-16T23:59:59+02:00,46459,43732,302013,289791,406228,375104,417295,409636,477949,486205,526229,525897,356163,397430,248023,318125,73079,134218,37931,35633,275256,264674,381650,349119,396005,385426,456669,462122,506877,506362,346540,386305,241749,309329,70457,128692,4174626,3945034,529523,508833,809994,766652,320998,908,942
2021-10-15T23:59:59+02:00,46309,43572,301575,289443,405849,374778,416994,409373,477702,485977,526067,525764,356111,397390,248006,318094,73070,134203,37699,35386,274692,264086,381238,348722,395662,385081,456390,461838,506678,506191,346479,386230,241709,309282,70452,128671,4171763,3941260,529400,508619,809990,766642,320684,908,942
2021-10-14T23:59:59+02:00,45975,43234,300778,288736,405179,374107,416468,408902,477266,485557,525745,525479,355995,397260,247949,318000,73039,134140,37142,34822,273441,262815,380425,347753,394975,384244,455739,461190,506252,505771,346245,386005,241598,309125,70421,128620,4166182,3932523,529132,508115,809971,766584,320080,908,940
2021-10-13T23:59:59+02:00,45663,42954,300193,288177,404682,373587,416063,408495,476924,485218,525478,525228,355871,397114,247881,317903,73014,134082,36811,34538,272668,262004,379817,347003,394451,383607,455313,460724,505884,505403,346068,385804,241500,308933,70385,128541,4161522,3926142,528946,507842,809964,766538,319651,908,940
2021-10-12T23:59:59+02:00,45334,42675,299533,287627,404154,373046,415652,408106,476614,484908,525225,524995,355763,396976,247835,317814,72986,134032,36515,34249,271830,261140,379122,346277,393909,383039,454892,460292,505521,505053,345844,385583,241393,308782,70344,128431,4156811,3919515,528768,507614,809955,766514,319294,908,938
2021-10-11T23:59:59+02:00,45090,42450,298945,287139,403660,372582,415238,407741,476308,484599,524981,524794,355653,396855,247766,317720,72950,133968,36229,33993,271074,260405,378446,345597,393418,382483,454510,459842,505186,504748,345649,385387,241299,308639,70303,128349,4152621,3913621,528592,507332,809943,766488,318834,908,938
2021-10-10T23:59:59+02:00,44929,42315,298582,286851,403313,372271,415001,407488,476124,484402,524834,524662,355603,396800,247742,317682,72932,133939,36061,33866,270593,259984,377983,345126,393085,382140,454220,459556,504963,504571,345553,385285,241244,308569,70285,128316,4150178,3909989,528448,507210,809930,766453,318465,908,938
2021-10-09T23:59:59+02:00,44899,42288,298478,286772,403222,372212,414935,407433,476073,484354,524805,524642,355593,396785,247740,317678,72931,133938,36011,33811,270474,259879,377883,345028,393002,382064,454162,459502,504925,504540,345543,385271,241238,308561,70284,128314,4149644,3909279,528407,507137,809927,766441,318351,908,938
2021-10-08T23:59:59+02:00,44657,42079,297969,286361,402761,371834,414629,407136,475788,484115,524588,524472,355531,396724,247705,317626,72913,133924,35803,33533,269907,259314,377456,344595,392622,381683,453883,459175,504745,504381,345479,385187,241204,308516,70273,128302,4146216,3905436,528278,506973,809923,766422,317943,908,937
2021-10-07T23:59:59+02:00,44275,41647,296984,285483,401966,371058,413980,406513,475267,483618,524178,524146,355404,396551,247614,317516,72881,133858,35151,32872,268516,257916,376457,343411,391814,380681,453167,458423,504195,503880,345222,384906,241068,308340,70218,128221,4139266,3895748,528040,505779,809914,766380,317265,908,936
2021-10-06T23:59:59+02:00,44012,41383,296270,284885,401436,370545,413573,406079,474901,483297,523905,523894,355275,396399,247539,317397,72857,133782,34823,32559,267773,257104,375913,342746,391337,380136,452744,457973,503845,503522,345049,384695,240956,308193,70189,128142,4134357,3889632,527906,505664,809907,766345,316769,908,936
2021-10-05T23:59:59+02:00,43694,41085,295554,284199,400795,369918,413048,405591,474516,482890,523618,523588,355129,396242,247461,317250,72828,133687,34522,32244,266954,256258,375223,342005,390795,379525,452238,457505,503493,503163,344856,384475,240845,308020,70142,128068,4128906,3883172,527768,505518,809900,766323,316026,908,936
2021-10-04T23:59:59+02:00,43415,40844,294706,283487,400059,369312,412536,405105,474096,482490,523314,523314,354994,396066,247387,317129,72798,133596,34216,31926,266035,255322,374494,341223,390193,378923,451760,456967,503102,502794,344663,384244,240689,307855,70102,127981,4123591,3876451,527614,505405,809890,766282,315057,906,936
2021-10-03T23:59:59+02:00,43254,40693,294296,283064,399631,368940,412211,404844,473874,482252,523136,523148,354911,395967,247341,317047,72791,133559,34035,31791,265539,254894,374035,340811,389837,378527,451488,456656,502854,502561,344538,384098,240628,307759,70084,127951,4120676,3872866,527511,505289,809864,766226,314411,906,935
2021-10-02T23:59:59+02:00,43217,40656,294172,282937,399507,368848,412124,404761,473810,482194,523099,523116,354897,395943,247340,317044,72789,133557,33988,31752,265400,254762,373935,340721,389759,378448,451431,456602,502823,502523,344525,384074,240626,307752,70082,127951,4119958,3872168,527433,505232,809862,766199,314261,906,935
2021-10-01T23:59:59+02:00,43006,40400,293546,282371,398936,368334,411661,404370,473471,481921,522830,522931,354812,395864,247312,316995,72777,133539,33688,31459,264738,254111,373443,340281,389373,378071,451104,456286,502598,502325,344448,384007,240600,307706,70073,127934,4115973,3868268,527289,505074,809850,766143,313466,906,934
2021-09-30T23:59:59+02:00,42599,39998,292401,281262,397906,367341,410841,403564,472799,481236,522314,522508,354639,395655,247219,316866,72752,133469,33150,30913,263534,252938,372570,339349,388659,377241,450499,455630,502122,501923,344279,383783,240519,307547,70044,127881,4108096,3861161,526944,504066,809829,766059,311996,904,934
2021-09-29T23:59:59+02:00,42255,39692,291620,280511,397159,366621,410282,402979,472293,480740,521951,522194,354456,395450,247143,316732,72723,133403,32848,30603,262772,252171,371922,338687,388197,376661,450070,455170,501770,501579,344105,383602,240426,307384,70022,127823,4102126,3855644,526784,503914,809821,765990,310961,904,933
2021-09-28T23:59:59+02:00,41919,39377,290742,279677,396349,365893,409667,402407,471765,480226,521566,521834,354246,395230,247047,316576,72685,133300,32537,30333,261906,251378,371203,338041,387682,376126,449622,454713,501415,501228,343924,383398,240333,307241,69995,127770,4095779,3850101,526656,503764,809813,765934,309740,904,933
2021-09-27T23:59:59+02:00,41501,38995,289844,278829,395541,365172,409097,401816,471279,479698,521162,521504,354086,395031,246961,316456,72656,133212,32216,29973,260871,250447,370323,337232,387009,375444,449073,454165,501005,500866,343741,383165,240243,307107,69969,127706,4090081,3843875,526489,503612,809805,765822,307938,904,933
2021-09-26T23:59:59+02:00,41127,38689,289264,278287,395033,364721,408752,401464,470974,479403,520950,521314,353976,394931,246917,316386,72637,133171,32057,29839,260360,249981,369869,336829,386662,375069,448780,453870,500798,500678,343648,383073,240185,307034,69953,127670,4086343,3840874,526343,503462,809779,765706,307002,904,933
2021-09-25T23:59:59+02:00,41072,38628,289094,278118,394875,364597,408633,401373,470878,479318,520888,521271,353963,394911,246908,316377,72635,133168,32013,29784,260191,249825,369721,336702,386539,374969,448707,453768,500734,500644,343627,383050,240175,307020,69953,127668,4085577,3840149,526268,503400,809776,765674,306556,904,933
2021-09-24T23:59:59+02:00,40873,38413,288450,277459,394218,364024,408100,400885,470421,478908,520585,521026,353856,394826,246867,316325,72629,133143,31753,29525,259516,249135,369106,336153,386087,374526,448286,453405,500410,500397,343510,382944,240132,306966,69941,127644,4081772,3836407,526115,503296,809766,765603,304819,904,932
2021-09-23T23:59:59+02:00,40235,37739,286732,275784,392731,362652,406903,399667,469369,477939,519829,520339,353557,394550,246736,316109,72586,133025,31358,29105,258211,248041,367945,335158,385142,373691,447464,452666,499812,499880,343273,382699,240019,306818,69915,127568,4071827,3830277,525702,503021,809754,765503,300650,904,930
2021-09-22T23:59:59+02:00,39899,37420,285727,274792,391858,361797,406145,398889,468700,477331,519287,519896,353325,394280,246626,315912,72536,132938,31069,28841,257425,247288,367189,334464,384507,373093,446950,452141,499343,499529,343068,382488,239914,306679,69882,127505,4064906,3825132,525479,502848,809732,765387,298688,903,930
2021-09-21T23:59:59+02:00,39481,36938,284636,273702,390880,360883,405377,398126,468068,476739,518834,519462,353100,394012,246523,315736,72482,132824,30750,28562,256554,246428,366410,333743,383861,372484,446445,451654,498926,499128,342873,382279,239809,306514,69848,127418,4057262,3819463,525316,502649,809721,765306,296945,903,930
2021-09-20T23:59:59+02:00,39126,36660,283487,272618,389816,359937,404546,397310,467363,476118,518335,519004,352853,393783,246415,315554,72438,132727,30365,28191,255425,245437,365413,332891,383059,371707,445721,451067,498460,498683,342644,382062,239703,306326,69812,127340,4050163,3812920,525166,502473,809707,765101,294486,903,929
2021-09-19T23:59:59+02:00,38965,36525,282889,272204,389231,359442,404134,396911,467019,475803,518066,518769,352765,393658,246375,315475,72427,132689,30247,28071,254908,244996,364899,332461,382633,371364,445350,450721,498174,498459,342535,381933,239646,306240,69803,127309,4046801,3810061,525021,502290,809683,764802,293268,903,929
2021-09-18T23:59:59+02:00,38910,36453,282726,272043,389029,359278,403949,396767,466908,475689,517998,518710,352749,393645,246367,315466,72425,132685,30116,27940,254593,244647,364644,332206,382393,371172,445187,450587,498079,498370,342505,381907,239627,306221,69800,127301,4045840,3808170,524906,502209,809680,764789,292795,903,928
2021-09-17T23:59:59+02:00,38577,36087,281819,271209,388234,358519,403222,396110,466292,475163,517615,518347,352598,393499,246304,315395,72401,132653,29848,27673,253848,243962,363952,331606,381800,370667,444717,450175,497740,498081,342384,381770,239576,306143,69787,127279,4040478,3804367,524570,501805,809668,764758,290743,903,928
2021-09-16T23:59:59+02:00,38005,35489,280223,269632,386862,357059,402006,394781,465268,474180,516840,517648,352280,393171,246174,315206,72355,132561,29409,27250,252696,242942,362979,330668,380964,369800,444047,449477,497223,497631,342157,381549,239477,306014,69756,127219,4029521,3797714,523807,501403,809627,764611,288195,903,926
2021-09-15T23:59:59+02:00,37626,35178,279088,268532,385954,356078,401142,393918,464589,473489,516307,517132,352057,392881,246005,315033,72321,132448,29107,26961,251837,242128,362190,329866,380274,369121,443475,448958,496715,497189,341946,381309,239341,305869,69733,127142,4021956,3792027,523517,501168,809613,764537,286091,903,926
2021-09-14T23:59:59+02:00,37313,34870,278115,267563,385006,355212,400401,393145,463978,472832,515775,516677,351810,392638,245876,314863,72278,132380,28831,26722,251053,241333,361453,329193,379661,368520,442931,448444,496294,496803,341750,381093,239230,305723,69709,127087,4015083,3786879,523184,500944,809583,764387,284279,902,925
2021-09-13T23:59:59+02:00,36923,34475,276864,266293,384048,354165,399621,392260,463280,472107,515246,516171,351586,392385,245753,314708,72240,132307,28370,26298,249923,240278,360628,328405,379058,367865,442372,447916,495837,496423,341554,380864,239129,305577,69680,127033,4006826,3779926,522459,500659,809550,764290,282990,902,924
2021-09-12T23:59:59+02:00,36779,34346,276276,265851,383570,353716,399231,391829,462952,471804,515032,515954,351479,392272,245707,314634,72230,132272,28212,26179,249390,239864,360118,327958,378686,367509,442065,447620,495587,496198,341428,380729,239071,305489,69665,126990,4003610,3776874,522292,500466,809513,764162,281912,901,922
2021-09-11T23:59:59+02:00,36700,34297,276085,265640,383344,353527,399070,391671,462817,471680,514961,515892,351449,392241,245698,314618,72228,132269,28065,26080,249107,239679,359895,327800,378536,367366,441915,447502,495519,496143,341404,380701,239063,305476,69665,126986,4002571,3775786,522203,500333,809504,764141,281298,901,920
2021-09-10T23:59:59+02:00,36369,33959,275000,264642,382381,352621,398186,390861,462015,470995,514401,515443,351240,392041,245610,314505,72210,132239,27856,25880,248192,238965,359063,327058,377746,366735,441222,446977,495026,495761,341243,380546,238982,305371,69643,126956,3997195,3772297,522060,500114,809494,764117,277349,900,919
2021-09-09T23:59:59+02:00,35932,33509,273683,263480,381324,351435,397240,389819,461209,470112,513816,514926,350999,391757,245483,314350,72175,132179,27472,25490,247114,237999,358146,326184,376923,365924,440529,446368,494438,495316,341026,380312,238861,305229,69612,126904,3988942,3766165,521755,499715,809447,763964,274659,898,913
2021-09-08T23:59:59+02:00,35529,33107,272715,262486,380511,350580,396539,389032,460570,469505,513376,514461,350797,391514,245379,314174,72146,132121,27177,25201,246188,237135,357327,325445,376234,365196,439922,445796,493986,494857,340823,380067,238748,305068,69579,126827,3982433,3760454,521529,499393,809391,763829,272556,897,911
2021-09-07T23:59:59+02:00,35154,32770,271690,261557,379671,349793,395890,388355,460037,468979,512934,514063,350604,391302,245278,314010,72113,132050,26901,24990,245308,236349,356519,324760,375579,364633,439416,445292,493540,494465,340615,379849,238661,304931,69552,126773,3976304,3755438,521285,499054,809377,763649,270646,897,910
2021-09-06T23:59:59+02:00,34755,32362,270566,260446,378716,348841,395197,387574,459430,468338,512493,513629,350384,391056,245189,313887,72083,131980,26665,24778,244534,235586,355768,324099,374960,364040,438950,444784,493128,494079,340402,379639,238583,304798,69523,126717,3969040,3750590,521145,498810,809328,763518,268768,897,910
2021-09-05T23:59:59+02:00,34599,32213,270153,260027,378396,348491,394893,387256,459194,468093,512314,513450,350311,390962,245147,313825,72067,131953,26529,24623,244102,235190,355368,323712,374602,363724,438687,444534,492929,493869,340303,379520,238539,304734,69506,126685,3966404,3747939,521036,498534,809298,763379,267958,896,909
2021-09-04T23:59:59+02:00,34540,32174,269981,259893,378274,348363,394764,387150,459117,468008,512263,513404,350299,390944,245140,313813,72067,131952,26491,24570,243933,235045,355205,323544,374454,363607,438595,444432,492863,493821,340282,379500,238531,304722,69506,126684,3965684,3747147,520982,498398,809293,763355,267538,896,909
2021-09-03T23:59:59+02:00,34223,31859,269077,259085,377528,347692,394171,386560,458540,467522,511801,513069,350128,390765,245074,313706,72043,131917,26166,24227,242910,234182,354405,322827,373777,362952,437940,443841,492373,493404,340085,379300,238445,304616,69486,126656,3961285,3742823,520276,496858,809265,763282,265281,896,908
2021-09-02T23:59:59+02:00,33856,31518,268013,258195,376656,346846,393429,385798,457842,466883,511266,512637,349862,390512,244951,313527,72018,131838,25866,23962,241882,233377,353508,322042,373029,362237,437222,443211,491806,492946,339839,379036,238338,304464,69461,126578,3955254,3737611,519986,496373,809229,762954,262519,896,906
2021-09-01T23:59:59+02:00,33527,31149,267156,257348,375889,346171,392895,385244,457368,466397,510878,512287,349681,390319,244862,313408,71994,131777,25478,23560,240786,232313,352633,321181,372334,361540,436605,442606,491276,492461,339607,378769,238207,304312,69435,126524,3949757,3730784,519800,495827,809194,762738,260934,896,900
2021-08-31T23:59:59+02:00,33129,30805,266281,256426,375140,345445,392310,384654,456850,465907,510421,511919,349486,390122,244766,313261,71962,131733,25193,23264,239830,231410,351818,320422,371665,360899,436045,442091,490753,492059,339404,378552,238119,304161,69401,126468,3944145,3725433,519609,495439,809168,762312,259023,894,898
2021-08-30T23:59:59+02:00,32582,30318,264971,255237,374133,344519,391488,383834,456090,465191,509855,511419,349256,389900,244673,313107,71926,131664,24872,22944,238666,230420,350807,319517,370870,360153,435338,441504,490197,491543,339149,378305,237993,303982,69360,126391,3936609,3719351,519492,494995,809123,762058,256258,893,895
2021-08-29T23:59:59+02:00,32392,30127,264399,254725,373645,344100,391102,383491,455792,464901,509624,511193,349158,389791,244623,313043,71916,131640,24646,22729,237947,229776,350187,318968,370369,359677,434905,441124,489886,491281,339008,378148,237932,303906,69342,126366,3933491,3715432,519371,494593,809092,761797,255023,893,894
2021-08-28T23:59:59+02:00,32302,30031,264169,254546,373467,343945,390943,383367,455667,464781,509548,511140,349133,389768,244612,313031,71915,131637,24580,22625,237627,229516,349935,318769,370146,359509,434722,440959,489758,491189,338966,378107,237912,303880,69341,126362,3932444,3713849,519330,494476,809086,761770,254455,893,894
2021-08-27T23:59:59+02:00,32073,29781,263522,253978,372951,343422,390469,382914,455210,464382,509172,510854,349003,389632,244554,312945,71896,131617,24433,22472,237021,229014,349313,318259,369671,359072,434265,440601,489453,490939,338835,377987,237857,303816,69330,126355,3928628,3710599,519261,494260,809028,761711,252768,893,891
2021-08-26T23:59:59+02:00,31689,29393,262517,252994,372091,342603,389708,382168,454521,463706,508617,510371,348770,389372,244433,312827,71868,131556,24083,22107,235534,227644,348071,317058,368545,358068,433386,439784,488780,490361,338544,377666,237694,303646,69300,126310,3922411,3702178,519015,493610,808989,761348,250084,893,886
2021-08-25T23:59:59+02:00,31323,29059,261589,252127,371332,341819,389044,381467,453880,463112,508055,509909,348528,389112,244310,312663,71833,131488,23477,21531,233475,225772,346575,315649,367348,356866,432379,438821,487977,489627,338164,377275,237539,303412,69256,126222,3916640,3690145,518882,493200,808959,761194,247461,889,883
2021-08-24T23:59:59+02:00,31004,28791,260853,251345,370721,341182,388498,380884,453395,462596,507639,509533,348317,388887,244193,312499,71807,131416,23160,21215,232260,224703,345603,314726,366556,356108,431703,438165,487416,489079,337882,376960,237407,303253,69232,126158,3911665,3682932,518593,492749,808938,760887,245653,889,876
2021-08-23T23:59:59+02:00,30481,28260,259461,250024,369684,340260,387656,380088,452615,461914,506986,508961,348033,388603,244053,312309,71780,131355,22850,20916,230771,223375,344279,313644,365601,355253,430838,437402,486710,488508,337576,376625,237273,303060,69206,126099,3904170,3675461,518444,492270,808903,760598,242284,888,874
2021-08-22T23:59:59+02:00,30335,28146,259050,249652,369324,339923,387384,379821,452375,461668,506794,508809,347933,388506,244012,312252,71763,131329,22668,20733,230044,222691,343581,312976,365061,354744,430395,436995,486385,488239,337408,376439,237209,302955,69188,126064,3901918,3671032,518294,491801,808863,760296,241274,887,869
2021-08-21T23:59:59+02:00,30082,27941,258552,249187,369006,339602,387126,379560,452169,461490,506645,508670,347878,388450,243990,312214,71760,131320,22392,20479,229298,222036,343090,312575,364656,354331,430030,436686,486155,488042,337322,376371,237182,302912,69182,126052,3899353,3668032,518150,490595,808855,760239,240551,887,869
2021-08-20T23:59:59+02:00,29890,27742,257891,248519,368264,338966,386442,379026,451570,460989,506166,508345,347733,388288,243934,312117,71743,131285,21987,20138,227488,220410,341674,311372,363532,353367,429072,435882,485431,487489,337078,376122,237079,302792,69157,126022,3895838,3659739,517825,489428,808842,759872,237672,885,869
2021-08-19T23:59:59+02:00,29557,27428,256897,247666,367254,338170,385650,378330,450855,460349,505598,507858,347491,388022,243825,311969,71709,131212,21489,19645,224712,217971,339352,309525,361818,351879,427663,434608,484269,486531,336656,375693,236885,302545,69123,125953,3890276,3645307,517457,487657,808799,759395,234569,884,866
2021-08-18T23:59:59+02:00,29270,27167,256101,246958,366544,337546,385062,377754,450249,459844,505124,507442,347218,387779,243707,311821,71677,131146,21111,19271,222230,215442,337286,307758,360158,350219,426129,433274,483121,485491,336135,375138,236654,302247,69073,125859,3885120,3631987,517276,483707,808770,759009,232499,883,865
2021-08-17T23:59:59+02:00,28950,26891,255315,246233,365921,336861,384498,377191,449753,459357,504688,507023,347012,387566,243591,311689,71651,131093,20639,18836,219477,212682,335204,305925,358459,348748,424690,431997,481995,484501,335643,374598,236421,301956,69020,125782,3880035,3616891,516975,480922,808744,758579,230783,882,860
2021-08-16T23:59:59+02:00,28657,26628,254618,245578,365346,336303,384030,376725,449313,458913,504268,506658,346827,387357,243492,311525,71620,131053,20083,18352,216298,209599,332906,303798,356928,347289,423478,430848,481043,483654,335250,374146,236235,301685,68981,125692,3875596,3599394,516819,480213,808715,758227,229032,882,857
2021-08-15T23:59:59+02:00,28460,26465,254119,245130,364908,335909,383666,376384,449015,458651,504024,506455,346713,387237,243442,311445,71609,131032,19298,17621,212272,205531,330998,302168,355659,346056,422443,429901,480253,482989,334915,373808,236108,301508,68957,125642,3872708,3581673,516674,479296,808676,757895,227857,882,854
2021-08-14T23:59:59+02:00,28391,26406,253871,244931,364670,335730,383490,376233,448856,458520,503906,506347,346663,387204,243424,311422,71606,131027,18972,17323,211193,204423,330168,301401,354935,345373,421945,429439,479864,482667,334775,373680,236070,301451,68948,125625,3871522,3574948,516599,478922,808670,757817,227156,882,854
2021-08-13T23:59:59+02:00,28133,26163,253162,244340,364166,335300,383050,375795,448416,458152,503566,506088,346535,387054,243359,311344,71594,130998,18367,16766,209297,202630,328731,300075,353660,344174,420890,428495,479112,482020,334530,373388,235957,301308,68930,125571,3867672,3562944,516526,478316,808660,757624,225606,879,851
2021-08-12T23:59:59+02:00,27933,25936,252436,243702,363544,334704,382508,375302,447877,457699,503140,505729,346352,386852,243256,311237,71581,130950,17784,16267,206690,200349,325840,297520,351636,342363,419375,427235,477882,480948,334076,372851,235711,301031,68890,125488,3863669,3545434,516334,477135,808622,756592,223358,877,849
2021-08-11T23:59:59+02:00,27696,25688,251701,243006,362917,334118,381980,374816,447408,457267,502729,505297,346123,386610,243139,311103,71554,130895,16964,15579,203631,197351,322646,294564,349450,340292,417865,425821,476597,479654,333531,372205,235461,300624,68840,125359,3858779,3523479,516114,476061,808582,755646,221817,874,846
2021-08-10T23:59:59+02:00,27450,25429,250862,242261,362195,333550,381427,374261,446907,456783,502273,504891,345926,386412,243052,310964,71531,130851,16167,14793,199416,193200,317957,290322,346448,337503,415730,423868,474993,478192,332848,371529,235170,300217,68785,125241,3853648,3493220,515825,474977,808544,754490,220252,872,846
2021-08-09T23:59:59+02:00,27252,25228,250231,241684,361602,333058,380975,373875,446488,456432,501924,504602,345762,386262,242986,310852,71511,130815,15173,13848,194858,188589,312223,285556,343676,334997,413807,422082,473365,476718,332209,370835,234905,299848,68729,125106,3849879,3462711,515645,472226,808509,753395,218749,870,839
2021-08-08T23:59:59+02:00,27077,25069,249746,241267,361198,332693,380622,373581,446181,456166,501678,504409,345653,386151,242923,310771,71494,130780,14951,13653,193504,187211,310586,284207,342346,333820,412920,421319,472787,476196,331945,370562,234776,299679,68703,125054,3847244,3453500,515487,470854,808454,752902,217513,868,838
2021-08-07T23:59:59+02:00,26928,24893,249216,240818,360798,332352,380285,373295,445887,455929,501450,504232,345580,386056,242889,310720,71486,130769,13778,12609,189817,183614,308532,282346,340619,332291,411579,420049,471854,475398,331589,370186,234645,299490,68669,125017,3844372,3433799,515380,469517,808441,752689,216627,868,835
2021-08-06T23:59:59+02:00,26702,24658,248344,240145,360007,331737,379605,372713,445229,455401,500913,503838,345345,385850,242790,310604,71475,130747,12870,11782,186061,180047,305044,279518,338490,330444,409970,418700,470554,474429,331208,369798,234486,299336,68644,124970,3841764,3414394,514010,467783,808428,751584,213139,865,832
2021-08-05T23:59:59+02:00,26377,24333,247162,239201,359101,330853,378769,371973,444479,454704,500241,503291,345060,385544,242675,310428,71433,130684,11864,10848,181568,176087,299632,275082,334351,326865,407145,416200,468285,472640,330537,369092,234224,298962,68582,124859,3835326,3386329,513741,463052,808357,747864,210111,864,831
2021-08-04T23:59:59+02:00,26004,23990,246015,238207,358089,329929,377987,371259,443844,454100,499660,502755,344786,385276,242552,310255,71406,130613,11049,10135,178071,172771,295844,271930,329926,322944,404888,414096,466566,471083,329841,368393,233946,298609,68521,124757,3828773,3359054,513396,461276,808323,746109,207449,860,830
2021-08-03T23:59:59+02:00,25540,23568,244642,237016,357167,329087,377270,370561,443185,453435,499057,502214,344491,384973,242420,310078,71362,130545,10486,9634,174567,169314,291714,268263,324801,318317,402130,411530,464221,468980,329003,367525,233597,298138,68454,124618,3820789,3326854,513231,459389,808273,744029,205528,859,828
2021-08-02T23:59:59+02:00,25222,23261,243584,236050,356309,328324,376562,369958,442604,452880,498531,501764,344226,384693,242302,309923,71336,130487,9929,9092,170915,165710,286994,264274,318910,313347,399361,408966,461979,466975,328225,366679,233301,297739,68392,124501,3814393,3293261,512980,457399,808212,741489,203640,856,821
2021-08-01T23:59:59+02:00,25063,23070,242950,235439,355705,327807,376111,369557,442164,452557,498184,501482,344084,384526,242226,309807,71322,130461,9662,8883,169356,164247,284494,262260,314253,309621,397490,407379,460496,465721,327790,366192,233129,297521,68363,124442,3810665,3275254,512674,455246,808118,739033,202265,852,813
2021-07-31T23:59:59+02:00,24953,22965,242603,235118,355421,327579,375865,369385,441972,452403,498076,501378,344050,384485,242206,309793,71321,130455,8426,7786,165568,160389,281659,259701,312154,307613,396087,406092,459348,464730,327470,365813,232995,297347,68337,124396,3809031,3252244,512484,454305,808108,738238,201612,851,813
2021-07-30T23:59:59+02:00,24662,22705,241796,234390,354836,327046,375366,368912,441507,451997,497712,501087,343912,384345,242161,309713,71308,130439,7486,6916,161808,156612,278248,256572,309116,304783,393847,403967,457495,463138,326958,365280,232784,297055,68304,124337,3804900,3227057,512112,453097,808087,735034,199999,850,811
2021-07-29T23:59:59+02:00,24313,22362,240255,233110,353660,325966,374395,367991,440643,451197,496894,500460,343577,384027,242023,309525,71270,130372,6501,6041,156935,152108,272841,252363,303183,299978,389467,400452,454436,460718,326118,364430,232471,296644,68244,124237,3797258,3192961,511424,448210,807999,729913,196555,849,809
2021-07-28T23:59:59+02:00,24011,22073,239095,232064,352771,325121,373641,367293,439999,450524,496323,499966,343319,383727,241885,309337,71236,130298,6009,5598,153150,148442,268314,248677,298716,295995,386185,397574,452333,458862,325450,363656,232203,296255,68179,124111,3790460,3162026,510881,446276,807921,727257,194613,849,806
2021-07-27T23:59:59+02:00,23738,21846,238083,231084,351915,324373,372931,366693,439408,449906,495795,499507,343070,383418,241752,309143,71200,130199,5440,5071,148102,143299,262359,243519,293393,291207,382152,393860,449140,456038,324462,362550,231838,295751,68086,123952,3784113,3120246,510323,443968,807863,723501,192955,847,803
2021-07-26T23:59:59+02:00,23506,21606,237104,230096,351118,323657,372314,366131,438848,449416,495339,499131,342834,383176,241625,308984,71176,130141,5017,4710,143739,138886,256778,238705,288205,286715,377666,389881,445607,452997,323501,361580,231508,295268,68011,123814,3778381,3080637,509688,441703,807776,719133,191548,843,801
2021-07-25T23:59:59+02:00,23146,21305,235757,228936,350168,322877,371628,365464,438263,448870,494872,498723,342632,382956,241535,308854,71154,130077,4762,4477,141880,137115,254068,236469,285681,284601,375517,388088,443506,451195,322978,361056,231300,295037,67986,123737,3771246,3065472,509308,439513,807706,714754,190141,841,800
2021-07-24T23:59:59+02:00,22895,21108,234828,228064,349442,322218,371051,364941,437735,448429,494508,498445,342515,382857,241491,308792,71151,130066,4439,4192,138972,134304,251324,234138,283107,282373,373251,386223,442261,450205,322626,360718,231155,294855,67967,123703,3767195,3047055,508540,436482,807691,714409,188289,841,799
2021-07-23T23:59:59+02:00,22477,20719,233320,226714,348105,321266,369995,364068,436849,447637,493808,497909,342276,382584,241401,308680,71130,130030,4015,3800,133471,129441,245928,229807,278606,278562,369542,383004,439599,447992,321919,359991,230898,294543,67913,123621,3759677,3011340,508067,434702,807635,712263,184754,841,796
2021-07-22T23:59:59+02:00,21969,20243,231210,224728,346345,319713,368485,362767,435527,446485,492824,497007,341841,382132,241225,308430,71086,129949,3593,3456,129111,125362,239901,225278,272190,273470,362625,377489,434125,443462,320730,358722,230458,294019,67819,123466,3747175,2969082,506476,428696,807501,705931,181963,840,794
2021-07-21T23:59:59+02:00,21459,19719,229318,222902,344634,318167,366860,361188,433946,445095,491596,495834,341288,381605,240977,308144,71032,129854,3390,3258,125338,121777,234415,221023,266634,268929,354473,370533,429495,439713,319608,357571,229994,293452,67738,123285,3736108,2933418,502716,417778,807274,701143,178658,839,792
2021-07-20T23:59:59+02:00,21156,19440,227848,221411,343387,316983,365892,360307,433078,444299,490869,495187,340946,381230,240829,307923,71003,129764,3129,2967,120985,117522,228040,215823,260787,263735,347336,364409,424783,435383,318507,356308,229576,292863,67640,123101,3726725,2889479,502310,410532,807143,696731,176506,837,791
2021-07-19T23:59:59+02:00,20842,19143,226107,219712,342063,315720,364846,359325,432260,443516,490195,494563,340646,380861,240677,307691,70958,129667,2933,2758,118217,114908,223629,212225,256152,259770,343605,361226,422156,433189,317780,355576,229276,292470,67565,122977,3716086,2864321,501885,405135,807048,692397,174903,835,789
2021-07-18T23:59:59+02:00,20688,19008,224801,218432,340430,314283,363769,358388,431434,442789,489655,494016,340411,380573,240547,307515,70936,129605,2841,2664,116708,113515,220953,210026,253785,257653,341349,359363,420116,431490,317286,355083,229116,292252,67544,122909,3706565,2851948,501349,400842,806971,688687,173516,832,786
2021-07-17T23:59:59+02:00,20290,18584,223645,217371,339848,313740,363173,357871,430913,442336,489236,493727,340307,380455,240505,307459,70933,129594,2577,2407,114635,111407,218487,207714,251309,255449,338914,357216,418661,430223,316948,354691,228981,292084,67521,122869,3700973,2834376,501146,398109,806943,687898,172045,830,786
2021-07-16T23:59:59+02:00,19746,18070,221104,215225,338100,312432,361660,356573,429446,441129,488135,492869,339902,380084,240335,307301,70909,129558,2310,2166,111516,108591,213700,203769,246756,251804,334602,353500,415308,427497,316024,353756,228631,291667,67468,122788,3690746,2806587,500385,395742,806784,684072,165768,829,785
2021-07-15T23:59:59+02:00,19104,17442,218310,212796,336188,310716,360065,355126,428097,439937,487185,492011,339497,379656,240132,307046,70867,129453,2132,2025,107596,105346,205285,197489,239220,246174,327968,348239,408209,421030,314275,351933,228081,290995,67396,122589,3675630,2759776,499782,387261,806667,676612,162628,826,783
2021-07-14T23:59:59+02:00,18258,16717,215863,210463,334477,309180,358651,353775,426868,438735,486153,491051,339040,379191,239891,306734,70813,129365,1980,1880,103970,101984,198776,192288,233476,241485,323657,344740,404020,417393,312956,350614,227670,290434,67312,122433,3660652,2725963,499193,381699,806542,669788,159904,825,778
2021-07-13T23:59:59+02:00,17605,16059,213672,208431,332870,307795,357307,352533,425690,437640,485186,490188,338598,378715,239687,306487,70778,129272,1867,1771,100198,98428,192256,186854,226308,235401,316950,338659,395595,409507,311148,348684,227063,289636,67200,122231,3646749,2682968,498631,368977,806385,660279,157806,825,773
2021-07-12T23:59:59+02:00,16586,15123,210372,205239,330799,306050,355717,351054,424442,436429,484201,489288,338179,378238,239509,306258,70738,129195,1787,1700,97084,95694,186952,182531,219311,229702,310094,332610,390479,405218,309408,346810,226470,288899,67100,122061,3628182,2644508,498072,361821,806204,651835,156009,822,770
2021-07-11T23:59:59+02:00,16077,14646,209006,203959,330043,305320,355047,350419,423870,435919,483751,488941,337982,378030,239448,306153,70716,129155,1752,1674,95656,94400,184148,180208,216294,227395,307394,330448,387633,402822,306924,344177,226092,288428,67046,121963,3621866,2629424,497429,359820,806072,641305,154167,814,766
2021-07-10T23:59:59+02:00,15602,14186,207153,202165,328567,304045,353907,349436,423134,435321,483277,488542,337813,377864,239382,306067,70706,129135,1711,1627,94346,93123,181596,178080,213253,224903,304858,328282,386468,401782,306274,343501,225912,288239,67030,121936,3613240,2612565,496783,359588,805837,639537,151484,813,766
2021-07-09T23:59:59+02:00,15277,13905,205238,200318,326953,302579,352831,348464,422225,434602,482700,488061,337605,377640,239286,305947,70691,129101,1037,971,91545,90395,178051,174835,208897,220733,299820,323670,383013,398793,305173,342267,225606,287868,66992,121871,3604038,2583471,495910,357517,805641,631917,148870,809,765
2021-07-08T23:59:59+02:00,14809,13477,201740,197320,323624,299894,350436,346469,420508,433136,481265,486989,337156,377194,239108,305699,70646,129023,919,860,87233,86615,170792,169144,200741,214317,292431,317533,376035,392558,302435,339326,224824,286927,66875,121611,3588604,2537116,491854,348833,805123,621513,143925,805,763
2021-07-07T23:59:59+02:00,14307,13023,197991,193443,320440,297022,348111,344410,418946,431661,480054,485883,336674,376627,238916,305425,70607,128917,786,764,83543,83157,163465,163409,191667,207118,284421,310954,368979,385727,299113,335696,223909,285824,66733,121363,3567225,2489004,490480,335360,804736,611481,140977,805,760
2021-07-06T23:59:59+02:00,13847,12649,194551,190061,317167,294271,345628,342111,417222,430091,478781,484742,336167,376063,238721,305135,70553,128831,664,646,79964,79569,156761,157880,184241,200899,275462,302983,362469,379618,295905,332436,223019,284728,66625,121134,3547280,2436341,487404,328362,804319,601942,138535,803,759
2021-07-05T23:59:59+02:00,13450,12312,190142,185809,313094,290919,343110,339767,415536,428538,477631,483665,335692,375539,238541,304888,70520,128745,588,551,76887,76731,151623,153776,179465,196766,268529,296699,356347,374070,292622,328980,222131,283606,66515,120962,3524350,2397169,486233,323860,803822,591556,134429,797,755
2021-07-04T23:59:59+02:00,13272,12152,186294,181925,310447,288879,341789,338683,414649,427753,477044,483169,335466,375280,238453,304761,70494,128691,555,522,74696,74847,148500,151193,177121,194715,266067,294637,353215,371846,289301,325574,221549,282936,66459,120840,3512038,2383290,484935,321552,803258,579985,129901,796,754
2021-07-03T23:59:59+02:00,12075,11094,179858,175911,306165,285413,339444,336504,412828,425945,475827,482111,335065,374834,238279,304512,70470,128648,524,503,72911,73261,146065,149306,174676,192624,262996,291911,350928,369987,287540,323583,221281,282572,66427,120791,3485583,2367496,483525,321347,803078,575487,123707,796,754
2021-07-02T23:59:59+02:00,10976,10001,176137,172436,303732,283203,337681,334790,411574,424753,475050,481419,334806,374519,238165,304330,70441,128600,486,452,70207,70562,142126,146008,170215,188563,256929,286447,345690,365273,284278,319842,220638,281797,66378,120707,3467424,2334156,482041,318549,802894,562885,121162,788,741
2021-07-01T23:59:59+02:00,9878,9071,172453,168978,299684,279888,335177,332510,409773,423170,473950,480452,334386,374054,237964,304060,70395,128520,413,378,65300,65831,135779,140643,162905,182030,246641,277566,334864,355453,279478,314554,218781,279532,66199,120394,3444786,2277606,479939,306160,802548,545111,117991,787,735
2021-06-30T23:59:59+02:00,9388,8678,169173,165885,294049,275250,331487,329165,408000,421629,472928,479480,333963,373566,237772,303758,70361,128431,331,317,62157,62975,130122,135950,156245,176022,236571,268395,321435,342152,274254,308991,216888,277202,66031,120072,3419609,2222437,477763,293329,802260,526234,114217,786,733
2021-06-29T23:59:59+02:00,8850,8155,165361,162091,289493,270969,327915,325857,405881,419537,471376,478062,333373,372924,237516,303403,70306,128321,273,246,59359,59961,125156,131516,150203,170481,224695,257669,312857,333766,267788,301791,214907,274737,65827,119724,3391979,2163011,475761,288648,801934,508805,110584,784,729
2021-06-28T23:59:59+02:00,8445,7775,162022,158621,284440,266637,324600,323006,403735,417602,469886,476745,332854,372310,237283,303094,70262,128228,213,196,57077,57596,121230,127986,145836,166385,215454,249231,307054,328342,262836,296486,213142,272499,65679,119457,3367970,2127162,471786,280002,801275,492249,107365,784,727
2021-06-27T23:59:59+02:00,8297,7652,160504,157086,282328,264821,322793,321461,402030,416240,468986,476024,332562,372018,237180,302931,70243,128179,187,176,55869,56474,119092,126268,143258,164239,211323,245824,303673,325471,259013,292468,210679,269581,65568,119262,3357903,2111606,469708,276481,800226,476067,104345,783,724
2021-06-26T23:59:59+02:00,7142,6553,157232,153742,280214,262936,320372,319214,400836,415084,468288,475325,332293,371737,237073,302773,70219,128149,176,164,55321,55881,117739,125106,141825,162990,209075,243813,301134,323044,257474,290806,210342,269168,65541,119193,3338737,2094725,466875,276389,800219,473561,104204,765,706
2021-06-25T23:59:59+02:00,5919,5437,152921,149448,276811,259975,318311,317246,399523,413832,467285,474494,332003,371402,236946,302617,70192,128100,147,142,54023,54249,115242,122395,137716,158408,200287,235348,295427,317158,255745,288678,209746,268366,65470,119077,3313729,2052100,465443,274685,800167,466947,103969,765,702
2021-06-24T23:59:59+02:00,5053,4647,148463,145304,271954,256015,314025,313457,397318,411946,465905,473354,331574,370937,236777,302379,70158,128012,128,112,51369,51646,110080,117642,130347,151742,188210,224862,283996,306907,250350,282817,207905,266019,65266,118676,3282413,1989851,463430,262852,800000,453160,102262,764,697
2021-06-23T23:59:59+02:00,4832,4442,145288,142176,268240,252842,308778,308644,394823,409596,464499,472031,331044,370313,236547,302067,70110,127905,96,82,49423,49550,106272,113711,124653,146043,178289,216179,272001,294883,245728,277982,206564,264315,65103,118316,3254782,1933346,459899,252966,799839,442442,100474,762,692
2021-06-22T23:59:59+02:00,4579,4212,142206,139041,264516,249451,302644,303203,392182,407033,462955,470542,330492,369705,236327,301715,70063,127798,65,61,47723,47796,102646,110387,119835,141446,165677,205017,261074,284563,241653,273495,204638,261897,64851,117843,3222664,1874810,457957,245220,799647,431466,99195,761,683
2021-06-21T23:59:59+02:00,4320,3966,138940,136089,259798,245536,297392,298326,389127,404154,461477,469180,329970,369140,236107,301404,70023,127686,57,53,46482,46562,100247,108147,117082,138727,159439,199226,254173,277924,236291,267633,200693,257357,64666,117465,3190845,1843688,455907,239692,799443,411634,97224,756,681
2021-06-20T23:59:59+02:00,4176,3848,137423,134572,255528,242030,294795,296079,387732,402835,460682,468429,329745,368849,235995,301271,70003,127624,51,50,45341,45628,97974,106338,114790,136730,156401,196671,249853,273835,233276,264097,199702,256100,64584,117339,3173286,1823209,454136,236130,799284,403745,95685,753,674
2021-06-19T23:59:59+02:00,3760,3498,135265,132468,252772,239703,293006,294418,385884,401265,459838,467699,329524,368596,235892,301133,69983,127592,50,48,44792,44977,96693,105062,113307,135246,154890,195226,246619,270798,232543,263242,199529,255835,64562,117286,3156920,1807155,451303,234538,799273,403451,95564,753,673
2021-06-18T23:59:59+02:00,2808,2586,131972,129323,249239,236641,288984,290999,383477,399135,458496,466539,329148,368196,235736,300898,69957,127543,50,48,44004,44055,95108,103272,110995,132569,151333,191177,239736,263486,230806,261227,199040,255193,64486,117151,3131060,1777734,446862,234005,799244,396714,95272,752,670
2021-06-17T23:59:59+02:00,2572,2363,128254,126028,243195,232182,283744,286598,378674,395134,456164,464696,328551,367474,235491,300541,69892,127429,48,48,41754,42221,91041,99778,106069,127801,143442,183479,228318,252070,225581,255276,197386,253030,64226,116731,3096142,1721883,443861,229846,798983,385766,90785,707,659
2021-06-16T23:59:59+02:00,2301,2128,125009,122617,238287,227828,279036,282335,373498,390629,453566,462553,327810,366678,235199,300128,69826,127315,47,43,39915,40610,87486,96729,101696,123959,135176,176113,216192,240132,219331,248143,195458,250698,63973,116243,3062541,1661884,438308,224223,798494,377632,88172,704,656
2021-06-15T23:59:59+02:00,1913,1795,120088,117743,232295,222665,273672,277337,368426,385988,450712,460124,326938,365697,234848,299616,69743,127131,46,41,38296,38986,84147,93667,97712,119896,128102,169727,203814,228080,213282,241333,193487,248259,63663,115670,3017741,1604440,436368,218355,797929,369928,85444,703,653
2021-06-14T23:59:59+02:00,1650,1519,116026,113575,227056,217745,268299,272360,363131,381227,447587,457527,326150,364833,234538,299227,69681,127011,42,40,37316,38096,81863,91559,94988,117368,123971,165965,197194,221563,210157,237812,192347,246779,63444,115276,2975517,1574731,434007,216065,797668,362255,82682,703,649
2021-06-13T23:59:59+02:00,1576,1434,114532,112193,224599,215630,265752,270099,360873,379263,446413,456500,325874,364527,234401,299056,69649,126937,39,40,36444,37356,79998,89879,92967,115540,121139,163350,193305,217843,207059,234360,191308,245406,63210,114862,2960482,1560662,431566,208777,797368,353998,80616,702,646
2021-06-12T23:59:59+02:00,1427,1296,111879,109440,222701,213898,264363,268813,359434,377863,445518,455731,325585,364217,234309,298953,69631,126908,39,40,36073,36946,79008,88781,91703,114229,119553,161780,189730,214532,206024,233232,189910,243749,63200,114830,2944280,1547445,430588,208762,797346,346617,80473,700,645
2021-06-11T23:59:59+02:00,1280,1160,109323,106919,219795,211266,260684,265613,356288,375124,443798,454260,325148,363763,234172,298743,69604,126853,39,39,35393,35823,76986,85381,89454,110683,115432,156614,182999,207049,203923,230856,189302,242976,63137,114731,2919797,1519798,427784,208060,797164,333135,79756,699,643
2021-06-10T23:59:59+02:00,1117,1003,104565,102498,213710,206497,253616,259779,350183,369819,439298,450479,324292,362790,233853,298296,69520,126701,37,38,33809,34324,72970,81187,84512,105162,108733,148364,170599,193378,197816,223940,187568,240831,62880,114326,2876094,1472422,420666,206306,796331,306066,75603,694,636
2021-06-09T23:59:59+02:00,969,872,100638,98781,207721,201761,246788,254060,343506,363862,435610,447452,323610,362040,233580,297913,69456,126567,36,36,32269,33057,69721,78525,80803,101988,103992,144069,159422,182589,187153,211905,185697,238580,62606,113831,2836987,1418199,412124,202313,795819,294754,70928,676,629
2021-06-08T23:59:59+02:00,787,691,96101,94223,201073,196180,239820,248036,335232,356570,430498,442776,322772,361032,233204,297427,69376,126431,33,34,31190,32192,67126,76212,77505,99245,99389,140136,151790,175067,178410,202160,183884,236321,62375,113462,2784917,1378819,406342,197381,795233,283853,66387,673,620
2021-06-07T23:59:59+02:00,628,552,92872,91114,194991,191465,233253,242780,327390,350389,427441,440323,322225,360390,232988,297099,69322,126335,29,30,30312,31340,64648,74248,74541,97077,95609,137199,143681,167255,174339,197516,182449,234506,62151,113076,2745814,1351589,400156,194069,794670,272701,61547,671,619
2021-06-06T23:59:59+02:00,590,517,91289,89790,191691,188901,229890,239997,323099,346978,425999,439240,321946,360091,232880,296941,69299,126288,29,30,29707,30778,62865,72556,72450,95056,92399,134119,137970,161439,171797,194870,181336,233105,61922,112695,2730336,1339662,392751,184342,794178,262239,58776,670,612
2021-06-05T23:59:59+02:00,508,437,89341,87771,186801,184667,227418,237864,321280,345357,425000,438327,321662,359772,232730,296774,69285,126256,29,28,29244,30013,61654,70593,71043,92898,90706,131832,133194,156086,168781,191191,180850,232446,61888,112630,2706774,1315962,392618,183875,794087,256778,58377,668,609
2021-06-04T23:59:59+02:00,408,352,86979,85236,183123,181034,223393,233904,317680,341709,422633,436130,321202,359236,232535,296545,69246,126194,29,26,28771,29335,60520,68922,69733,90790,88904,129190,129808,152411,164527,186405,179857,231178,61840,112542,2677456,1296978,388787,183097,793969,246682,57917,666,604
2021-06-03T23:59:59+02:00,316,276,83687,82152,177369,176344,216097,227782,309938,334982,414865,429263,320163,358050,232165,296092,69191,126062,26,26,27878,28312,58604,66709,67315,88017,85228,125042,123010,145720,158158,178765,178278,229141,61725,112303,2628388,1267591,378518,177735,793544,233904,54908,664,592
2021-06-02T23:59:59+02:00,266,218,81598,79976,173250,172588,212432,224605,306331,331615,412807,427421,319750,357588,232011,295882,69163,126010,25,25,27406,27823,57460,65570,65690,86715,83135,123080,118012,140812,150257,169767,177553,228183,61640,112132,2599487,1235198,377125,175758,793517,230271,53940,656,580
2021-06-01T23:59:59+02:00,165,151,77321,76141,164950,165994,203043,216853,297215,323716,404588,419583,318237,355972,231469,295143,69051,125783,24,22,25852,26404,53131,62600,60829,83407,77685,118548,110570,133558,139117,156303,175437,225437,61433,111707,2540693,1184821,365442,171636,792761,218478,47008,650,564
2021-05-31T23:59:59+02:00,144,133,74568,73647,159279,161661,195714,210870,289818,317312,398839,414606,317235,354850,231080,294621,68961,125612,24,21,24935,25338,50500,60359,57644,80855,74062,115248,106044,129091,134941,151365,174060,223708,61264,111374,2500179,1162262,356026,169263,792114,208047,41135,649,556
2021-05-30T23:59:59+02:00,134,125,73514,72575,156785,159606,193077,208509,287015,314790,396951,412860,316871,354438,230918,294381,68923,125531,24,21,24328,24549,48895,58600,55887,78981,71800,112668,103368,126205,132774,148823,173264,222770,61170,111162,2484309,1152376,353495,167946,791484,196634,38211,647,542
2021-05-29T23:59:59+02:00,131,123,72902,71980,155269,158202,190776,206481,285172,313202,396111,412091,316646,354191,230837,294302,68912,125512,23,21,23999,24021,47969,57096,54539,77092,69866,109815,101035,123396,129950,145379,172604,221862,61143,111108,2470403,1138672,353332,167875,791421,186077,38179,645,533
2021-05-28T23:59:59+02:00,127,120,71814,70863,152860,155938,187090,202929,281889,310064,394249,410319,316233,353683,230690,294089,68893,125455,23,20,23463,23015,46349,54952,52691,74525,67808,105852,96686,117499,125540,140293,171625,220547,61096,110994,2446517,1115858,352275,167661,791213,171557,37789,642,523
2021-05-27T23:59:59+02:00,116,111,68490,67838,146356,150980,178892,196663,275479,304886,387930,404624,314960,352232,230228,293556,68821,125273,21,19,22134,21327,43086,51890,48791,70691,63223,99813,90302,109964,121586,135646,168807,216830,60921,110678,2401829,1087243,344637,164910,789402,151421,32037,638,512
2021-05-26T23:59:59+02:00,112,108,66328,65650,141394,146879,172778,191593,268718,299208,381188,397928,313431,350612,229732,292858,68716,125060,21,18,21387,20402,41249,49742,46428,67938,60173,96005,85695,104819,116581,129898,164994,211467,60710,110249,2364464,1055126,331411,163324,787575,139916,29295,634,503
2021-05-25T23:59:59+02:00,111,101,64299,63650,137177,143381,167724,187287,261643,292908,375751,392529,312144,349195,229319,292209,68633,124883,21,18,20806,19734,39835,48209,44581,65906,57691,92988,81598,100423,111605,124170,159418,204184,60538,109942,2326820,1023346,323895,159896,785021,130664,27650,631,494
2021-05-24T23:59:59+02:00,110,98,63050,62428,134408,141264,164436,184861,254690,286909,370803,387843,311311,348271,229032,291823,68562,124752,21,18,20458,19321,38802,47122,43225,64414,56002,90973,79346,97896,110163,122506,158805,203390,60425,109737,2303014,1013888,312766,158583,783212,123963,26088,631,484
2021-05-23T23:59:59+02:00,106,97,62547,61909,133305,140361,163230,183822,253439,285881,369209,386408,310686,347610,228859,291595,68542,124716,21,15,20223,19130,38243,46558,42455,63701,54826,89963,77838,96520,108975,121093,157821,202162,60354,109595,2291458,1005617,312172,155491,783166,122347,25950,631,469
2021-05-22T23:59:59+02:00,103,95,61850,61281,131805,139275,160851,182191,250461,283582,366722,384172,310156,347014,228682,291327,68516,124665,20,15,19903,18706,37622,45949,41814,63169,54166,89222,77061,95367,107423,119280,157047,201193,60326,109541,2273407,998883,312155,155484,783128,118892,24474,631,468
2021-05-21T23:59:59+02:00,100,93,60506,59837,128875,136660,157535,178859,245215,278806,360612,378474,309215,345914,228386,290928,68455,124557,20,15,19532,18336,36996,45169,41150,62110,53199,87818,75324,93061,104169,115321,155904,199738,60233,109364,2237189,985764,310509,155152,781548,112275,24182,625,462
2021-05-20T23:59:59+02:00,91,91,57448,57037,123121,131767,150578,172527,234884,270029,351567,370178,306668,343162,227616,289914,68323,124337,19,15,18231,17397,34809,42913,38679,59192,50360,84036,71381,88543,100021,110649,153427,196700,60049,109006,2179030,966301,303828,153185,775583,94574,21274,618,456
2021-05-19T23:59:59+02:00,89,89,55232,54837,118096,127075,143394,165896,224327,260655,341005,359257,304012,340296,226867,288866,68173,124060,19,15,17646,16608,33578,41313,37261,57119,48330,81244,68119,84948,96123,106165,149785,191948,59787,108514,2112973,942754,297560,151190,772598,85043,19448,614,436
2021-05-18T23:59:59+02:00,85,85,53127,52870,113303,122802,136992,160319,212746,250271,331109,349448,301339,337321,225986,287666,68023,123805,19,15,17123,16002,32356,39839,35893,55317,46506,78824,65216,81711,92096,101617,146572,187867,59575,108079,2053009,922390,288162,148311,769000,76371,17464,610,433
2021-05-17T23:59:59+02:00,81,79,52086,51869,110956,120731,134163,157657,206204,244240,323526,342344,299538,335343,225396,286843,67913,123592,18,15,16663,15550,31301,38789,34708,54013,45019,77017,62934,79300,87246,95738,145103,185980,59425,107766,2026097,910600,275834,140837,765564,69662,15396,604,423
2021-05-16T23:59:59+02:00,79,76,51295,51215,109502,119402,132413,155984,203223,241549,316084,335379,298510,334208,225086,286359,67860,123494,18,15,16379,15178,30547,38003,33830,53086,43948,75698,61592,77825,83828,91650,144310,184900,59339,107624,2010695,904456,265393,134065,762312,65521,13637,599,414
2021-05-15T23:59:59+02:00,78,75,50755,50579,108494,118406,131393,154860,201286,239609,312509,332159,297884,333523,224890,286087,67840,123430,18,15,16236,15012,30284,37687,33543,52652,43455,75045,60737,76835,83230,90831,143791,184234,59302,107575,1994438,899178,265368,133912,761441,64380,12924,598,411
2021-05-14T23:59:59+02:00,77,74,49493,49145,106224,116298,127783,151395,193053,232524,306186,326260,296900,332383,224603,285638,67791,123336,18,15,15735,14579,29485,36853,32753,51453,42364,73243,59154,74877,81310,88327,143177,183238,59261,107490,1957048,889417,263659,133025,756886,58934,11865,595,408
2021-05-13T23:59:59+02:00,74,72,47568,47178,102362,113046,123041,147269,183008,223922,295567,316423,293933,328960,223792,284500,67691,123128,16,14,14875,14129,28622,36143,31984,50543,41403,72138,57633,73301,77524,83963,140403,179625,59152,107274,1905331,876798,254998,125951,750648,55073,10837,589,397
2021-05-12T23:59:59+02:00,71,70,46650,46460,100434,111599,120965,145592,180435,221799,290830,311090,292769,327680,223553,284183,67653,123043,16,13,14709,13975,28295,35918,31573,50245,40951,71757,57086,72725,76167,82323,139618,178487,59065,107114,1882140,870983,252830,124146,750152,54797,10031,582,393
2021-05-11T23:59:59+02:00,67,66,44400,44980,96381,108507,115135,140856,167046,210511,279160,300315,289362,323762,222600,282786,67504,122744,15,12,14273,13408,27272,34483,30431,48430,39635,69474,55364,70444,73063,78724,138254,176646,58904,106752,1823179,858579,243087,121448,741622,46926,8544,577,391
2021-05-10T23:59:59+02:00,66,62,43140,43996,93766,106487,111864,138211,158632,203477,271270,293200,287184,321306,222027,281927,67380,122503,15,11,13928,12962,26506,33495,29631,47167,38626,67615,54132,68711,70968,76159,137109,175130,58785,106462,1787518,849656,237027,120386,734632,39721,7565,567,385
2021-05-09T23:59:59+02:00,65,62,42013,43219,91081,104715,109186,136434,153601,200044,265737,288248,285939,319909,221650,281397,67314,122356,15,11,13610,12738,25804,32822,28900,46358,37826,66649,53201,67763,69730,74750,136511,174288,58730,106331,1768110,845040,229918,119403,728614,34937,6572,557,381
2021-05-08T23:59:59+02:00,64,62,41720,42914,90227,103976,108080,135563,152142,198820,263167,286177,285436,319365,221530,281220,67298,122324,15,11,13509,12673,25667,32728,28753,46226,37635,66452,52859,67442,68764,73823,135438,172919,58683,106238,1755994,840398,229397,118649,728384,34154,6554,550,374
2021-05-07T23:59:59+02:00,63,62,40794,42194,88281,102626,105234,133335,147513,194999,256900,280657,284091,317760,221185,280767,67246,122202,15,11,12762,12189,24833,31985,27980,45160,36769,65185,51672,65921,66508,71124,133201,170088,58594,106061,1730108,830641,226181,116372,724253,27361,5604,545,369
2021-05-06T23:59:59+02:00,59,61,38144,40465,83520,99151,99219,128566,137297,186471,240423,266232,278960,311961,219895,279081,67071,121888,15,11,12076,11670,23888,30880,26976,43805,35403,63179,49928,63933,64008,67986,131090,167316,58480,105844,1664409,819492,216263,113247,713321,18983,4688,530,361
2021-05-05T23:59:59+02:00,57,59,36251,39262,79852,96557,94606,124908,129455,179925,225659,252174,272769,304817,218317,277088,66825,121366,15,10,11838,11391,23337,30150,26366,42875,34474,61775,48766,62509,61388,64864,128144,163606,58382,105593,1598102,807111,211172,109668,707264,15014,3618,526,353
2021-05-04T23:59:59+02:00,57,57,35138,38147,77109,94225,91086,121854,123864,175185,215007,241878,267276,298361,216867,275244,66616,120899,15,10,11672,11183,22921,29605,25896,42092,33740,60673,47648,61224,58653,61664,125771,160666,58233,105357,1548919,795107,206036,107026,701162,11861,2962,515,347
2021-05-03T23:59:59+02:00,56,56,34264,37094,74806,92396,88204,119492,119414,171531,208330,235865,263981,294486,216071,274154,66493,120604,15,10,11424,10910,22522,29014,25408,41387,33048,59702,46619,60077,55849,58312,121988,155763,57975,104918,1517067,779166,202919,105306,696206,9100,1309,508,338
2021-05-02T23:59:59+02:00,56,56,33909,36778,73618,91481,86717,118383,116974,169654,205221,233334,263014,293394,215786,273747,66426,120496,15,9,11349,10832,22327,28797,25173,41097,32699,59293,46160,59596,54654,56844,118912,152079,57891,104786,1506383,774095,200117,99736,692314,8193,435,499,327
2021-05-01T23:59:59+02:00,55,56,33590,36394,72852,90684,85642,117338,115498,168285,202127,230301,262321,292566,215575,273466,66415,120457,15,9,11334,10816,22271,28766,25108,41057,32636,59236,46078,59517,54411,56550,118755,151881,57882,104769,1491243,772770,200105,99694,692044,8145,428,498,325
2021-04-30T23:59:59+02:00,52,54,33044,35790,71640,89455,84172,115602,111712,164705,194713,223185,260328,290194,215126,272857,66355,120348,15,9,11008,10619,21906,28486,24830,40628,32304,58673,45608,58880,53512,55385,117803,150695,57827,104650,1458283,769065,199776,97699,691239,5799,226,494,319
2021-04-29T23:59:59+02:00,50,53,31541,34832,68704,87415,80522,112979,106580,160581,181875,211622,252385,281081,213929,271226,66221,120005,15,9,10697,10403,21425,28034,24398,40127,31713,57928,44803,57944,51671,53182,115950,148450,57726,104453,1403251,760197,192488,95011,685849,3473,201,481,312
2021-04-28T23:59:59+02:00,49,52,30305,34218,66829,86098,78035,111151,103145,157718,172163,202429,241525,268471,212646,269540,66025,119679,15,9,10507,10239,21117,27672,24027,39649,31278,57266,44063,57110,49519,50545,113364,145208,57600,104241,1350497,750538,189124,90443,680475,2247,168,472,295
2021-04-27T23:59:59+02:00,46,51,29544,33529,65242,84620,76015,109335,100372,155314,167414,197684,233006,258650,211501,267924,65905,119457,15,9,10382,10126,20829,27376,23788,39315,30915,56761,43368,56418,47507,47995,110721,141767,57481,104040,1316351,740687,186814,86425,672467,1522,166,459,274
2021-04-26T23:59:59+02:00,45,51,29112,33143,64138,83723,74504,108161,98068,153593,158786,189667,228808,253798,210792,266927,65812,119258,15,9,10286,10036,20608,27184,23548,39096,30613,56413,42749,55840,45696,45841,108825,139280,57385,103885,1287323,732692,185369,83313,665731,1140,159,444,265
2021-04-25T23:59:59+02:00,45,50,28859,32903,63351,83190,73431,107416,96321,152353,153380,184784,224469,248908,210201,266146,65746,119136,15,9,10230,10000,20526,27099,23457,39009,30503,56285,42584,55680,45282,45343,108144,138372,57357,103815,1274471,731003,179223,81539,657037,1008,156,436,264
2021-04-24T23:59:59+02:00,45,49,28512,32474,62406,81963,72243,105958,94761,150686,148465,179626,221681,245566,209732,265472,65712,119086,15,9,10215,9980,20483,27053,23400,38940,30421,56198,42433,55545,45038,45031,107894,138076,57336,103787,1249542,729896,179190,80836,655742,964,155,432,262
2021-04-23T23:59:59+02:00,45,49,27761,31849,60827,80439,70435,103931,92153,148028,143660,175223,217114,240002,209078,264484,65649,118971,15,9,10162,9915,20372,26966,23262,38787,30183,55986,42065,55213,44422,44271,106829,136788,57179,103510,1224530,726517,178001,78353,647199,912,150,428,259
2021-04-22T23:59:59+02:00,43,49,27141,31246,59286,78996,67956,101701,88008,144526,135598,167716,208078,229000,207041,261856,65450,118574,14,9,10035,9816,20118,26667,22905,38348,29665,55468,41303,54575,43258,42951,104827,134334,56950,103112,1182919,718998,170530,74421,638845,791,150,419,251
2021-04-21T23:59:59+02:00,43,45,26644,30724,57951,77879,66062,100060,84955,141877,128401,160889,194981,213656,204891,258968,65224,118148,14,9,9902,9727,19883,26412,22613,38021,29303,55012,40748,54037,42406,41926,102628,131538,56694,102694,1131319,712399,167641,70314,632461,716,150,414,243
2021-04-20T23:59:59+02:00,41,45,26214,30252,56775,76725,64374,98464,82393,139294,123302,155805,183501,200187,202460,255829,64988,117718,13,9,9797,9633,19661,26221,22315,37745,28889,54590,40203,53505,41584,40990,100401,128540,56355,102160,1088573,704793,164145,67059,625670,634,148,410,232
2021-04-19T23:59:59+02:00,41,44,25846,29890,55797,75906,63083,97285,80255,137363,119762,152402,177730,193342,200750,253598,64803,117389,13,9,9689,9539,19424,25999,22067,37469,28571,54196,39689,52970,40787,40085,97284,124539,55948,101445,1063952,694368,162305,64638,619053,594,147,403,230
2021-04-18T23:59:59+02:00,40,39,25536,29624,55020,75353,61950,96334,78387,135935,116388,149999,172612,187780,199735,252367,64691,117197,13,9,9615,9462,19233,25820,21886,37299,28354,53917,39427,52719,40458,39702,96070,122984,55764,101144,1049900,690469,160630,62707,608477,579,147,398,227
2021-04-17T23:59:59+02:00,39,38,25423,29527,54643,75150,61430,95977,77727,135326,115535,149256,168348,182887,199201,251643,64657,117132,13,9,9570,9403,19091,25631,21697,37069,28126,53641,39164,52451,40153,39376,95303,122056,55699,101060,1038973,686436,160593,62389,604393,566,147,397,226
2021-04-16T23:59:59+02:00,39,38,25045,29276,53648,74534,60134,95089,76091,133989,111380,145103,160693,174096,197539,249439,64549,116924,13,9,9364,9225,18693,25193,21106,36490,27010,52731,37129,50843,36812,36409,92100,118516,55296,100404,1012978,671249,159796,55441,594854,535,145,393,222
2021-04-15T23:59:59+02:00,37,34,24567,28826,52382,73361,58163,93361,72801,131140,105893,139814,152812,165108,192883,243563,64254,116307,13,9,9189,9059,18321,24762,20609,35821,26329,51927,35739,49610,34690,34350,88971,114766,54787,99547,980692,658063,157734,49841,576904,484,143,384,215
2021-04-14T23:59:59+02:00,35,31,24226,28498,51436,72419,56812,91960,70409,128973,101888,136027,143597,154707,185140,233683,63913,115643,13,9,8776,8781,17842,24250,20065,35163,25411,51049,34450,48489,32634,32185,85985,111109,54293,98684,942728,643070,155056,45615,561644,392,142,371,214
2021-04-13T23:59:59+02:00,35,31,23982,28273,50727,71878,55848,91116,68754,127548,98149,132577,131737,141555,178742,225354,63574,115054,13,9,8536,8601,17490,23832,19625,34611,24732,50249,33369,47465,31242,30815,83815,108699,53932,98139,909318,633579,150531,41217,545117,269,141,365,212
2021-04-12T23:59:59+02:00,35,30,23772,28081,50168,71359,54975,90374,67277,126252,95504,130245,124617,133519,175517,221407,63303,114563,13,9,8299,8412,17123,23530,19251,34169,24255,49712,32701,46838,29705,29267,82149,106756,53605,97617,892855,625087,148978,37959,529204,257,139,356,207
2021-04-11T23:59:59+02:00,34,30,23596,27912,49634,70932,54232,89912,66125,125441,93631,128757,119121,127488,171598,216800,63133,114265,13,9,8162,8278,16822,23249,18930,33852,23894,49329,32253,46452,29065,28595,81129,105508,53396,97298,885319,619762,144562,36127,512814,242,133,343,203
2021-04-10T23:59:59+02:00,34,30,23534,27853,49461,70788,54024,89750,65790,125164,93104,128315,117034,124952,170156,214946,63091,114165,13,9,7573,7671,15926,22459,17968,33009,22771,48289,31136,45450,28400,27881,79033,102898,53128,96863,878281,604387,143703,35748,510268,239,124,342,202
2021-04-09T23:59:59+02:00,33,30,23286,27601,48948,70289,53368,89047,64788,124031,91269,126400,108199,113997,166772,210536,62891,113807,12,9,6611,6767,14390,21133,16243,31448,20628,46317,28914,43436,26615,26046,75519,98702,52583,96023,858771,576841,136641,34227,499948,227,112,336,200
2021-04-08T23:59:59+02:00,33,30,22986,27353,48363,69794,52604,88347,63470,122942,88836,124226,97869,101977,161222,203683,62561,113240,12,9,5965,6177,13193,20112,14978,30108,18986,44596,26413,41101,23588,23067,70841,92890,51425,94253,840024,545131,127731,32284,481861,201,100,330,198
2021-04-07T23:59:59+02:00,31,29,22669,27120,47549,69320,51665,87716,62070,121944,85668,121766,88645,91660,154207,194893,62267,112682,12,9,5584,5851,12528,19433,14157,29275,17943,43546,24497,39205,21041,20536,66864,88098,50427,92632,819481,521570,122116,29802,460395,176,91,315,192
2021-04-06T23:59:59+02:00,30,29,22455,26960,47011,68930,51074,87186,61033,121164,83551,120016,80875,82838,147825,186918,61921,112055,12,9,5386,5692,12172,19069,13801,28837,17407,42976,23636,38388,19908,19504,63690,83987,49503,91239,800140,508138,118894,26835,442940,164,85,301,187
2021-04-05T23:59:59+02:00,30,28,22355,26835,46697,68579,50679,86777,60477,120469,82365,118858,76388,77739,142841,180821,61720,111739,12,9,5247,5551,11911,18813,13507,28521,17087,42598,23187,37927,19444,19033,60793,80422,48806,90170,790661,498765,117138,24040,427711,159,79,291,186
2021-04-04T23:59:59+02:00,30,28,22305,26770,46573,68302,50507,86461,60196,119966,81849,118223,74937,76025,142139,179847,61683,111657,12,9,5241,5542,11892,18796,13495,28503,17067,42582,23088,37854,19037,18711,59351,78568,48598,89858,788094,493953,117027,24035,422502,152,73,285,181
2021-04-03T23:59:59+02:00,30,28,22243,26689,46445,68191,50341,86282,59880,119650,81279,117641,73591,74390,141024,178311,61600,111509,12,9,5230,5533,11879,18776,13473,28483,17033,42535,22982,37779,18901,18560,58996,78001,48509,89711,781719,492154,116983,24035,420547,150,72,284,181
2021-04-02T23:59:59+02:00,30,28,22164,26602,46280,68021,50116,86032,59405,119189,80390,116827,72035,72503,138741,175331,61406,111149,12,9,5209,5495,11829,18732,13417,28399,16943,42385,22709,37300,18544,18197,56656,75111,47695,88607,772570,483651,115199,23391,418610,150,68,280,177
2021-04-01T23:59:59+02:00,27,27,21969,26396,45860,67500,49468,85288,58531,118244,78501,115156,68767,69067,134648,170150,61089,110580,12,9,5062,5351,11553,18465,13191,28161,16621,42076,22202,36856,17710,17442,51783,69052,46002,86126,760893,465476,109097,22015,411412,137,63,275,169
2021-03-31T23:59:59+02:00,26,27,21637,26176,45456,66967,48966,84631,57795,117301,77337,113916,66713,66739,129887,164029,60682,109856,11,9,4983,5298,11452,18339,13024,28005,16380,41806,21603,36338,16571,16535,46548,62618,44615,84131,751091,447032,101913,21067,405281,134,53,272,166
2021-03-30T23:59:59+02:00,26,26,21457,25951,45051,66347,48456,83827,57081,116246,76196,112535,64866,64716,125507,158274,60215,108962,11,9,4916,5211,11345,18211,12828,27813,16048,41481,21027,35791,15732,15729,43779,59196,43501,82329,740885,435126,97682,19699,397332,107,46,261,161
2021-03-29T23:59:59+02:00,25,26,21260,25712,44587,65796,47975,83130,56341,115162,74956,111095,62366,61963,118771,149647,59445,107570,11,9,4816,5139,11237,18092,12670,27645,15799,41157,20563,35322,15078,15185,41171,56198,42393,80499,720318,423864,94258,19009,391415,90,44,257,158
2021-03-28T23:59:59+02:00,25,26,21056,25419,44084,65101,47452,82382,55659,114153,74002,109982,61104,60523,114060,143673,59002,106813,11,9,4759,5078,11091,17940,12410,27345,15606,40910,20395,35088,14836,14937,40093,54777,42041,79957,713752,419523,86944,17681,383983,69,44,253,147
2021-03-27T23:59:59+01:00,25,26,20935,25260,43786,64735,47086,81851,55152,113462,73326,109243,59949,59433,112570,141966,58935,106731,11,9,4744,5066,11064,17919,12391,27314,15244,40479,19995,34650,14541,14726,39607,54090,41569,79140,708466,415459,86238,17028,379928,64,44,250,145
2021-03-26T23:59:59+01:00,25,25,20683,24746,42974,63027,46109,79824,53809,110432,71307,105621,57928,57543,109816,138727,58607,106214,9,9,4723,5033,11042,17867,12319,27221,15165,40368,19651,34055,14069,14071,36520,50236,39508,75880,697039,400880,82915,16808,367627,52,41,243,145
2021-03-25T23:59:59+01:00,25,22,20251,24072,42094,61259,45008,77266,52295,106897,68911,101852,55329,54902,106500,134758,58037,105221,9,9,4677,4977,10951,17763,12195,27076,14975,40150,19370,33745,13588,13575,32670,45175,36502,71322,685578,382469,78709,16211,350580,45,38,238,141
2021-03-24T23:59:59+01:00,25,22,19847,23620,41307,59981,43981,75719,50908,104965,66804,99515,52539,51982,102245,129667,57398,104145,9,9,4621,4909,10857,17620,12027,26873,14744,39862,19003,33323,13128,13126,30093,41957,33376,66466,672737,366855,73828,15113,338277,39,33,234,137
2021-03-23T23:59:59+01:00,25,22,19599,23311,40745,59053,43250,74617,49861,103449,65130,97650,50235,49634,99489,126453,56841,103308,9,9,4560,4837,10757,17491,11877,26687,14498,39546,18586,32933,12623,12615,27654,38840,29673,60523,664540,349166,70484,14523,327821,35,31,232,135
2021-03-22T23:59:59+01:00,25,22,19373,22889,40096,58162,42575,73570,48912,102058,63655,96018,48399,47739,97093,123712,56372,102543,6,8,4503,4791,10669,17372,11745,26510,14337,39306,18345,32631,12307,12241,25809,36468,25669,54032,658191,332759,67678,13966,317514,30,31,230,133
2021-03-21T23:59:59+01:00,25,22,19233,22625,39597,57399,42008,72715,48250,100894,62706,94782,47349,46710,95449,121860,56000,101963,6,8,4487,4782,10632,17324,11695,26422,14276,39217,18263,32530,12186,12104,25379,36019,25315,53472,655550,330549,65643,13552,308564,30,26,228,129
2021-03-20T23:59:59+01:00,25,22,19172,22480,39382,56901,41768,72154,47934,100256,62262,94177,46691,45941,92854,118628,55712,101479,6,8,4478,4773,10622,17311,11666,26405,14233,39182,18182,32454,12031,11943,24738,35247,24550,52389,649066,326838,65192,13364,303747,30,26,226,129
2021-03-19T23:59:59+01:00,24,21,18815,21913,38250,54771,40483,70158,46196,98165,59374,91416,42247,42065,87630,112866,55013,100401,6,8,4457,4758,10589,17261,11601,26292,14141,39008,17945,32154,11675,11660,23057,33181,22865,49816,631290,317461,57975,13000,290709,28,25,222,128
2021-03-18T23:59:59+01:00,24,20,18420,21260,37068,52613,38943,67366,44038,93690,55524,85613,38208,38249,82896,107386,53923,98746,6,8,4437,4729,10522,17158,11522,26136,13994,38818,17735,31953,11440,11477,21810,31657,21149,47215,614326,309369,52236,12385,267586,26,24,217,125
2021-03-17T23:59:59+01:00,23,19,17992,20905,36336,51688,38176,66407,42954,92330,53734,83785,35525,35455,78880,102553,52982,97275,5,8,4414,4701,10458,17058,11447,26001,13880,38628,17539,31763,11203,11252,20555,30236,19558,44809,597617,301842,47832,11670,261725,24,22,214,118
2021-03-16T23:59:59+01:00,22,19,17632,20484,35583,50615,37358,65205,41853,90649,51891,81797,33314,33435,74839,97586,52099,95961,5,6,4363,4649,10386,16928,11356,25848,13780,38387,17404,31518,11022,11067,19272,28709,18076,42481,584308,294025,43139,11235,253049,23,18,211,116
2021-03-15T23:59:59+01:00,22,19,17351,20117,34867,49627,36563,64011,40944,89168,50627,80191,31585,31594,71543,93487,51405,94829,5,6,4341,4614,10318,16805,11288,25645,13661,38098,17255,31244,10853,10906,18541,27742,16808,40618,573142,288181,39807,10585,245166,23,6,204,111
2021-03-14T23:59:59+01:00,22,18,17079,19689,34010,48420,35659,62691,39879,87340,49370,78460,30415,30348,69544,90922,50961,94151,5,6,4316,4595,10273,16727,11231,25503,13600,37876,17162,31079,10779,10819,18362,27461,16546,40056,566004,286975,37927,9452,235213,14,3,199,110
2021-03-13T23:59:59+01:00,22,18,16259,18624,32509,46372,34077,60547,37834,84256,47227,75896,29059,28988,67524,88295,50693,93761,5,6,4316,4594,10271,16721,11226,25494,13591,37868,17154,31069,10745,10785,17612,26571,15499,38598,549629,282707,37643,9451,224833,13,3,199,107
2021-03-12T23:59:59+01:00,21,17,15156,17245,30062,43722,31407,57403,34961,79400,44006,71421,26216,25796,63210,82984,49708,92358,5,5,4303,4559,10251,16659,11206,25441,13544,37750,17065,30937,10465,10558,16717,25315,14426,37069,521527,276872,36330,9437,207370,11,3,194,105
2021-03-11T23:59:59+01:00,20,17,14112,15782,27796,41022,29077,54215,32365,75005,40241,66527,22799,22313,57180,75653,47779,89527,5,5,4261,4517,10169,16540,11092,25214,13425,37439,16900,30629,10161,10342,16089,24469,13756,35790,489393,272848,34735,8004,187416,9,3,185,91
2021-03-10T23:59:59+01:00,20,17,13518,15081,26382,39405,27417,52387,30798,72682,37710,63398,20040,19749,51259,68509,46228,87188,5,5,4224,4473,10070,16372,10970,24959,13276,37018,16700,30253,9916,10151,15347,23695,13095,34763,462921,268088,32687,7257,176294,5,3,181,88
2021-03-09T23:59:59+01:00,19,16,13234,14615,25251,38362,25999,51203,29730,71027,36328,61560,18850,18619,47744,64055,45104,85399,5,5,4199,4447,9985,16204,10866,24699,13121,36700,16522,30016,9789,10046,14681,22855,12596,33987,449288,264362,30141,6419,167789,5,3,178,82
2021-03-08T23:59:59+01:00,18,16,12902,14003,24169,37246,24727,50061,28791,69542,35085,59939,17774,17735,43619,59072,43877,83414,5,5,4184,4411,9923,16006,10763,24435,12986,36340,16390,29750,9705,9962,14184,22247,12280,33542,433809,261155,28131,6024,160152,1,3,174,81
2021-03-07T23:59:59+01:00,18,16,12668,13708,23572,36389,24025,49181,28187,68670,34469,59177,17509,17478,42551,57618,43511,82855,5,5,4171,4396,9900,15963,10735,24359,12954,36170,16333,29636,9683,9933,13985,21991,12145,33336,429027,260084,26313,5678,156368,0,3,165,80
2021-03-06T23:59:59+01:00,17,16,12553,13417,23168,35648,23488,48387,27133,67135,33365,57411,17121,17147,41904,56727,43211,82387,5,5,4168,4382,9888,15936,10717,24325,12944,36129,16315,29605,9665,9892,13938,21953,12042,33125,424942,259704,26249,5394,149146,0,3,164,78
2021-03-05T23:59:59+01:00,17,16,12138,12814,22484,34441,22800,47157,26376,65498,32126,54992,16471,16311,38441,52425,41058,78946,5,5,4141,4333,9818,15833,10666,24177,12876,35933,16228,29396,9570,9821,13753,21742,11670,32511,409745,258001,24795,4546,140067,0,1,164,74
2021-03-04T23:59:59+01:00,15,16,11378,11799,21294,32711,21583,45106,25017,62843,30429,52632,15740,15590,34435,47256,37979,74258,5,5,4091,4240,9703,15537,10563,23819,12742,35398,16082,28991,9389,9664,13593,21532,11586,32365,391282,254928,22711,4448,126181,0,1,163,69
2021-03-03T23:59:59+01:00,14,16,11066,11299,20606,31492,20804,43742,24101,61090,29383,50987,15261,15084,31817,43930,34888,69486,5,5,4049,4175,9622,15363,10482,23563,12633,34975,15901,28642,9203,9536,13466,21312,11441,32089,375804,252256,21912,4280,117440,0,1,159,63
2021-03-02T23:59:59+01:00,14,16,10804,10869,19955,30515,20088,42720,23313,59695,28406,49709,14630,14431,29139,40561,30991,63264,5,5,4001,4102,9559,15196,10412,23294,12525,34541,15797,28332,9076,9433,13326,21120,11364,31944,357568,249831,20398,4274,111242,0,0,156,63
2021-03-01T23:59:59+01:00,12,15,10631,10608,19440,29707,19524,41835,22720,58624,27691,48584,14206,13977,27064,37977,26720,56357,5,5,3985,4052,9503,15038,10343,22993,12441,34163,15687,28008,8991,9371,13143,20850,11248,31760,340299,247383,19281,4274,106198,0,0,153,63
2021-02-28T23:59:59+01:00,12,15,10460,10405,18970,29052,18984,41093,22238,57766,27199,47787,13994,13731,26457,37315,26314,55754,5,5,3968,4037,9477,15005,10324,22941,12423,34093,15659,27960,8964,9347,13010,20670,11184,31610,337822,246520,18416,4236,101392,0,0,152,60
2021-02-27T23:59:59+01:00,12,15,10281,9890,18641,28187,18725,40304,21954,56781,26872,46998,13721,13430,25787,36514,25390,54336,5,5,3954,4025,9455,14984,10291,22894,12384,34010,15612,27886,8943,9330,12989,20645,11162,31590,333910,246155,17694,4085,96314,0,0,152,58
2021-02-26T23:59:59+01:00,11,14,9484,9106,17738,26750,17943,38097,21021,53930,25411,44174,13254,13028,24194,34523,23861,52029,5,5,3873,3956,9375,14824,10216,22638,12304,33644,15495,27593,8863,9249,12922,20576,11122,31520,324771,244246,17439,4011,82433,0,0,149,56
2021-02-25T23:59:59+01:00,11,14,8328,8254,16415,25138,16672,35842,19782,51042,23699,41390,12776,12627,22915,32932,22362,49746,5,5,3749,3810,9209,14505,9992,22031,12047,32780,15163,26935,8666,9097,12659,20251,10982,31252,317139,240082,16663,3134,66210,0,0,145,53
2021-02-24T23:59:59+01:00,10,13,7962,7730,15763,24104,16046,34603,19067,49527,22907,40192,12380,12290,21608,31436,20687,47119,4,5,3676,3740,9065,14210,9813,21572,11840,32148,14900,26396,8523,8956,12515,20078,10917,31040,308900,237289,15697,2186,58910,0,0,145,52
2021-02-23T23:59:59+01:00,10,13,7479,7252,14948,22924,15358,33384,18344,48117,22184,39117,12063,11962,20266,29862,19073,44563,4,5,3634,3663,8944,14006,9672,21173,11652,31566,14596,25891,8352,8811,12386,19866,10845,30802,300758,234425,14895,1520,51324,0,0,144,51
2021-02-22T23:59:59+01:00,9,11,7372,7046,14565,22306,15004,32656,17877,47108,21689,38383,11859,11712,19517,28849,17753,42609,4,5,3604,3561,8806,13715,9509,20670,11397,30818,14225,25289,8102,8614,12184,19611,10739,30491,294871,231094,14287,326,47222,0,0,140,49
2021-02-21T23:59:59+01:00,9,11,7280,6920,14237,21859,14585,32072,17460,46456,21248,37889,11751,11608,19355,28635,17505,42276,4,5,3564,3521,8720,13589,9428,20451,11324,30524,14102,25016,8042,8553,12126,19500,10668,30327,293718,229231,13917,308,43577,0,0,135,48
2021-02-20T23:59:59+01:00,9,11,7163,6870,14110,21779,14467,31934,17339,46302,21086,37706,11651,11522,18571,27717,16446,40805,4,5,3562,3514,8709,13581,9418,20430,11309,30499,14087,25005,8037,8544,12061,19436,10614,30258,289451,228842,13720,307,42374,0,0,131,47
2021-02-19T23:59:59+01:00,7,10,6861,6617,13755,21339,14093,31263,16864,45506,20380,36833,11044,11119,17521,26386,15289,39196,4,5,3482,3489,8633,13550,9375,20371,11271,30406,14027,24910,7995,8484,11842,19164,10421,29928,283053,227129,13343,305,37742,0,0,128,46
2021-02-18T23:59:59+01:00,7,10,6462,6143,13127,20193,13452,29889,16048,43637,19502,35253,10810,10898,16928,25632,14711,38309,4,5,3294,3351,8298,13011,9080,19618,10920,29361,13657,24078,7787,8172,11253,18208,9923,28770,279456,218566,12763,302,28849,0,0,120,44
2021-02-17T23:59:59+01:00,7,9,6296,5800,12681,19314,12959,28699,15346,41915,18851,33927,10576,10641,16172,24817,13935,37124,3,5,3044,3190,7956,12493,8779,18826,10550,28312,13269,23225,7552,7934,10695,17354,9485,27954,274782,210403,12029,297,22315,0,0,114,43
2021-02-16T23:59:59+01:00,7,9,5970,5498,12144,18480,12455,27625,14800,40539,18256,32893,10419,10535,15502,23988,13427,36340,3,5,2862,3070,7651,12037,8473,18100,10153,27218,12804,22324,7277,7635,9973,16174,8752,26397,271250,200845,11532,141,16167,0,0,107,38
2021-02-15T23:59:59+01:00,7,9,5862,5314,11847,17835,12188,26842,14449,39545,17905,32121,10289,10422,14943,23335,13066,35802,3,5,2773,2990,7455,11711,8254,17591,9849,26368,12449,21640,6996,7348,9271,15114,8237,25114,268136,193154,10929,95,12781,0,0,101,34
2021-02-14T23:59:59+01:00,7,9,5594,5196,11599,17563,11963,26407,14217,39098,17714,31844,10242,10371,14708,22994,12902,35409,3,5,2722,2952,7338,11542,8124,17383,9672,26034,12271,21337,6898,7221,9047,14731,8050,24577,267129,189900,9990,92,10782,0,0,100,29
2021-02-13T23:59:59+01:00,7,9,5534,5158,11548,17525,11932,26375,14188,39065,17694,31824,10228,10342,14681,22962,12888,35391,3,5,2718,2949,7332,11533,8112,17361,9655,25999,12244,21293,6867,7185,8892,14517,7697,23945,266879,188384,9987,9,10550,0,0,99,27
2021-02-12T23:59:59+01:00,7,8,5017,4841,10979,17161,11615,25823,13868,38424,17363,31184,10117,10234,14497,22749,12807,35281,3,5,2667,2916,7236,11374,8011,17129,9507,25607,12031,20846,6684,6949,8528,13953,7103,22599,265184,183228,9974,7,6882,0,0,97,26
2021-02-11T23:59:59+01:00,7,8,4556,4538,10390,16477,11202,25015,13386,37162,16874,30323,9801,9971,14216,22300,12526,34594,3,5,2498,2641,6635,10178,7319,15393,8644,22987,10971,18759,6028,6231,7476,12334,6285,20281,261943,164750,8331,3,3138,0,0,92,18
2021-02-10T23:59:59+01:00,7,8,4307,4371,10056,16027,10890,24477,13073,36276,16460,29573,9582,9832,14033,22095,12433,34384,3,5,2135,2348,5697,8708,6505,13342,7656,20076,9839,16711,5484,5641,6487,10668,5508,18218,259282,145115,7829,2,841,0,0,85,5
2021-02-09T23:59:59+01:00,7,8,4244,4271,9932,15757,10781,24068,12898,35658,16245,29100,9403,9691,13837,21881,12290,34159,3,5,1740,1996,4912,7436,5730,11540,6736,17553,8752,14712,4905,5010,5435,9098,4773,16095,256818,126508,7047,1,434,0,0,83,2
2021-02-08T23:59:59+01:00,7,8,4210,4217,9836,15546,10668,23706,12775,35198,16099,28741,9308,9624,13634,21596,12183,33962,3,5,1575,1799,4348,6439,5063,9959,5919,15023,7734,12849,4351,4478,4457,7501,4010,14005,254425,109588,6533,1,428,0,0,80,2
2021-02-07T23:59:59+01:00,7,8,4045,4150,9679,15411,10566,23541,12694,34936,15985,28546,9267,9577,13490,21416,12108,33818,3,5,1361,1552,3925,5766,4643,9077,5490,13853,7244,11885,4097,4217,4225,7105,3849,13405,253328,101770,5987,1,0,0,0,75,1
2021-02-06T23:59:59+01:00,7,8,4035,4141,9668,15395,10553,23506,12672,34886,15966,28490,9248,9564,13472,21381,12002,33621,3,5,1208,1357,3692,5460,4457,8651,5271,13268,6964,11326,3961,4082,4098,6955,3569,12948,252984,97340,5702,1,0,0,0,75,0
2021-02-05T23:59:59+01:00,7,7,3962,4072,9595,15252,10486,23255,12587,34518,15852,28206,9164,9489,13401,21306,11652,33026,3,4,1067,1126,3410,5013,4198,8067,4956,12489,6580,10598,3704,3836,3937,6723,3058,12056,251099,90886,4809,0,0,0,0,73,0
2021-02-04T23:59:59+01:00,7,7,3904,3947,9473,14933,10307,22706,12399,33721,15638,27642,9041,9377,13175,21011,11538,32819,3,2,804,791,2583,3757,3263,6317,4001,9938,5255,8376,3027,3122,3317,5735,2669,10559,247134,73565,4581,0,0,0,0,72,0
2021-02-03T23:59:59+01:00,7,7,3834,3874,9369,14710,10204,22369,12266,33212,15490,27226,8931,9262,13034,20834,11462,32654,3,2,667,622,1952,2833,2522,4878,3022,7634,4023,6313,2209,2247,2417,4242,1933,7896,244410,55448,4407,0,0,0,0,70,0
2021-02-02T23:59:59+01:00,7,7,3767,3778,9269,14514,10105,21990,12125,32648,15286,26774,8803,9144,12911,20627,11379,32389,2,2,531,491,1481,2097,1930,3669,2274,5807,3005,4724,1568,1548,1653,2797,1347,5253,241192,40201,4403,0,0,0,0,68,0
2021-02-01T23:59:59+01:00,6,7,3727,3686,9190,14283,9998,21603,11987,32011,15101,26269,8681,8994,12801,20483,11331,32210,1,0,394,357,1034,1448,1273,2449,1485,3805,1871,2998,998,986,980,1709,772,3038,238040,25610,4402,0,0,0,0,64,0
2021-01-31T23:59:59+01:00,6,7,3706,3650,9135,14173,9926,21396,11919,31712,14998,26073,8625,8935,12749,20370,11286,32080,1,0,363,336,909,1257,1083,2072,1283,3250,1636,2627,899,895,878,1525,701,2730,236535,22455,4285,0,0,0,0,62,0
2021-01-30T23:59:59+01:00,6,7,3705,3647,9124,14159,9911,21372,11906,31692,14986,26059,8621,8930,12680,20301,11219,32002,1,0,347,311,848,1173,1025,1948,1219,3060,1561,2491,870,869,859,1485,686,2677,236210,21439,4191,0,0,0,0,62,0
2021-01-29T23:59:59+01:00,6,7,3644,3630,9063,14129,9882,21320,11874,31616,14937,25992,8597,8907,12494,20076,11037,31758,1,0,280,227,724,998,880,1585,1064,2671,1349,2164,779,777,811,1431,668,2624,234981,19040,4062,0,0,0,0,61,0
2021-01-28T23:59:59+01:00,6,6,3526,3543,8857,13742,9660,20804,11641,31029,14605,25492,8460,8801,12060,19457,10680,31179,1,0,133,60,306,371,386,625,470,1164,616,973,412,430,477,827,384,1592,230184,9230,3441,0,0,0,0,58,0
2021-01-27T23:59:59+01:00,6,6,3295,3405,8563,13321,9360,20176,11252,30193,14217,24751,8241,8586,11510,18649,10255,30415,1,0,82,35,213,231,251,428,312,810,439,672,313,314,354,617,289,1168,223461,6531,2816,0,0,0,0,53,0
2021-01-26T23:59:59+01:00,5,6,3130,3307,8279,12978,9096,19604,10946,29433,13818,24117,8000,8360,10932,17731,9605,29261,1,0,76,31,198,221,235,393,296,756,408,610,298,288,326,553,262,1038,216718,5992,1972,0,0,0,0,46,0
2021-01-25T23:59:59+01:00,5,6,3042,3213,7995,12495,8804,18897,10558,28429,13338,23350,7716,8157,10315,16913,9149,28361,1,0,68,23,174,198,201,334,256,635,355,505,260,243,272,475,213,851,210404,5066,423,0,0,0,0,41,0
2021-01-24T23:59:59+01:00,5,6,2998,3192,7908,12415,8729,18769,10449,28269,13207,23167,7672,8118,10247,16799,9101,28266,1,0,67,22,169,193,198,320,253,613,346,491,251,239,270,468,209,836,209089,4948,318,0,0,0,0,34,0
2021-01-23T23:59:59+01:00,5,6,2997,3191,7906,12411,8724,18758,10446,28255,13201,23162,7664,8114,10122,16633,8772,27679,1,0,66,21,169,192,198,318,251,612,344,491,251,239,270,468,209,834,207824,4936,314,0,0,0,0,31,0
2021-01-22T23:59:59+01:00,5,6,2934,3145,7781,12295,8640,18615,10336,28081,13119,23047,7633,8077,9923,16329,8254,26654,1,0,66,20,168,191,197,317,251,611,342,491,251,239,270,468,209,834,204659,4928,312,0,0,0,0,26,0
2021-01-21T23:59:59+01:00,5,6,2848,2973,7281,11380,8156,17466,9798,26453,12512,21831,7346,7752,9290,15391,7740,25610,1,0,60,18,150,177,179,283,225,536,305,449,227,212,237,384,176,695,193624,4316,311,0,0,0,0,19,0
2021-01-20T23:59:59+01:00,5,6,2488,2628,6398,9969,7404,15503,8845,23624,11402,19755,6744,7100,8191,13622,6926,23389,1,0,58,18,148,172,176,281,216,522,292,427,214,205,231,359,162,657,173780,4141,307,0,0,0,0,16,0
2021-01-19T23:59:59+01:00,5,6,2049,2273,5496,8580,6541,13607,7824,20838,10130,17517,5989,6218,6811,11436,5905,20356,0,0,41,12,98,127,119,171,150,358,192,298,137,117,144,242,114,491,151434,2812,225,0,0,0,0,14,0
2021-01-18T23:59:59+01:00,4,6,1776,1984,4739,7193,5584,11372,6625,17239,8702,14797,5099,5338,5427,9185,4836,16875,0,0,22,7,39,48,54,79,66,164,76,148,63,56,69,135,62,223,126753,1312,99,0,0,0,0,14,0
2021-01-17T23:59:59+01:00,3,6,1501,1697,4222,6398,5074,10238,6087,15673,8062,13533,4762,4991,5052,8512,4509,15874,0,0,8,2,9,15,16,29,20,50,29,58,25,23,20,31,13,47,116167,395,91,0,0,0,0,13,0
2021-01-16T23:59:59+01:00,3,6,1335,1494,4005,6076,4894,9797,5828,15010,7732,12838,4570,4762,4837,8234,4155,15271,0,0,0,0,0,1,1,2,1,1,1,2,0,1,1,0,0,1,110897,12,10,0,0,0,0,13,0
2021-01-15T23:59:59+01:00,3,6,1185,1267,3749,5652,4637,9228,5537,14169,7325,12037,4279,4466,4647,7925,3618,14225,0,0,0,0,0,0,0,0,0,0,0,0,0,0,0,0,0,0,104005,0,5,0,0,0,0,13,0
2021-01-14T23:59:59+01:00,3,4,912,952,3001,4461,3769,7408,4592,11422,5927,9687,3477,3593,3902,6692,3134,12417,0,0,0,0,0,0,0,0,0,0,0,0,0,0,0,0,0,0,85393,0,0,0,0,0,0,13,0
2021-01-13T23:59:59+01:00,3,3,776,797,2528,3721,3181,6180,3817,9471,4832,7800,2605,2677,2942,5101,2399,9492,0,0,0,0,0,0,0,0,0,0,0,0,0,0,0,0,0,0,68356,0,0,0,0,0,0,12,0
2021-01-12T23:59:59+01:00,2,3,643,665,2116,3050,2621,5025,3056,7623,3812,6129,1875,1855,2015,3462,1700,6488,0,0,0,0,0,0,0,0,0,0,0,0,0,0,0,0,0,0,52176,0,0,0,0,0,0,0,0
2021-01-11T23:59:59+01:00,1,1,498,529,1762,2472,2099,4016,2368,5796,2835,4448,1209,1146,1208,2042,938,3695,0,0,0,0,0,0,0,0,0,0,0,0,0,0,0,0,0,0,37088,0,0,0,0,0,0,0,0
2021-01-10T23:59:59+01:00,1,1,440,460,1497,2043,1756,3288,1958,4810,2355,3728,1068,1020,1064,1794,837,3242,0,0,0,0,0,0,0,0,0,0,0,0,0,0,0,0,0,0,31378,0,0,0,0,0,0,0,0
